{"gold_per_floor":[119,131,6,29,39,39,72,127,209,237,237,257,285,300,300,396,396,410,422,50,69,85,116,96,109,109,109,109,109,7,23,23,123,173,187,198,244,254,6,6,24,24,93,42,52,52,52,69,69,69,69,69,18,46,46],"floor_reached":55,"playtime":17519,"items_purged":["Unload"],"score":868,"play_id":"c87d974f-4496-43bf-9133-6acca6e573e2","local_time":"20190418091717","is_ascension_mode":true,"campfire_choices":[{"data":"Noxious Fumes","floor":6.0,"key":"SMITH"},{"floor":11.0,"key":"REST"},{"floor":15.0,"key":"RECALL"},{"floor":27.0,"key":"REST"},{"floor":32.0,"key":"REST"},{"floor":40.0,"key":"REST"},{"data":"Catalyst","floor":46.0,"key":"SMITH"},{"floor":49.0,"key":"REST"},{"data":"Secret Technique","floor":52.0,"key":"SMITH"}],"neow_cost":"NONE","seed_source_timestamp":0,"circlet_count":0,"master_deck":["Survivor","Neutralize","Prepared","Poisoned Stab","Bane","Deadly Poison","Poisoned Stab","Cloak And Dagger","Noxious Fumes+1","Deadly Poison","Prepared","Deflect","Acrobatics","Cloak And Dagger","Crippling Poison","Noxious Fumes","Acrobatics","Envenom","Deadly Poison","Leg Sweep","Blade Dance","Venomology","Footwork","Catalyst+1","Terror","Dagger Spray","Calculated Gamble+1","Sucker Punch","Backflip","Bane+1","Noxious Fumes","Cloak And Dagger","Slice","Acrobatics","Secret Technique+1","PiercingWail+1","Well Laid Plans","Reflex","Blur","Backflip","Calculated Gamble","Tactician+1","Deadly Poison","Leg Sweep+1","Tactician+1","Envenom","Slice","Distraction+1","Setup+1","Deflect","Tactician","Setup+1","Outmaneuver+1","Backflip+1","Cloak And Dagger+1","Slice+1","Sadistic Nature","Deflect","Slice","Cloak And Dagger+1","Blur+1","Acrobatics","PiercingWail+1"],"special_seed":0,"relics":["Ring of the Snake","Tough Bandages","Prayer Wheel","Sundial","FossilizedHelix","PreservedInsect","Pandora\u0027s Box","Question Card","Dodecahedron","Tiny House","The Specimen","Kunai","Letter Opener","Bronze Scales"],"potions_floor_usage":[55],"damage_taken":[{"damage":1.0,"enemies":"Cultist","floor":1.0,"turns":4.0},{"damage":2.0,"enemies":"Small Slimes","floor":2.0,"turns":4.0},{"damage":0.0,"enemies":"2 Louse","floor":5.0,"turns":3.0},{"damage":9.0,"enemies":"Lagavulin","floor":7.0,"turns":6.0},{"damage":17.0,"enemies":"Gremlin Nob","floor":8.0,"turns":4.0},{"damage":17.0,"enemies":"Gremlin Nob","floor":10.0,"turns":4.0},{"damage":0.0,"enemies":"Looter","floor":12.0,"turns":3.0},{"damage":1.0,"enemies":"3 Sentries","floor":13.0,"turns":7.0},{"damage":2.0,"enemies":"Blue Slaver","floor":14.0,"turns":3.0},{"damage":4.0,"enemies":"The Guardian","floor":16.0,"turns":7.0},{"damage":10.0,"enemies":"3 Byrds","floor":18.0,"turns":4.0},{"damage":12.0,"enemies":"Chosen","floor":19.0,"turns":5.0},{"damage":6.0,"enemies":"Snake Plant","floor":21.0,"turns":5.0},{"damage":12.0,"enemies":"Centurion and Healer","floor":22.0,"turns":7.0},{"damage":27.0,"enemies":"Slavers","floor":23.0,"turns":5.0},{"damage":0.0,"enemies":"Shelled Parasite and Fungi","floor":25.0,"turns":5.0},{"damage":6.0,"enemies":"3 Cultists","floor":31.0,"turns":7.0},{"damage":39.0,"enemies":"Collector","floor":33.0,"turns":9.0},{"damage":0.0,"enemies":"3 Shapes","floor":35.0,"turns":6.0},{"damage":0.0,"enemies":"3 Darklings","floor":36.0,"turns":4.0},{"damage":0.0,"enemies":"2 Orb Walkers","floor":37.0,"turns":5.0},{"damage":27.0,"enemies":"Spire Growth","floor":38.0,"turns":6.0},{"damage":0.0,"enemies":"4 Shapes","floor":41.0,"turns":6.0},{"damage":7.0,"enemies":"Jaw Worm Horde","floor":45.0,"turns":5.0},{"damage":0.0,"enemies":"Sphere and 2 Shapes","floor":48.0,"turns":4.0},{"damage":63.0,"enemies":"Time Eater","floor":50.0,"turns":8.0},{"damage":13.0,"enemies":"Shield and Spear","floor":54.0,"turns":6.0},{"damage":78,"enemies":"The Heart","floor":55,"turns":8}],"seed_played":"-1173633419849518687","potions_obtained":[{"floor":1.0,"key":"FairyPotion"},{"floor":12.0,"key":"GamblersBrew"},{"floor":13.0,"key":"FairyPotion"},{"floor":14.0,"key":"AttackPotion"},{"floor":16.0,"key":"Poison Potion"},{"floor":22.0,"key":"SteroidPotion"},{"floor":24.0,"key":"FairyPotion"},{"floor":33.0,"key":"GamblersBrew"},{"floor":34.0,"key":"Dexterity Potion"},{"floor":35.0,"key":"Swift Potion"},{"floor":45.0,"key":"SpeedPotion"},{"floor":54.0,"key":"FearPotion"}],"is_trial":false,"path_per_floor":["M","M","$","T","M","R","E","?","T","E","R","M","E","M","R","B",null,"M","M","$","M","M","E","?","M","T","R","?","?","$","M","R","B",null,"M","M","?","M","$","R","M","?","T","$","M","R","?","M","R","B",null,"R","$","E","B"],"character_chosen":"THE_SILENT","items_purchased":["Deadly Poison","Poisoned Stab","Cloak And Dagger","Noxious Fumes","Cloak And Dagger","Slice","Acrobatics","Secret Technique","Deadly Poison","Kunai","Deflect","SkillPotion"],"campfire_rested":5,"item_purchase_floors":[3,3,3,20,20,20,20,20,30,39,44,53],"current_hp_per_floor":[69,67,67,67,67,67,58,41,41,24,45,45,44,42,42,38,70,60,48,48,42,30,3,3,3,3,24,47,47,47,41,62,23,75,75,75,75,48,48,70,70,70,70,70,63,63,63,63,75,12,75,75,75,62,0],"gold":46,"neow_bonus":"THREE_CARDS","is_prod":false,"is_daily":false,"chose_seed":false,"campfire_upgraded":3,"win_rate":0,"timestamp":1555593437,"path_taken":["M","M","?","?","M","R","E","?","T","E","R","M","E","M","R","BOSS","M","M","$","M","M","E","?","?","T","R","?","?","?","M","R","BOSS","M","M","?","M","$","R","M","?","T","$","M","R","?","?","R","BOSS","R","$","E","BOSS"],"build_version":"2019-01-23","purchased_purges":1,"victory":false,"max_hp_per_floor":[70,70,70,70,70,70,70,70,70,70,70,70,70,70,70,70,70,70,70,70,70,70,70,70,70,70,70,70,70,70,70,70,70,75,75,75,75,75,75,75,75,75,75,75,75,75,75,75,75,75,75,75,75,75,75],"card_choices":[{"not_picked":["Dagger Spray","Bane"],"picked":"Prepared","floor":0.0},{"not_picked":["Choke","Quick Slash"],"picked":"Poisoned Stab","floor":1.0},{"not_picked":["Tactician","Flechettes"],"picked":"Bane","floor":2.0},{"not_picked":["Blade Dance","PiercingWail"],"picked":"Noxious Fumes","floor":5.0},{"not_picked":["Deflect","Prepared"],"picked":"Deadly Poison","floor":7.0},{"not_picked":["Dagger Spray","Flying Knee"],"picked":"Prepared","floor":8.0},{"not_picked":["Flying Knee","Poisoned Stab"],"picked":"Deflect","floor":10.0},{"not_picked":["Deflect","Poisoned Stab"],"picked":"Acrobatics","floor":12.0},{"not_picked":["Corpse Explosion","Dash"],"picked":"Cloak And Dagger","floor":12.0},{"not_picked":["Night Terror","Venomology"],"picked":"Crippling Poison","floor":13.0},{"not_picked":["Infinite Blades","Setup"],"picked":"Noxious Fumes","floor":14.0},{"not_picked":["Calculated Gamble","Bane"],"picked":"Acrobatics","floor":14.0},{"not_picked":["Venomology","Wraith Form v2"],"picked":"Envenom","floor":16.0},{"not_picked":["Sucker Punch","PiercingWail"],"picked":"Calculated Gamble+1","floor":18.0},{"not_picked":["Masterful Stab","Dagger Spray"],"picked":"Sucker Punch","floor":18.0},{"not_picked":["Caltrops","Burst"],"picked":"Backflip","floor":19.0},{"not_picked":["Infinite Blades","Acrobatics+1"],"picked":"Bane+1","floor":19.0},{"not_picked":["Underhanded Strike","Sucker Punch+1"],"picked":"PiercingWail+1","floor":21.0},{"not_picked":["Outmaneuver","Poisoned Stab"],"picked":"Well Laid Plans","floor":21.0},{"not_picked":["PiercingWail","Endless Agony"],"picked":"Reflex","floor":22.0},{"not_picked":["Poisoned Stab","Reflex"],"picked":"Blur","floor":22.0},{"not_picked":["PiercingWail+1","Corpse Explosion"],"picked":"Backflip","floor":23.0},{"not_picked":["Blade Dance","PiercingWail","Masterful Stab"],"picked":"Calculated Gamble","floor":25.0},{"not_picked":["Distraction+1","Cloak And Dagger","Flying Knee"],"picked":"Tactician+1","floor":25.0},{"not_picked":["Well Laid Plans","Flying Knee","Quick Slash+1"],"picked":"Leg Sweep+1","floor":31.0},{"not_picked":["Footwork","Outmaneuver","Prepared+1"],"picked":"Tactician","floor":31.0},{"not_picked":["Malaise","Doppelganger","Venomology"],"picked":"Envenom","floor":33.0},{"not_picked":["Underhanded Strike","Blade Dance","Outmaneuver"],"picked":"Slice","floor":34.0},{"not_picked":["Dash+1","Dagger Throw+1","Deflect"],"picked":"Distraction+1","floor":35.0},{"not_picked":["Dodge and Roll","Flying Knee+1","Doppelganger"],"picked":"Setup+1","floor":35.0},{"not_picked":["Sucker Punch","Outmaneuver","Cloak And Dagger+1"],"picked":"Deflect","floor":36.0},{"not_picked":["Noxious Fumes","Bouncing Flask","All Out Attack+1"],"picked":"Tactician","floor":36.0},{"not_picked":["PiercingWail+1","Flechettes+1","Acrobatics"],"picked":"Setup+1","floor":37.0},{"not_picked":["Envenom","PiercingWail","Dagger Spray"],"picked":"Outmaneuver+1","floor":38.0},{"not_picked":["Blade Dance+1","Flying Knee+1","Poisoned Stab"],"picked":"Backflip+1","floor":38.0},{"not_picked":["Poisoned Stab","Bane","Terror"],"picked":"Cloak And Dagger+1","floor":41.0},{"not_picked":["Sucker Punch","Outmaneuver","Blade Dance+1"],"picked":"Slice+1","floor":41.0},{"not_picked":["Flash of Steel","Bandage Up","Swift Strike"],"picked":"Sadistic Nature","floor":42.0},{"not_picked":["Cloak And Dagger","Dagger Spray","Sucker Punch+1"],"picked":"Slice","floor":45.0},{"not_picked":["Dash+1","Dagger Spray+1","Endless Agony"],"picked":"Cloak And Dagger+1","floor":45.0},{"not_picked":["Poisoned Stab+1","Dagger Spray","Noxious Fumes"],"picked":"Blur+1","floor":48.0},{"not_picked":["Choke","Poisoned Stab","Dagger Throw+1"],"picked":"Acrobatics","floor":48.0},{"not_picked":["Dodge and Roll","Predator+1","Reflex+1"],"picked":"PiercingWail+1","floor":54.0}],"player_experience":112873,"relics_obtained":[{"floor":7.0,"key":"Tough Bandages"},{"floor":8.0,"key":"Prayer Wheel"},{"floor":9.0,"key":"Sundial"},{"floor":10.0,"key":"FossilizedHelix"},{"floor":13.0,"key":"PreservedInsect"},{"floor":23.0,"key":"Question Card"},{"floor":26.0,"key":"Dodecahedron"},{"floor":37.0,"key":"The Specimen"},{"floor":43.0,"key":"Letter Opener"},{"floor":54.0,"key":"Bronze Scales"}],"event_choices":[{"damage_healed":0.0,"max_hp_gain":0.0,"max_hp_loss":0.0,"gold_gain":0.0,"event_name":"Dead Adventurer","player_choice":"Searched \u00272\u0027 times","floor":8.0,"gold_loss":0.0,"damage_taken":0.0},{"damage_healed":0.0,"max_hp_gain":0.0,"max_hp_loss":0.0,"gold_gain":0.0,"event_name":"The Woman in Blue","player_choice":"Bought 1 Potion","floor":24.0,"gold_loss":0.0,"damage_taken":0.0},{"damage_healed":23.0,"max_hp_gain":0.0,"max_hp_loss":0.0,"gold_gain":0.0,"event_name":"The Library","player_choice":"Heal","floor":28.0,"gold_loss":0.0,"damage_taken":0.0},{"cards_removed":["Malaise"],"damage_healed":0.0,"max_hp_gain":0.0,"max_hp_loss":0.0,"gold_gain":0.0,"event_name":"Back to Basics","player_choice":"Elegance","floor":29.0,"gold_loss":0.0,"damage_taken":0.0},{"damage_healed":0.0,"max_hp_gain":0.0,"max_hp_loss":0.0,"gold_gain":0.0,"event_name":"Mysterious Sphere","player_choice":"Fight","floor":37.0,"gold_loss":0.0,"damage_taken":0.0},{"damage_healed":0.0,"max_hp_gain":0.0,"max_hp_loss":0.0,"gold_gain":0.0,"event_name":"SensoryStone","player_choice":"Memory 1","floor":42.0,"gold_loss":0.0,"damage_taken":0.0},{"damage_healed":0.0,"max_hp_gain":0.0,"max_hp_loss":0.0,"gold_gain":0.0,"event_name":"SecretPortal","player_choice":"Ignored","floor":47.0,"gold_loss":0.0,"damage_taken":0.0}],"is_beta":false,"boss_relics":[{"not_picked":["Runic Dome","HoveringKite"],"picked":"Pandora\u0027s Box"},{"not_picked":["White Beast Statue","Velvet Choker"],"picked":"Tiny House"}],"items_purged_floors":[30],"is_endless":false,"potions_floor_spawned":[1,12,13,14,16,21,22,33,35,36,45,54],"killed_by":"The Heart","ascension_level":1}