{"path_per_floor":["M","M","?","$","?","R","E","R","T","E","R","M","M","E","R","B",null,"M","?","M","$","?","R","E","R","T","M","R","M","?","$","R","B",null,"M","?","M","M","M","R"],"character_chosen":"THE_SILENT","items_purchased":["Well Laid Plans","Footwork","Noxious Fumes","Energy Potion"],"gold_per_floor":[109,119,119,39,39,39,67,67,67,92,92,109,122,149,149,250,250,269,269,286,134,134,134,160,160,185,204,204,218,143,16,16,117,117,129,129,145,164,178,178,178],"floor_reached":41,"campfire_rested":6,"playtime":2850,"current_hp_per_floor":[63,62,62,62,62,62,41,41,41,22,43,42,38,10,31,29,60,53,53,44,44,44,44,7,28,28,8,29,15,15,15,36,31,60,57,57,57,38,18,39,0],"items_purged":["Strike_G"],"gold":178,"score":601,"play_id":"d9c682a9-c2e4-4cc7-a5a1-beca999ec92f","local_time":"20180324210836","is_prod":false,"is_daily":false,"is_ascension_mode":true,"campfire_upgraded":3,"timestamp":1521922116,"path_taken":["M","M","?","?","?","R","E","R","T","E","R","M","?","E","R","BOSS","M","?","M","$","?","R","E","R","T","M","R","M","?","?","R","BOSS","M","?","M","M","M","R","E"],"build_version":"2018-03-22v2","purchased_purges":1,"victory":false,"master_deck":["Defend_G","Defend_G","Defend_G","Defend_G+1","Strike_G","Strike_G","Strike_G","Survivor","Neutralize+1","Escape Plan","Well Laid Plans","Caltrops+1","Cloak And Dagger","Infinite Blades","Flying Knee","Blur","All Out Attack","Envenom+1","Cloak And Dagger+1","Catalyst","Footwork+1","Dodge and Roll","Noxious Fumes","Backflip","Burst","Quick Slash+1","Footwork+1","Prepared+1","Terror+1"],"max_hp_per_floor":[70,70,70,70,70,70,70,70,70,70,70,70,70,70,70,70,70,70,70,70,70,70,70,70,70,70,70,70,70,70,70,70,70,70,70,70,70,70,70,70,70],"relics":["Ring of the Snake","Art of War","Pen Nib","Bronze Scales","Dream Catcher","The Specimen","Unceasing Top","Oddly Smooth Stone","Cursed Key"],"card_choices":[{"not_picked":["Deadly Poison","Acrobatics"],"picked":"Escape Plan","floor":1.0},{"not_picked":["Acrobatics","All Out Attack"],"picked":"Cloak And Dagger","floor":11.0},{"not_picked":["Sucker Punch","Poisoned Stab"],"picked":"Infinite Blades","floor":12.0},{"not_picked":["Dodge and Roll","Malaise"],"picked":"Flying Knee","floor":13.0},{"not_picked":["Crippling Poison","Glass Knife"],"picked":"Blur","floor":14.0},{"not_picked":["Deflect","Skewer"],"picked":"All Out Attack","floor":15.0},{"not_picked":["Bullet Time","Tools of the Trade"],"picked":"Envenom","floor":16.0},{"not_picked":["Backstab","Dagger Spray"],"picked":"Cloak And Dagger","floor":18.0},{"not_picked":["Bane","Setup"],"picked":"Dodge and Roll","floor":25.0},{"not_picked":["Dagger Spray","Poisoned Stab"],"picked":"Backflip","floor":32.0},{"not_picked":["Tools of the Trade","Night Terror"],"picked":"Burst","floor":33.0},{"not_picked":["Deadly Poison","Heel Hook"],"picked":"Quick Slash","floor":35},{"not_picked":["Quick Slash","Setup"],"picked":"Prepared","floor":38},{"not_picked":["Underhanded Strike","Infinite Blades"],"picked":"Terror","floor":39}],"player_experience":218778,"potions_floor_usage":[39,41,41,41],"damage_taken":[{"damage":0.0,"enemies":"Cultist","floor":1.0,"turns":5.0},{"damage":1.0,"enemies":"2 Louse","floor":2.0,"turns":3.0},{"damage":21.0,"enemies":"Gremlin Nob","floor":7.0,"turns":4.0},{"damage":19.0,"enemies":"Lagavulin","floor":10.0,"turns":9.0},{"damage":1.0,"enemies":"Small Slimes","floor":12.0,"turns":3.0},{"damage":4.0,"enemies":"Exordium Thugs","floor":13.0,"turns":4.0},{"damage":28.0,"enemies":"Gremlin Nob","floor":14.0,"turns":5.0},{"damage":2.0,"enemies":"Hexaghost","floor":16.0,"turns":9.0},{"damage":7.0,"enemies":"3 Byrds","floor":18.0,"turns":3.0},{"damage":9.0,"enemies":"Shell Parasite","floor":20.0,"turns":5.0},{"damage":37.0,"enemies":"Book of Stabbing","floor":24.0,"turns":5.0},{"damage":20.0,"enemies":"Snecko","floor":27.0,"turns":7.0},{"damage":14.0,"enemies":"Centurion and Healer","floor":29.0,"turns":7.0},{"damage":5.0,"enemies":"Champ","floor":33.0,"turns":11.0},{"damage":3,"enemies":"3 Darklings","floor":35,"turns":7},{"damage":0,"enemies":"Orb Walker","floor":37,"turns":4},{"damage":19,"enemies":"Maw","floor":38,"turns":8},{"damage":20,"enemies":"4 Shapes","floor":39,"turns":5},{"damage":45,"enemies":"2 Orb Walkers","floor":41,"turns":5}],"event_choices":[{"event_name":"Accursed Blacksmith","player_choice":"Forge","floor":3.0,"damage_taken":0.0},{"event_name":"Transmorgrifier","player_choice":"Transform","floor":5.0,"damage_taken":0.0},{"event_name":"The Library","player_choice":"Read","floor":19.0,"damage_taken":0.0},{"event_name":"Upgrade Shrine","player_choice":"Upgraded","floor":22.0,"damage_taken":0.0},{"event_name":"Beggar","player_choice":"Gave Gold","floor":30.0,"damage_taken":0.0},{"event_name":"Duplicator","player_choice":"One dupe","floor":36,"damage_taken":0}],"boss_relics":[{"not_picked":["Runic Pyramid","Runic Dome"],"picked":"Cursed Key"}],"potions_floor_spawned":[1,2,16,18,24,29,33,35,39],"seed_played":"-2679545204511529966","killed_by":"2 Orb Walkers","ascension_level":8,"is_trial":false}