{"gold_per_floor":[110,110,110,158,176,220,550,581,604,604,617,655,605,605,605,695,695,718,718,732,732,782,802,852,865,865,1115,1115,1148,1148,698,698,698],"floor_reached":33,"playtime":1131,"items_purged":["Strike_R"],"score":527,"play_id":"e846035e-e994-42e9-bff7-c5123b698a66","local_time":"20190322054558","is_ascension_mode":true,"campfire_choices":[{"data":"Bash","floor":10,"key":"SMITH"},{"data":"Pommel Strike","floor":15,"key":"SMITH"},{"data":"Flex","floor":28,"key":"SMITH"},{"data":"True Grit","floor":30,"key":"SMITH"},{"data":"Feel No Pain","floor":32,"key":"SMITH"}],"neow_cost":"NONE","seed_source_timestamp":698368254948724,"circlet_count":0,"master_deck":["AscendersBane","Strike_R","Strike_R","Strike_R","Strike_R+1","Defend_R","Defend_R","Defend_R","Bash+1","Infernal Blade+1","Pommel Strike+1","Feel No Pain+1","Shrug It Off","Disarm","Carnage","Searing Blow","Flex+1","Shockwave","Headbutt","RitualDagger","True Grit+1","Jack Of All Trades","Evolve","Wild Strike"],"relics":["Burning Blood","NeowsBlessing","Bloody Idol","Vajra","Pear","Old Coin","Happy Flower","Potion Belt","Juzu Bracelet","Mark of Pain","SsserpentHead","Bottled Tornado","Smiling Mask"],"potions_floor_usage":[8,12,23,25,33,33,33,33],"damage_taken":[{"damage":0,"enemies":"Small Slimes","floor":1,"turns":2},{"damage":0,"enemies":"Jaw Worm","floor":5,"turns":1},{"damage":0,"enemies":"Gremlin Nob","floor":6,"turns":1},{"damage":26,"enemies":"3 Sentries","floor":8,"turns":7},{"damage":2,"enemies":"2 Louse","floor":11,"turns":3},{"damage":36,"enemies":"Lagavulin","floor":12,"turns":8},{"damage":42,"enemies":"Slime Boss","floor":16,"turns":9},{"damage":16,"enemies":"Shell Parasite","floor":18,"turns":4},{"damage":0,"enemies":"Chosen","floor":20,"turns":3},{"damage":12,"enemies":"Snecko","floor":23,"turns":5},{"damage":10,"enemies":"Centurion and Healer","floor":25,"turns":4},{"damage":45,"enemies":"Slavers","floor":29,"turns":5},{"damage":62,"enemies":"Collector","floor":33,"turns":7}],"seed_played":"-8137476344137547263","potions_obtained":[{"floor":1,"key":"BloodPotion"},{"floor":8,"key":"FearPotion"},{"floor":18,"key":"SteroidPotion"},{"floor":20,"key":"GamblersBrew"},{"floor":29,"key":"SpeedPotion"}],"is_trial":false,"path_per_floor":["M","?","?","T","M","E","?","E","T","R","M","E","?","?","R","B",null,"M","?","M","?","?","M","?","M","T","?","R","E","R","$","R","B"],"character_chosen":"IRONCLAD","items_purchased":["Jack Of All Trades","Evolve","Wild Strike","SteroidPotion","Fire Potion","BloodPotion"],"campfire_rested":0,"item_purchase_floors":[31,31,31,31,31,31],"current_hp_per_floor":[78,78,62,62,68,84,84,73,73,73,77,47,47,47,47,11,70,60,60,66,66,66,65,64,65,65,75,75,41,41,41,41,0],"gold":698,"neow_bonus":"THREE_ENEMY_KILL","is_prod":false,"is_daily":false,"chose_seed":false,"campfire_upgraded":5,"win_rate":0,"timestamp":1553201158,"path_taken":["M","?","?","?","?","E","?","E","T","R","M","E","?","?","R","BOSS","M","?","M","?","?","M","?","M","T","?","R","E","R","$","R","BOSS"],"build_version":"2019-01-23","purchased_purges":1,"victory":false,"max_hp_per_floor":[80,80,80,80,80,90,90,90,90,90,90,90,90,90,90,90,90,90,90,90,90,90,90,90,90,90,90,90,90,90,90,90,90],"card_choices":[{"not_picked":["Disarm","Anger"],"picked":"Infernal Blade","floor":1},{"not_picked":["Sword Boomerang","Ghostly Armor"],"picked":"Pommel Strike","floor":5},{"not_picked":["Pommel Strike","Pummel"],"picked":"Feel No Pain","floor":6},{"not_picked":["Havoc","Juggernaut"],"picked":"Shrug It Off","floor":8},{"not_picked":["Evolve","Rupture"],"picked":"Disarm","floor":11},{"not_picked":["Sentinel","Combust"],"picked":"Carnage","floor":12},{"not_picked":["Dropkick+1","Armaments"],"picked":"Flex","floor":18},{"not_picked":["Clothesline","Havoc"],"picked":"Headbutt","floor":20},{"not_picked":["Rage","Rupture","Headbutt"],"picked":"SKIP","floor":23},{"not_picked":["Power Through","Flex","Twin Strike"],"picked":"SKIP","floor":25},{"not_picked":["Anger","Blood for Blood"],"picked":"True Grit","floor":29}],"player_experience":597599,"relics_obtained":[{"floor":4,"key":"Vajra"},{"floor":6,"key":"Pear"},{"floor":8,"key":"Happy Flower"},{"floor":9,"key":"Potion Belt"},{"floor":12,"key":"Juzu Bracelet"},{"floor":26,"key":"Bottled Tornado"},{"floor":29,"key":"Smiling Mask"}],"event_choices":[{"damage_healed":0,"gold_gain":0,"player_choice":"Take Wound","damage_taken":0,"relics_obtained":["Golden Idol"],"max_hp_gain":0,"max_hp_loss":0,"event_name":"Golden Idol","floor":2,"gold_loss":0,"cards_obtained":["Injury"]},{"damage_healed":0,"gold_gain":0,"player_choice":"Entered Light","damage_taken":16,"max_hp_gain":0,"max_hp_loss":0,"event_name":"Shining Light","floor":3,"gold_loss":0,"cards_upgraded":["Infernal Blade","Strike_R"]},{"damage_healed":0,"gold_gain":30,"player_choice":"Searched \u00273\u0027 times","damage_taken":0,"relics_obtained":["Old Coin"],"max_hp_gain":0,"max_hp_loss":0,"event_name":"Dead Adventurer","floor":7,"gold_loss":0},{"cards_removed":["Injury"],"damage_healed":0,"gold_gain":0,"player_choice":"Card Removal","damage_taken":0,"max_hp_gain":0,"max_hp_loss":0,"event_name":"The Cleric","floor":13,"gold_loss":50},{"damage_healed":0,"gold_gain":0,"cards_transformed":["Defend_R"],"player_choice":"Change","damage_taken":0,"max_hp_gain":0,"max_hp_loss":0,"event_name":"Living Wall","floor":14,"gold_loss":0,"cards_obtained":["Searing Blow"]},{"damage_healed":0,"gold_gain":0,"player_choice":"Read","damage_taken":0,"max_hp_gain":0,"max_hp_loss":0,"event_name":"The Library","floor":19,"gold_loss":0,"cards_obtained":["Shockwave"]},{"damage_healed":0,"gold_gain":0,"player_choice":"Trade","damage_taken":0,"relics_obtained":["SsserpentHead"],"max_hp_gain":0,"max_hp_loss":0,"event_name":"FaceTrader","floor":21,"gold_loss":0},{"damage_healed":0,"gold_gain":0,"player_choice":"Gave Idol","damage_taken":0,"relics_obtained":["Bloody Idol"],"max_hp_gain":0,"max_hp_loss":0,"event_name":"Forgotten Altar","floor":22,"relics_lost":["Golden Idol"],"gold_loss":0},{"damage_healed":0,"gold_gain":0,"player_choice":"Joined the Cult","damage_taken":6,"max_hp_gain":0,"max_hp_loss":0,"event_name":"Nest","floor":24,"gold_loss":0,"cards_obtained":["RitualDagger"]},{"damage_healed":0,"gold_gain":250,"player_choice":"Bet on Owner","damage_taken":0,"max_hp_gain":0,"max_hp_loss":0,"event_name":"The Joust","floor":27,"gold_loss":50}],"is_beta":false,"boss_relics":[{"not_picked":["Ectoplasm","Runic Pyramid"],"picked":"Mark of Pain"}],"items_purged_floors":[31],"is_endless":false,"potions_floor_spawned":[1,8,18,20,29],"killed_by":"Collector","ascension_level":13}