{"gold_per_floor":[117,134,4,21,34,34,44,72,98,131,131,131,155,173,173,272,272,290,82,82,82,82,82,82,82,82,105,123,191,210,210],"floor_reached":31,"playtime":1845,"items_purged":["Strike_B","Strike_B"],"score":507,"play_id":"92e70696-f1b6-42c4-a062-e00f5689d056","local_time":"20190920220920","is_ascension_mode":true,"campfire_choices":[{"data":"Streamline","floor":6.0,"key":"SMITH"},{"data":"Chill","floor":12.0,"key":"SMITH"},{"floor":15.0,"key":"REST"},{"data":"Glacier","floor":23.0,"key":"SMITH"},{"data":"Auto Shields","floor":25.0,"key":"SMITH"}],"neow_cost":"NONE","seed_source_timestamp":686090535383896,"circlet_count":0,"master_deck":["AscendersBane","Strike_B+1","Defend_B+1","Defend_B+1","Defend_B+1","Defend_B+1","Zap","Dualcast","Chaos","BootSequence","Conserve Battery","Cold Snap","Streamline+1","Chill+1","Auto Shields+1","Glacier+1","Injury","FTL","Electrodynamics","Ball Lightning","Go for the Eyes+1","Streamline"],"special_seed":0,"relics":["FrozenCore","Nunchaku","Lantern","Smiling Mask","Golden Idol","Strawberry","Cables","Tiny Chest"],"potions_floor_usage":[],"damage_taken":[{"damage":2.0,"enemies":"Cultist","floor":1.0,"turns":4.0},{"damage":1.0,"enemies":"2 Louse","floor":2.0,"turns":3.0},{"damage":3.0,"enemies":"Small Slimes","floor":4.0,"turns":5.0},{"damage":2.0,"enemies":"Looter","floor":5.0,"turns":3.0},{"damage":0.0,"enemies":"3 Louse","floor":7.0,"turns":3.0},{"damage":29.0,"enemies":"Gremlin Nob","floor":8.0,"turns":6.0},{"damage":2.0,"enemies":"Lagavulin","floor":10.0,"turns":8.0},{"damage":8.0,"enemies":"Exordium Wildlife","floor":13.0,"turns":6.0},{"damage":4.0,"enemies":"Large Slime","floor":14.0,"turns":6.0},{"damage":29.0,"enemies":"The Guardian","floor":16.0,"turns":18.0},{"damage":11.0,"enemies":"Spheric Guardian","floor":18.0,"turns":8.0},{"damage":3.0,"enemies":"Shell Parasite","floor":27.0,"turns":9.0},{"damage":19.0,"enemies":"Chosen and Byrds","floor":28.0,"turns":6.0},{"damage":17,"enemies":"Slavers","floor":29,"turns":7},{"damage":5,"enemies":"Centurion and Healer","floor":30,"turns":10},{"damage":18,"enemies":"Shelled Parasite and Fungi","floor":31,"turns":6}],"seed_played":"2528254361357223912","potions_obtained":[{"floor":2.0,"key":"Swift Potion"},{"floor":5.0,"key":"FocusPotion"},{"floor":10.0,"key":"GamblersBrew"},{"floor":14.0,"key":"AttackPotion"},{"floor":28.0,"key":"LiquidBronze"}],"is_trial":false,"path_per_floor":["M","M","$","M","M","R","M","E","T","E","?","R","M","M","R","B",null,"M","$","?","?","?","R","?","R","T","M","M","E","M","M"],"character_chosen":"DEFECT","items_purchased":["Cold Snap","Strawberry"],"campfire_rested":1,"item_purchase_floors":[3,19],"current_hp_per_floor":[62,61,61,58,56,56,56,27,27,25,25,25,17,13,34,5,55,44,51,51,51,51,51,51,51,51,48,29,12,7,0],"gold":210,"neow_bonus":"TRANSFORM_CARD","is_prod":false,"is_daily":false,"chose_seed":false,"campfire_upgraded":4,"win_rate":0,"timestamp":1569035360,"path_taken":["M","M","?","M","M","R","M","E","T","E","?","R","M","M","R","BOSS","M","$","?","?","?","R","?","R","T","M","M","E","M","?"],"build_version":"2019-07-17","purchased_purges":2,"victory":false,"max_hp_per_floor":[71,71,71,71,71,71,71,71,71,71,71,71,71,71,71,71,71,71,78,78,78,78,78,78,78,78,78,78,78,78,78],"card_choices":[{"not_picked":["Streamline","Fusion"],"picked":"BootSequence","floor":1.0},{"not_picked":["Hologram","Beam Cell"],"picked":"Conserve Battery","floor":2.0},{"not_picked":["Undo","Genetic Algorithm"],"picked":"Streamline","floor":4.0},{"not_picked":["FTL","Barrage"],"picked":"Chill","floor":5.0},{"not_picked":["Heatsinks","Barrage"],"picked":"Auto Shields","floor":7.0},{"not_picked":["Rip and Tear","Force Field"],"picked":"Glacier","floor":8.0},{"not_picked":["Hologram","Reinforced Body","Chaos"],"picked":"SKIP","floor":10.0},{"not_picked":["Chaos","Doom and Gloom","Beam Cell"],"picked":"SKIP","floor":13.0},{"not_picked":["Steam","Reinforced Body"],"picked":"FTL","floor":14.0},{"not_picked":["Meteor Strike","Multi-Cast"],"picked":"Electrodynamics","floor":16.0},{"not_picked":["Barrage+1","Compile Driver"],"picked":"Ball Lightning","floor":18.0},{"not_picked":["Ball Lightning","Beam Cell","Double Energy"],"picked":"SKIP","floor":27.0},{"not_picked":["Compile Driver","Beam Cell"],"picked":"Go for the Eyes+1","floor":28.0},{"not_picked":["Conserve Battery","Meteor Strike"],"picked":"Streamline","floor":29},{"not_picked":["Rebound","Darkness","FTL"],"picked":"SKIP","floor":30}],"player_experience":303254,"relics_obtained":[{"floor":8.0,"key":"Nunchaku"},{"floor":9.0,"key":"Lantern"},{"floor":10.0,"key":"Smiling Mask"},{"floor":26.0,"key":"Cables"},{"floor":29,"key":"Tiny Chest"}],"event_choices":[{"damage_healed":0.0,"max_hp_gain":0.0,"max_hp_loss":0.0,"gold_gain":0.0,"event_name":"Golden Idol","player_choice":"Take Wound","floor":11.0,"gold_loss":0.0,"damage_taken":0.0,"relics_obtained":["Golden Idol"],"cards_obtained":["Injury"]},{"damage_healed":0.0,"max_hp_gain":0.0,"max_hp_loss":0.0,"gold_gain":0.0,"event_name":"Vampires","player_choice":"Ignored","floor":20.0,"gold_loss":0.0,"damage_taken":0.0},{"damage_healed":0.0,"max_hp_gain":0.0,"max_hp_loss":0.0,"gold_gain":0.0,"event_name":"Cursed Tome","player_choice":"Ignored","floor":21.0,"gold_loss":0.0,"damage_taken":0.0},{"damage_healed":0.0,"max_hp_gain":0.0,"max_hp_loss":0.0,"gold_gain":0.0,"event_name":"Back to Basics","player_choice":"Simplicity","floor":24.0,"gold_loss":0.0,"damage_taken":0.0,"cards_upgraded":["Strike_B","Defend_B","Defend_B","Defend_B","Defend_B"]}],"is_beta":false,"boss_relics":[{"not_picked":["Black Star","Empty Cage"],"picked":"FrozenCore"}],"items_purged_floors":[3,19],"is_endless":false,"potions_floor_spawned":[2,5,10,14,28,29,30],"killed_by":"Shelled Parasite and Fungi","ascension_level":18}