{"path_per_floor":["M","?","?","?","?","E","R","E","T","M","R","E","?","$","R","B",null,"M","?","M","$","M","E","M","?","T","E","$","R","M","E","R","B",null,"M","?","?","M","$","R","E","M","T","R","M","E","M","M","R","B"],"character_chosen":"IRONCLAD","items_purchased":["Flash of Steel","Bloodletting"],"gold_per_floor":[117,67,67,67,67,102,102,136,136,152,152,185,185,22,22,120,120,136,136,147,11,27,55,68,68,118,145,20,20,34,60,60,160,160,171,171,171,184,34,34,60,77,77,77,92,121,134,152,152,152],"floor_reached":51,"campfire_rested":2,"playtime":10828,"current_hp_per_floor":[80,80,64,64,64,42,66,54,54,60,60,52,81,81,81,85,92,95,80,88,88,92,95,101,101,101,96,96,96,105,109,109,88,109,92,92,82,73,73,73,59,64,64,64,52,35,44,58,110,61],"items_purged":["Defend_R","Defend_R","Parasite","Strike_R"],"gold":152,"play_id":"c10173b5-931e-4a47-bf3a-01c2ad3bd67b","is_prod":false,"is_daily":false,"is_ascension_mode":false,"campfire_upgraded":6,"path_taken":["M","?","?","?","?","E","R","E","T","M","R","E","?","$","R","BOSS","M","?","M","$","M","E","M","?","T","E","$","R","M","E","R","BOSS","M","?","?","M","$","R","E","M","T","R","M","E","M","M","R","BOSS"],"build_version":"2018-02-01-PROD3","purchased_purges":4,"victory":true,"master_deck":["Strike_R+1","Defend_R","Bash","Pommel Strike+1","Cleave+1","Feed","Dropkick","Battle Trance+1","Anger","Pommel Strike+1","Flash of Steel","Shrug It Off","Uppercut+1","Bloodletting","Rampage+1","Madness","Madness","Flex+1","Double Tap+1","Headbutt+1","Thunderclap+1","Headbutt+1","Flex+1"],"max_hp_per_floor":[80,80,80,80,80,83,83,86,86,89,89,89,89,89,89,92,92,95,100,103,103,106,106,106,106,106,106,103,103,106,109,109,109,109,112,112,112,112,112,112,115,118,118,118,121,121,121,124,124,127],"relics":["Burning Blood","Ornamental Fan","Orichalcum","Pen Nib","Dream Catcher","Cursed Key","Paper Frog","Vajra","Omamori","Oddly Smooth Stone","Regal Pillow","Sozu","Bronze Scales","Magic Flower","Ancient Tea Set"],"card_choices":[{"not_picked":["Body Slam","Clothesline"],"picked":"Cleave"},{"not_picked":["Berserk","Impervious"],"picked":"Dropkick"},{"not_picked":["Pommel Strike","Heavy Blade"],"picked":"Battle Trance"},{"not_picked":["Body Slam","Clothesline"],"picked":"Anger"},{"not_picked":["Warcry","Dual Wield"],"picked":"Pommel Strike"},{"not_picked":["Sword Boomerang","Clash"],"picked":"Shrug It Off"},{"not_picked":["Perfected Strike","Clash"],"picked":"Uppercut"},{"not_picked":["Clothesline","Armaments"],"picked":"True Grit"},{"not_picked":["Metallicize","Pummel"],"picked":"Rampage"},{"not_picked":["Shrug It Off","Armaments"],"picked":"Flex"},{"not_picked":["Seeing Red","Flame Barrier"],"picked":"Double Tap"},{"not_picked":["Armaments","Iron Wave"],"picked":"Headbutt"},{"not_picked":["Power Through","Reaper"],"picked":"Thunderclap"},{"not_picked":["Uppercut","Seeing Red"],"picked":"Headbutt"},{"not_picked":["Warcry","Cleave"],"picked":"Flex"}],"player_experience":23550,"potions_floor_usage":[],"damage_taken":[{"damage":5,"enemies":"Cultist","floor":1,"turns":4},{"damage":31,"enemies":"Lagavulin","floor":6,"turns":5},{"damage":21,"enemies":"3 Sentries","floor":8,"turns":6},{"damage":3,"enemies":"Small Slimes","floor":10,"turns":2},{"damage":14,"enemies":"Lagavulin","floor":12,"turns":4},{"damage":5,"enemies":"Slime Boss","floor":16,"turns":7},{"damage":0,"enemies":"Spheric Guardian","floor":18,"turns":2},{"damage":1,"enemies":"Chosen","floor":20,"turns":3},{"damage":5,"enemies":"Snecko","floor":22,"turns":3},{"damage":3,"enemies":"Book of Stabbing","floor":23,"turns":4},{"damage":0,"enemies":"Snake Plant","floor":24,"turns":2},{"damage":11,"enemies":"Gremlin Leader","floor":27,"turns":3},{"damage":0,"enemies":"Sentry and Sphere","floor":30,"turns":3},{"damage":2,"enemies":"Book of Stabbing","floor":31,"turns":4},{"damage":27,"enemies":"Collector","floor":33,"turns":5},{"damage":26,"enemies":"3 Shapes","floor":35,"turns":3},{"damage":15,"enemies":"3 Darklings","floor":38,"turns":3},{"damage":23,"enemies":"2 Orb Walkers","floor":41,"turns":3},{"damage":4,"enemies":"Sphere and 2 Shapes","floor":42,"turns":3},{"damage":26,"enemies":"4 Shapes","floor":45,"turns":2},{"damage":26,"enemies":"Nemesis","floor":46,"turns":6},{"damage":0,"enemies":"3 Darklings","floor":47,"turns":1},{"damage":0,"enemies":"Sphere and 2 Shapes","floor":48,"turns":2},{"damage":63,"enemies":"Awakened One","floor":50,"turns":6}],"event_choices":[{"event_name":"The Cleric","player_choice":"Card Removal","floor":2,"damage_taken":0},{"event_name":"Shining Light","player_choice":"Entered Light","floor":3,"damage_taken":0},{"event_name":"Living Wall","player_choice":"Forget","floor":4,"damage_taken":0},{"event_name":"Transmorgrifier","player_choice":"Transform","floor":5,"damage_taken":0},{"event_name":"Big Fish","player_choice":"Banana","floor":13,"damage_taken":0},{"event_name":"Forgotten Altar","player_choice":"Shed Blood","floor":19,"damage_taken":0},{"event_name":"The Mausoleum","player_choice":"Yes","floor":25,"damage_taken":0},{"event_name":"Winding Halls","player_choice":"Embrace Madness","floor":37,"damage_taken":0}],"boss_relics":[{"not_picked":["Runic Pyramid","Runic Dome"],"picked":"Cursed Key"},{"not_picked":["White Beast Statue","Black Blood"],"picked":"Sozu"}],"potions_floor_spawned":[10,16,18,23,27,31,35,41,46,48],"seed_played":"-2084825623223721620","ascension_level":0,"is_trial":false}