{"gold_per_floor":[116,131,151,226,151,151,164,181,229,254,254,265,107,140,140,216,216,227,227,227,237,111,139,139,139,139,156,156,75,75,94,94,171,171,182,99,118,118,132,158,158,184,184,200,200,230,249,267,267,267,267],"floor_reached":51,"playtime":4116,"items_purged":["Defend_G"],"score":1434,"play_id":"6da9209a-5051-4954-b68f-66af5246155b","local_time":"20190228022116","is_ascension_mode":true,"campfire_choices":[{"data":"Neutralize","floor":6.0,"key":"SMITH"},{"floor":11.0,"key":"REST"},{"floor":15.0,"key":"REST"},{"data":"Strike_G","floor":25,"key":"PURGE"},{"data":"Defend_G","floor":28,"key":"PURGE"},{"data":"Strike_G","floor":30,"key":"PURGE"},{"floor":32,"key":"REST"},{"data":"Bouncing Flask","floor":41,"key":"SMITH"},{"floor":45,"key":"REST"},{"floor":49,"key":"REST"}],"neow_cost":"NONE","seed_source_timestamp":0,"circlet_count":0,"master_deck":["AscendersBane","Defend_G","Defend_G","Defend_G+1","Strike_G","Survivor+1","Neutralize+1","Cloak And Dagger","Corpse Explosion","Deadly Poison","Backflip","Footwork+1","Blur","After Image+1","Leg Sweep","Slice","Well Laid Plans+1","Bouncing Flask+1","Caltrops+1","Bane+1","Footwork+1","Deadly Poison+1","Escape Plan","Backflip+1","Bouncing Flask+1","Dodge and Roll"],"special_seed":0,"relics":["Ring of the Snake","Boot","Frozen Egg 2","War Paint","Busted Crown","Peace Pipe","Potion Belt","Mercury Hourglass","Cursed Key","NlothsMask","Dream Catcher","Bag of Preparation","Gremlin Horn"],"potions_floor_usage":[21,40,50,50,50,50],"damage_taken":[{"damage":2.0,"enemies":"Small Slimes","floor":1.0,"turns":6.0},{"damage":1.0,"enemies":"2 Louse","floor":2.0,"turns":3.0},{"damage":2.0,"enemies":"Jaw Worm","floor":3.0,"turns":5.0},{"damage":4.0,"enemies":"Gremlin Gang","floor":7.0,"turns":4.0},{"damage":0.0,"enemies":"Looter","floor":8.0,"turns":4.0},{"damage":12.0,"enemies":"Lagavulin","floor":10.0,"turns":6.0},{"damage":3.0,"enemies":"Exordium Wildlife","floor":12.0,"turns":7.0},{"damage":35.0,"enemies":"Gremlin Nob","floor":14.0,"turns":5.0},{"damage":6.0,"enemies":"The Guardian","floor":16.0,"turns":13.0},{"damage":0,"enemies":"Spheric Guardian","floor":18,"turns":6},{"damage":3,"enemies":"2 Thieves","floor":21,"turns":4},{"damage":4,"enemies":"Gremlin Leader","floor":23,"turns":8},{"damage":1,"enemies":"Cultist and Chosen","floor":27,"turns":5},{"damage":0,"enemies":"Snake Plant","floor":31,"turns":6},{"damage":3,"enemies":"Automaton","floor":33,"turns":13},{"damage":0,"enemies":"3 Shapes","floor":35,"turns":2},{"damage":0,"enemies":"Orb Walker","floor":37,"turns":4},{"damage":9,"enemies":"Sphere and 2 Shapes","floor":39,"turns":5},{"damage":14,"enemies":"Reptomancer","floor":40,"turns":10},{"damage":23,"enemies":"Nemesis","floor":42,"turns":9},{"damage":0,"enemies":"4 Shapes","floor":44,"turns":3},{"damage":3,"enemies":"Giant Head","floor":46,"turns":9},{"damage":0,"enemies":"Writhing Mass","floor":47,"turns":6},{"damage":0,"enemies":"Maw","floor":48,"turns":6},{"damage":52,"enemies":"Awakened One","floor":50,"turns":17},{"damage":16,"enemies":"Donu and Deca","floor":51,"turns":3}],"seed_played":"7913905314267474009","potions_obtained":[{"floor":3.0,"key":"Energy Potion"},{"floor":8.0,"key":"Poison Potion"},{"floor":10.0,"key":"Poison Potion"},{"floor":18,"key":"Explosive Potion"},{"floor":33,"key":"Poison Potion"},{"floor":35,"key":"FearPotion"},{"floor":37,"key":"GhostInAJar"},{"floor":39,"key":"Weak Potion"},{"floor":46,"key":"Fire Potion"}],"is_trial":false,"path_per_floor":["M","M","M","?","?","R","M","M","T","E","R","M","$","E","R","B",null,"M","?","T","M","$","E","?","R","T","M","R","$","R","M","R","B",null,"M","$","M","?","M","E","R","E","T","M","R","E","M","M","R","B","B"],"character_chosen":"THE_SILENT","items_purchased":["Footwork+1","Well Laid Plans+1","Bouncing Flask","Caltrops+1","Footwork+1"],"campfire_rested":5,"item_purchase_floors":[13,22,22,29,36],"current_hp_per_floor":[57,56,54,43,43,43,39,39,39,27,46,43,43,8,27,21,55,55,55,55,52,52,48,30,30,30,29,29,29,29,29,50,47,65,65,65,65,65,56,42,42,19,19,19,40,37,37,37,58,6,0],"gold":267,"neow_bonus":"REMOVE_CARD","is_prod":false,"is_daily":false,"chose_seed":false,"campfire_upgraded":2,"win_rate":0,"timestamp":1551316876,"path_taken":["M","M","M","?","?","R","M","?","T","E","R","?","$","E","R","BOSS","M","?","?","M","$","E","?","R","T","M","R","$","R","?","R","BOSS","M","$","?","?","M","E","R","E","T","M","R","E","M","M","R","BOSS","BOSS"],"build_version":"2019-01-23","purchased_purges":1,"victory":false,"max_hp_per_floor":[66,66,66,66,66,66,66,66,66,66,66,66,66,66,66,66,66,66,66,66,66,66,66,71,71,71,71,71,71,71,71,71,71,71,71,71,71,71,71,71,71,71,71,71,71,71,71,71,71,71,71],"card_choices":[{"not_picked":["Dagger Throw","Finisher","Riddle With Holes"],"picked":"SKIP","floor":1.0},{"not_picked":["Poisoned Stab","Deflect"],"picked":"Cloak And Dagger","floor":2.0},{"not_picked":["Reflex","Quick Slash"],"picked":"Corpse Explosion","floor":3.0},{"not_picked":["Underhanded Strike","Setup"],"picked":"Deadly Poison","floor":7.0},{"not_picked":["Quick Slash","Deflect"],"picked":"Backflip","floor":8.0},{"not_picked":["Flying Knee","Doppelganger","Underhanded Strike"],"picked":"SKIP","floor":10.0},{"not_picked":["Bane","Deadly Poison","Choke"],"picked":"SKIP","floor":12.0},{"not_picked":["Blade Dance","Dagger Spray"],"picked":"Blur","floor":14.0},{"not_picked":["Phantasmal Killer","Corpse Explosion"],"picked":"After Image+1","floor":16.0},{"not_picked":[],"picked":"Leg Sweep","floor":18},{"not_picked":[],"picked":"Slice","floor":21},{"not_picked":["Skewer"],"picked":"SKIP","floor":23},{"not_picked":["Bane"],"picked":"SKIP","floor":27},{"not_picked":["Dagger Spray"],"picked":"SKIP","floor":31},{"not_picked":[],"picked":"Bane+1","floor":35},{"not_picked":[],"picked":"Deadly Poison+1","floor":37},{"not_picked":["Concentrate"],"picked":"SKIP","floor":39},{"not_picked":[],"picked":"Escape Plan","floor":40},{"not_picked":[],"picked":"Backflip+1","floor":42},{"not_picked":["Acrobatics"],"picked":"SKIP","floor":44},{"not_picked":[],"picked":"Bouncing Flask+1","floor":45},{"not_picked":["Crippling Poison"],"picked":"SKIP","floor":46},{"not_picked":["Crippling Poison"],"picked":"SKIP","floor":46},{"not_picked":[],"picked":"Dodge and Roll","floor":47},{"not_picked":["Leg Sweep"],"picked":"SKIP","floor":48}],"player_experience":613350,"relics_obtained":[{"floor":9.0,"key":"Boot"},{"floor":10.0,"key":"Frozen Egg 2"},{"floor":14.0,"key":"War Paint"},{"floor":20,"key":"Peace Pipe"},{"floor":23,"key":"Potion Belt"},{"floor":26,"key":"Mercury Hourglass"},{"floor":40,"key":"Dream Catcher"},{"floor":42,"key":"Bag of Preparation"},{"floor":46,"key":"Gremlin Horn"}],"event_choices":[{"damage_healed":0.0,"max_hp_gain":0.0,"max_hp_loss":0.0,"gold_gain":75.0,"event_name":"World of Goop","player_choice":"Gather Gold","floor":4.0,"gold_loss":0.0,"damage_taken":11.0},{"cards_removed":["Strike_G"],"damage_healed":0.0,"max_hp_gain":0.0,"max_hp_loss":0.0,"gold_gain":0.0,"event_name":"The Cleric","player_choice":"Card Removal","floor":5.0,"gold_loss":75.0,"damage_taken":0.0},{"damage_healed":0,"gold_gain":0,"player_choice":"Ignored","damage_taken":0,"max_hp_gain":0,"max_hp_loss":0,"event_name":"Vampires","floor":19,"gold_loss":0},{"damage_healed":0,"gold_gain":0,"player_choice":"Shed Blood","damage_taken":23,"max_hp_gain":5,"max_hp_loss":0,"event_name":"Forgotten Altar","floor":24,"gold_loss":0},{"damage_healed":0,"gold_gain":0,"player_choice":"Trade","damage_taken":0,"relics_obtained":["NlothsMask"],"max_hp_gain":0,"max_hp_loss":0,"event_name":"FaceTrader","floor":38,"gold_loss":0}],"is_beta":false,"boss_relics":[{"not_picked":["Runic Dome","Runic Pyramid"],"picked":"Busted Crown"},{"not_picked":["Philosopher\u0027s Stone","Snecko Eye"],"picked":"Cursed Key"}],"items_purged_floors":[13],"is_endless":false,"potions_floor_spawned":[3,8,10,18,33,35,37,39,46,47],"killed_by":"Donu and Deca","ascension_level":20}