{"gold_per_floor":[367,238,256,331,348,379,379,19,69,104,104,104,104,128,128,258,258,282,306,331,366,366,366,405,405,483,483,483,508,522,190,190,290,290,300,346,446,23,245,280,42,53,53,85,100,111,135,155,155,155,155,155,11,43,43],"floor_reached":55,"playtime":3499,"items_purged":["Strike_R","Clumsy","Defend_R"],"score":858,"play_id":"465d67e3-a865-4deb-b301-a87932421f14","local_time":"20190814220946","is_ascension_mode":true,"campfire_choices":[{"data":"Infernal Blade","floor":7.0,"key":"SMITH"},{"data":"Heavy Blade","floor":12.0,"key":"SMITH"},{"data":"Disarm","floor":15.0,"key":"SMITH"},{"floor":23,"key":"REST"},{"data":"Rage","floor":28,"key":"SMITH"},{"data":"Spot Weakness","floor":32,"key":"SMITH"},{"floor":49,"key":"RECALL"},{"data":"Metallicize","floor":52,"key":"SMITH"}],"neow_cost":"CURSE","seed_source_timestamp":0,"circlet_count":0,"master_deck":["Defend_R","Defend_R","Bash","Heavy Blade+1","Twin Strike","Infernal Blade+1","Cleave","Disarm+1","Reaper","Ghostly Armor","Spot Weakness+1","Rage+1","Bite","Bite","Bite","Bite","Bite","Pommel Strike","Offering+1","Impervious+1","Trip+1","Intimidate+1","Limit Break+1","Shockwave+1","Infernal Blade+1","Rage+1","Master of Strategy+1","Metallicize+1","Heavy Blade+1","Reaper","Warcry+1","Rage+1","Hemokinesis+1","Shrug It Off+1","Flash of Steel","Flex+1"],"special_seed":0,"relics":["Black Blood","Art of War","Question Card","Red Skull","Bloody Idol","Red Mask","Mango","Pantograph","Toxic Egg 2","Sozu","Pocketwatch","StoneCalendar","DollysMirror","Meat on the Bone","Paper Frog","Shuriken","Bag of Preparation","Bronze Scales","Thread and Needle"],"potions_floor_usage":[20,21,33,33,55,55],"damage_taken":[{"damage":0.0,"enemies":"Small Slimes","floor":1.0,"turns":3.0},{"damage":9.0,"enemies":"2 Louse","floor":3.0,"turns":3.0},{"damage":4.0,"enemies":"Jaw Worm","floor":5.0,"turns":4.0},{"damage":30.0,"enemies":"3 Sentries","floor":6.0,"turns":8.0},{"damage":4.0,"enemies":"Gremlin Nob","floor":10.0,"turns":3.0},{"damage":12.0,"enemies":"Blue Slaver","floor":14.0,"turns":2.0},{"damage":22.0,"enemies":"Hexaghost","floor":16.0,"turns":11.0},{"damage":13,"enemies":"3 Byrds","floor":18,"turns":6},{"damage":32,"enemies":"Shell Parasite","floor":19,"turns":12},{"damage":51,"enemies":"Sentry and Sphere","floor":20,"turns":6},{"damage":14,"enemies":"Masked Bandits","floor":21,"turns":3},{"damage":41,"enemies":"Book of Stabbing","floor":24,"turns":5},{"damage":41,"enemies":"Slavers","floor":29,"turns":5},{"damage":29,"enemies":"Cultist and Chosen","floor":30,"turns":5},{"damage":23,"enemies":"Automaton","floor":33,"turns":9},{"damage":6,"enemies":"3 Darklings","floor":35,"turns":2},{"damage":17,"enemies":"2 Orb Walkers","floor":36,"turns":3},{"damage":53,"enemies":"Mind Bloom Boss Battle","floor":37,"turns":7},{"damage":38,"enemies":"Giant Head","floor":40,"turns":8},{"damage":10,"enemies":"Orb Walker","floor":42,"turns":2},{"damage":45,"enemies":"Reptomancer","floor":44,"turns":5},{"damage":24,"enemies":"4 Shapes","floor":45,"turns":5},{"damage":6,"enemies":"Writhing Mass","floor":46,"turns":5},{"damage":8,"enemies":"Spire Growth","floor":48,"turns":3},{"damage":31,"enemies":"Time Eater","floor":50,"turns":8},{"damage":34,"enemies":"Shield and Spear","floor":54,"turns":6},{"damage":132,"enemies":"The Heart","floor":55,"turns":9}],"seed_played":"141403073414935055","potions_obtained":[{"floor":1.0,"key":"Energy Potion"},{"floor":6.0,"key":"Block Potion"},{"floor":14.0,"key":"Regen Potion"},{"floor":19,"key":"FearPotion"},{"floor":29,"key":"Explosive Potion"},{"floor":30,"key":"PowerPotion"},{"floor":33,"key":"AttackPotion"}],"is_trial":false,"path_per_floor":["M","$","M","?","M","E","R","$","T","E","?","R","T","M","R","B",null,"M","M","M","?","?","R","E","?","T","?","R","E","M","$","R","B",null,"M","?","?","$","?","E","$","M","T","E","M","M","T","M","R","B",null,"R","$","E","B"],"character_chosen":"IRONCLAD","items_purchased":["Heavy Blade","Question Card","Strength Potion","Trip+1","Intimidate+1","DollysMirror","Master of Strategy+1","Metallicize","Paper Frog","Shrug It Off+1","Flash of Steel"],"campfire_rested":1,"item_purchase_floors":[2,8,31,31,31,38,38,38,41,53,53],"current_hp_per_floor":[80,80,77,66,68,44,44,44,44,46,46,46,46,42,42,28,74,71,51,33,31,31,53,44,44,44,44,44,57,64,64,64,88,88,88,88,80,80,85,85,85,88,88,88,88,88,88,88,88,79,88,88,88,81,0],"gold":43,"neow_bonus":"TWO_FIFTY_GOLD","is_prod":false,"is_daily":false,"chose_seed":false,"campfire_upgraded":6,"win_rate":0,"timestamp":1565813386,"path_taken":["M","$","M","?","M","E","R","$","T","E","?","R","?","?","R","BOSS","M","M","M","?","?","R","E","?","T","?","R","E","M","$","R","BOSS","M","?","?","$","?","E","$","?","T","E","M","M","?","M","R","BOSS","R","$","E","BOSS"],"build_version":"2019-07-17","purchased_purges":3,"victory":false,"max_hp_per_floor":[80,80,80,80,80,80,80,80,80,80,74,74,74,74,74,74,74,74,74,74,74,74,74,88,88,88,88,88,88,88,88,88,88,88,88,88,88,88,88,88,88,88,88,88,88,88,88,88,88,88,88,88,88,88,88],"card_choices":[{"not_picked":["Warcry","Thunderclap","Fire Breathing"],"picked":"SKIP","floor":1.0},{"not_picked":["Armaments","Second Wind"],"picked":"Twin Strike","floor":3.0},{"not_picked":["Clothesline","Armaments","Sword Boomerang"],"picked":"SKIP","floor":5.0},{"not_picked":["Iron Wave","Rupture"],"picked":"Infernal Blade","floor":6.0},{"not_picked":["Corruption","Bludgeon","Dark Embrace"],"picked":"Cleave","floor":10.0},{"not_picked":["Perfected Strike","Whirlwind","Bloodletting"],"picked":"Disarm","floor":14.0},{"not_picked":["Brutality","Dark Embrace","Impervious"],"picked":"Reaper","floor":16.0},{"not_picked":["Clash+1","Warcry","Thunderclap+1"],"picked":"Ghostly Armor","floor":18},{"not_picked":["Havoc","Blood for Blood","Searing Blow"],"picked":"Spot Weakness","floor":19},{"not_picked":["Sentinel","Intimidate","Headbutt+1","Anger"],"picked":"SKIP","floor":20},{"not_picked":["Sever Soul+1","Body Slam","Entrench"],"picked":"Rage","floor":21},{"not_picked":["Iron Wave","Cleave+1","Second Wind"],"picked":"Pommel Strike","floor":24},{"not_picked":["Wild Strike","Armaments+1","Heavy Blade"],"picked":"Offering","floor":29},{"not_picked":["Warcry+1","Inflame+1","Shockwave+1"],"picked":"Impervious+1","floor":30},{"not_picked":["Barricade","Double Tap+1","Bludgeon"],"picked":"Limit Break+1","floor":33},{"not_picked":["Cleave","Thunderclap","Sentinel+1","Perfected Strike"],"picked":"SKIP","floor":35},{"not_picked":["Reckless Charge+1","Cleave","Twin Strike"],"picked":"Shockwave+1","floor":36},{"not_picked":["Perfected Strike+1","Seeing Red+1","Intimidate+1"],"picked":"Infernal Blade+1","floor":37},{"not_picked":["Sword Boomerang","Rupture+1","True Grit+1"],"picked":"Heavy Blade+1","floor":40},{"not_picked":["Thunderclap","Entrench+1","Anger"],"picked":"Reaper","floor":42},{"not_picked":["Wild Strike+1","Twin Strike+1","Havoc+1"],"picked":"Warcry+1","floor":44},{"not_picked":["True Grit+1","Combust+1","Anger+1"],"picked":"Rage+1","floor":45},{"not_picked":["Carnage","Power Through+1","Sever Soul+1"],"picked":"Hemokinesis+1","floor":46},{"not_picked":["Wild Strike","Anger","Headbutt","Searing Blow"],"picked":"SKIP","floor":48},{"not_picked":["Infernal Blade+1","Wild Strike","True Grit+1"],"picked":"Flex+1","floor":54}],"player_experience":205656,"relics_obtained":[{"floor":6.0,"key":"Art of War"},{"floor":9.0,"key":"Red Skull"},{"floor":10.0,"key":"Blood Vial"},{"floor":21,"key":"Red Mask"},{"floor":24,"key":"Mango"},{"floor":26,"key":"Pantograph"},{"floor":29,"key":"Toxic Egg 2"},{"floor":36,"key":"Pocketwatch"},{"floor":37,"key":"StoneCalendar"},{"floor":40,"key":"Meat on the Bone"},{"floor":43,"key":"Shuriken"},{"floor":44,"key":"Bag of Preparation"},{"floor":47,"key":"Bronze Scales"},{"floor":54,"key":"Thread and Needle"}],"event_choices":[{"damage_healed":0.0,"max_hp_gain":0.0,"max_hp_loss":0.0,"gold_gain":75.0,"event_name":"World of Goop","player_choice":"Gather Gold","floor":4.0,"gold_loss":0.0,"damage_taken":11.0},{"damage_healed":0.0,"max_hp_gain":0.0,"max_hp_loss":6.0,"gold_gain":0.0,"event_name":"Golden Idol","player_choice":"Lose Max HP","floor":11.0,"gold_loss":0.0,"damage_taken":0.0,"relics_obtained":["Golden Idol"]},{"damage_healed":0,"gold_gain":0,"player_choice":"Fought Bandits","damage_taken":0,"max_hp_gain":0,"max_hp_loss":0,"event_name":"Masked Bandits","floor":21,"gold_loss":0},{"damage_healed":0,"gold_gain":0,"player_choice":"Became a vampire (Vial)","damage_taken":0,"max_hp_gain":0,"max_hp_loss":0,"event_name":"Vampires","floor":22,"relics_lost":["Blood Vial"],"gold_loss":0,"cards_obtained":["Bite","Bite","Bite","Bite","Bite"]},{"cards_removed":["Defend_R"],"damage_healed":0,"gold_gain":0,"player_choice":"Elegance","damage_taken":0,"max_hp_gain":0,"max_hp_loss":0,"event_name":"Back to Basics","floor":25,"gold_loss":0},{"damage_healed":0,"gold_gain":0,"player_choice":"Gave Idol","damage_taken":0,"relics_obtained":["Bloody Idol"],"max_hp_gain":0,"max_hp_loss":0,"event_name":"Forgotten Altar","floor":27,"relics_lost":["Golden Idol"],"gold_loss":0},{"damage_healed":0,"gold_gain":0,"player_choice":"Fight","damage_taken":0,"max_hp_gain":0,"max_hp_loss":0,"event_name":"Mysterious Sphere","floor":36,"gold_loss":0},{"damage_healed":0,"gold_gain":0,"player_choice":"Fight","damage_taken":0,"max_hp_gain":0,"max_hp_loss":0,"event_name":"MindBloom","floor":37,"gold_loss":0},{"damage_healed":0,"gold_gain":222,"player_choice":"Wore Mask","damage_taken":0,"max_hp_gain":0,"max_hp_loss":0,"event_name":"Tomb of Lord Red Mask","floor":39,"gold_loss":0}],"is_beta":false,"boss_relics":[{"not_picked":["Lizard Tail","Orrery"],"picked":"Black Blood"},{"not_picked":["Pandora\u0027s Box","Fusion Hammer"],"picked":"Sozu"}],"items_purged_floors":[2,8,31],"is_endless":false,"potions_floor_spawned":[1,6,14,19,29,30,33,36,42,46],"killed_by":"The Heart","ascension_level":1}