{"gold_per_floor":[117,117,132,145,162,189,189,23,48,8,63,79,62,62,62,181,181,206,206,11,11,35,35,68,68,94,3,3,28,52,68,68,198,198,223,223,243,257,282,282,282,296,296,296],"floor_reached":44,"playtime":6738,"items_purged":[],"score":504,"play_id":"baee1981-d3b0-4f94-bb19-0ab74d7131d5","local_time":"20190416111518","is_ascension_mode":true,"campfire_choices":[{"floor":7.0,"key":"REST"},{"floor":15.0,"key":"REST"},{"floor":23.0,"key":"REST"},{"floor":25.0,"key":"RECALL"},{"data":"Footwork","floor":28.0,"key":"SMITH"},{"floor":32.0,"key":"REST"},{"floor":40.0,"key":"REST"}],"neow_cost":"NONE","seed_source_timestamp":0,"circlet_count":0,"master_deck":["Defend_G","Defend_G","Defend_G","Defend_G","Strike_G","Strike_G","Strike_G","Strike_G","Strike_G","Survivor","Neutralize","Slice","Backflip","Blur","Slice","Footwork+1","Prepared","Reflex","Prepared","Riddle With Holes","Well Laid Plans","Escape Plan","Heel Hook","Dagger Throw","Slice","Venomology","Deflect","Deadly Poison+1","Calculated Gamble+1","Caltrops","Poisoned Stab","Well Laid Plans","Crippling Poison+1","PiercingWail+1","Slice","Catalyst+1","Tools of the Trade","Expertise+1","Writhe","Quick Slash","Backstab","Cloak And Dagger+1","Noxious Fumes","Slice+1"],"special_seed":0,"relics":["Ring of the Snake","Dream Catcher","Oddly Smooth Stone","Golden Idol","Eternal Feather","TwistedFunnel","Toxic Egg 2","Snake Skull","Lantern","WristBlade","Bag of Preparation","Ninja Scroll"],"potions_floor_usage":[44],"damage_taken":[{"damage":0.0,"enemies":"Jaw Worm","floor":1.0,"turns":6.0},{"damage":0.0,"enemies":"Cultist","floor":3.0,"turns":4.0},{"damage":0.0,"enemies":"2 Louse","floor":4.0,"turns":3.0},{"damage":8.0,"enemies":"2 Fungi Beasts","floor":5.0,"turns":5.0},{"damage":35.0,"enemies":"3 Sentries","floor":6.0,"turns":12.0},{"damage":17.0,"enemies":"Gremlin Nob","floor":11.0,"turns":5.0},{"damage":0.0,"enemies":"Looter","floor":12.0,"turns":3.0},{"damage":10.0,"enemies":"Exordium Thugs","floor":13.0,"turns":5.0},{"damage":44.0,"enemies":"Hexaghost","floor":16.0,"turns":17.0},{"damage":36.0,"enemies":"Chosen","floor":18.0,"turns":11.0},{"damage":5.0,"enemies":"3 Byrds","floor":22.0,"turns":5.0},{"damage":24.0,"enemies":"Book of Stabbing","floor":24.0,"turns":7.0},{"damage":31.0,"enemies":"Cultist and Chosen","floor":29.0,"turns":6.0},{"damage":10.0,"enemies":"3 Cultists","floor":30.0,"turns":6.0},{"damage":6.0,"enemies":"Shelled Parasite and Fungi","floor":31.0,"turns":4.0},{"damage":39.0,"enemies":"Champ","floor":33.0,"turns":9.0},{"damage":46.0,"enemies":"3 Darklings","floor":35.0,"turns":5.0},{"damage":0.0,"enemies":"Orb Walker","floor":37.0,"turns":3.0},{"damage":36.0,"enemies":"Sphere and 2 Shapes","floor":38.0,"turns":8.0},{"damage":15.0,"enemies":"Jaw Worm Horde","floor":39.0,"turns":4.0},{"damage":10.0,"enemies":"Transient","floor":42.0,"turns":5.0},{"damage":60,"enemies":"Writhing Mass","floor":44,"turns":5}],"seed_played":"-2134332263495873009","potions_obtained":[{"floor":3.0,"key":"Fire Potion"},{"floor":4.0,"key":"SpeedPotion"},{"floor":5.0,"key":"SneckoOil"},{"floor":13.0,"key":"GhostInAJar"},{"floor":18.0,"key":"Fire Potion"},{"floor":29.0,"key":"Block Potion"},{"floor":35.0,"key":"Regen Potion"},{"floor":37.0,"key":"SteroidPotion"},{"floor":39.0,"key":"Ancient Potion"}],"is_trial":false,"path_per_floor":["M","?","M","M","M","E","R","$","T","$","?","M","M","?","R","B",null,"M","?","$","T","M","R","E","R","T","$","R","M","M","M","R","B",null,"M","?","M","M","M","R","?","M","T","M"],"character_chosen":"THE_SILENT","items_purchased":["Reflex","Prepared","Riddle With Holes","Well Laid Plans","TwistedFunnel","Poisoned Stab","Well Laid Plans"],"campfire_rested":5,"item_purchase_floors":[8,8,8,10,20,27,27],"current_hp_per_floor":[77,77,77,77,69,34,57,57,57,57,40,40,30,30,53,9,77,41,41,41,41,36,74,50,68,68,68,77,46,36,30,74,35,77,31,50,62,26,11,58,58,48,48,0],"gold":296,"neow_bonus":"TEN_PERCENT_HP_BONUS","is_prod":false,"is_daily":false,"chose_seed":false,"campfire_upgraded":1,"win_rate":0,"timestamp":1555427718,"path_taken":["M","?","?","M","M","E","R","$","T","$","?","M","M","?","R","BOSS","M","?","$","?","M","R","E","R","T","?","R","M","M","M","R","BOSS","M","?","M","M","M","R","?","?","T","M"],"build_version":"2019-01-23","purchased_purges":0,"victory":false,"max_hp_per_floor":[77,77,77,77,77,77,77,77,77,77,77,77,77,77,77,77,77,77,77,77,77,77,77,77,77,77,77,77,77,77,77,77,77,77,77,77,77,77,77,77,77,77,77,77],"card_choices":[{"not_picked":["Masterful Stab","Expertise"],"picked":"Slice","floor":1.0},{"not_picked":["Dodge and Roll","Dagger Throw"],"picked":"Backflip","floor":3.0},{"not_picked":["Bane","Bouncing Flask"],"picked":"Blur","floor":4.0},{"not_picked":["Dodge and Roll","Underhanded Strike"],"picked":"Slice","floor":5.0},{"not_picked":["Dagger Throw","Poisoned Stab"],"picked":"Footwork","floor":6.0},{"not_picked":["Endless Agony","Cloak And Dagger"],"picked":"Prepared","floor":7.0},{"not_picked":["Bane","PiercingWail"],"picked":"Escape Plan","floor":11.0},{"not_picked":["Sucker Punch","Slice"],"picked":"Heel Hook","floor":12.0},{"not_picked":["Poisoned Stab","Malaise"],"picked":"Dagger Throw","floor":13.0},{"not_picked":["Outmaneuver","Masterful Stab"],"picked":"Slice","floor":15.0},{"not_picked":["Bullet Time","Malaise"],"picked":"Venomology","floor":16.0},{"not_picked":["Slice","Predator"],"picked":"Deflect","floor":18.0},{"not_picked":["Infinite Blades","Expertise+1"],"picked":"Deadly Poison+1","floor":22.0},{"not_picked":["PiercingWail+1","Eviscerate"],"picked":"Calculated Gamble+1","floor":23.0},{"not_picked":["Prepared+1","Underhanded Strike+1"],"picked":"Caltrops","floor":24.0},{"not_picked":["Infinite Blades","Accuracy"],"picked":"Crippling Poison+1","floor":29.0},{"not_picked":["Finisher","Sucker Punch"],"picked":"PiercingWail+1","floor":30.0},{"not_picked":["Dash","Deadly Poison+1"],"picked":"Slice","floor":31.0},{"not_picked":["Slice","Prepared+1"],"picked":"Catalyst+1","floor":32.0},{"not_picked":["Doppelganger+1","Malaise+1"],"picked":"Tools of the Trade","floor":33.0},{"not_picked":["PiercingWail+1","Footwork+1"],"picked":"Expertise+1","floor":35.0},{"not_picked":["Expertise+1","Footwork"],"picked":"Quick Slash","floor":37.0},{"not_picked":["Deadly Poison+1","Bane"],"picked":"Backstab","floor":38.0},{"not_picked":["Prepared+1","PiercingWail+1"],"picked":"Cloak And Dagger+1","floor":39.0},{"not_picked":["Tactician+1","Backstab+1"],"picked":"Noxious Fumes","floor":40.0},{"not_picked":["PiercingWail+1","Quick Slash+1"],"picked":"Slice+1","floor":42.0}],"player_experience":87552,"relics_obtained":[{"floor":6.0,"key":"Dream Catcher"},{"floor":11.0,"key":"Oddly Smooth Stone"},{"floor":21.0,"key":"Toxic Egg 2"},{"floor":24.0,"key":"Snake Skull"},{"floor":26.0,"key":"Lantern"},{"floor":43.0,"key":"Ninja Scroll"}],"event_choices":[{"cards_removed":["Defend_G"],"damage_healed":0.0,"max_hp_gain":0.0,"max_hp_loss":0.0,"gold_gain":0.0,"event_name":"Bonfire Elementals","player_choice":"Offered Basic","floor":2.0,"gold_loss":0.0,"damage_taken":0.0},{"damage_healed":0.0,"max_hp_gain":0.0,"max_hp_loss":0.0,"gold_gain":0.0,"event_name":"Dead Adventurer","player_choice":"Searched \u00271\u0027 times","floor":11.0,"gold_loss":0.0,"damage_taken":0.0},{"damage_healed":0.0,"max_hp_gain":0.0,"max_hp_loss":0.0,"gold_gain":0.0,"event_name":"Golden Idol","player_choice":"Take Wound","floor":14.0,"gold_loss":0.0,"damage_taken":0.0,"relics_obtained":["Golden Idol"],"cards_obtained":["Injury"]},{"cards_removed":["Injury"],"damage_healed":0.0,"max_hp_gain":0.0,"max_hp_loss":0.0,"gold_gain":0.0,"event_name":"Purifier","player_choice":"Purged","floor":19.0,"gold_loss":0.0,"damage_taken":0.0},{"damage_healed":19.0,"max_hp_gain":0.0,"max_hp_loss":0.0,"gold_gain":0.0,"event_name":"Winding Halls","player_choice":"Writhe","floor":36.0,"gold_loss":0.0,"damage_taken":0.0,"cards_obtained":["Writhe"]},{"damage_healed":0.0,"max_hp_gain":0.0,"max_hp_loss":0.0,"gold_gain":0.0,"event_name":"WeMeetAgain","player_choice":"Gave Potion","floor":41.0,"gold_loss":0.0,"damage_taken":0.0,"relics_obtained":["Bag of Preparation"]}],"is_beta":false,"boss_relics":[{"not_picked":["Coffee Dripper","Empty Cage"],"picked":"Eternal Feather"},{"not_picked":["Sozu","Fusion Hammer"],"picked":"WristBlade"}],"items_purged_floors":[],"is_endless":false,"potions_floor_spawned":[3,4,5,13,18,29,35,37,39],"killed_by":"Writhing Mass","ascension_level":1}