{"gold_per_floor":[118,135,135,95,113,139,139,149,149,162,173,188,188,203,203,277,277,289,174,191,204,204],"floor_reached":22,"playtime":818,"items_purged":[],"score":384,"play_id":"4cdd930e-c00d-434f-822a-333464f2f4fe","local_time":"20191005010105","is_ascension_mode":true,"campfire_choices":[{"floor":7.0,"key":"REST"},{"floor":13,"key":"REST"},{"floor":15,"key":"REST"}],"neow_cost":"NONE","seed_source_timestamp":1914147654965100,"circlet_count":0,"master_deck":["AscendersBane","Strike_G","Strike_G","Strike_G","Strike_G","Strike_G","Defend_G","Defend_G","Defend_G","Defend_G","Defend_G","Survivor","Neutralize","Dagger Throw","Skewer","Predator","Night Terror","Backflip","Blur","Crippling Poison","Sucker Punch","Corpse Explosion","Deadly Poison","Bane","Noxious Fumes"],"special_seed":0,"relics":["SlaversCollar","Vajra","Paper Crane","Regal Pillow","Cursed Key","Blood Vial"],"potions_floor_usage":[12,16,16,18,21],"damage_taken":[{"damage":7.0,"enemies":"Small Slimes","floor":1.0,"turns":5.0},{"damage":6.0,"enemies":"Cultist","floor":2.0,"turns":3.0},{"damage":1.0,"enemies":"2 Louse","floor":5.0,"turns":4.0},{"damage":6.0,"enemies":"Gremlin Nob","floor":6.0,"turns":3.0},{"damage":15,"enemies":"Exordium Thugs","floor":8,"turns":5},{"damage":0,"enemies":"Large Slime","floor":10,"turns":4},{"damage":1,"enemies":"Red Slaver","floor":11,"turns":3},{"damage":6,"enemies":"Looter","floor":12,"turns":3},{"damage":0,"enemies":"2 Fungi Beasts","floor":14,"turns":4},{"damage":3,"enemies":"The Guardian","floor":16,"turns":12},{"damage":7,"enemies":"2 Thieves","floor":18,"turns":2},{"damage":18,"enemies":"Chosen","floor":20,"turns":5},{"damage":33,"enemies":"Shelled Parasite and Fungi","floor":21,"turns":5},{"damage":20,"enemies":"Sentry and Sphere","floor":22,"turns":3}],"seed_played":"-2134552867749068136","potions_obtained":[{"floor":1.0,"key":"SteroidPotion"},{"floor":4.0,"key":"AttackPotion"},{"floor":4.0,"key":"LiquidBronze"},{"floor":11,"key":"FearPotion"},{"floor":12,"key":"LiquidBronze"},{"floor":16,"key":"Energy Potion"},{"floor":20,"key":"SteroidPotion"},{"floor":21,"key":"SteroidPotion"}],"is_trial":false,"path_per_floor":["M","M","?","?","M","E","R","M","T","M","M","M","R","M","R","B",null,"M","?","M","M","M"],"character_chosen":"THE_SILENT","items_purchased":[],"campfire_rested":3,"item_purchase_floors":[],"current_hp_per_floor":[52,46,11,11,10,4,23,8,8,8,7,1,35,35,66,63,65,58,58,42,11,0],"gold":204,"neow_bonus":"BOSS_RELIC","is_prod":false,"is_daily":false,"chose_seed":false,"campfire_upgraded":0,"win_rate":0,"timestamp":1570262465,"path_taken":["M","M","?","?","M","E","R","M","T","M","M","?","R","M","R","BOSS","M","?","M","M","?"],"build_version":"2019-10-04","purchased_purges":0,"victory":false,"max_hp_per_floor":[66,66,66,66,66,66,66,66,66,66,66,66,66,66,66,66,66,66,66,66,66,66],"card_choices":[{"not_picked":["Blur","Prepared"],"picked":"Dagger Throw","floor":1.0},{"not_picked":["Dagger Throw","Cloak And Dagger"],"picked":"Skewer","floor":2.0},{"not_picked":["Quick Slash","Escape Plan"],"picked":"Predator","floor":5.0},{"not_picked":["Cloak And Dagger","Flying Knee"],"picked":"Night Terror","floor":6.0},{"not_picked":["Accuracy","Escape Plan"],"picked":"Backflip","floor":8},{"not_picked":["Accuracy","Acrobatics"],"picked":"Blur","floor":10},{"not_picked":["Backflip","Quick Slash"],"picked":"Crippling Poison","floor":11},{"not_picked":["Slice","Reflex"],"picked":"Sucker Punch","floor":12},{"not_picked":["Prepared","Acrobatics","Distraction"],"picked":"SKIP","floor":14},{"not_picked":["Malaise","Glass Knife"],"picked":"Corpse Explosion","floor":16},{"not_picked":["Bane+1","PiercingWail"],"picked":"Deadly Poison","floor":18},{"not_picked":["Finisher","Acrobatics"],"picked":"Bane","floor":20},{"not_picked":["Well Laid Plans","Dagger Spray"],"picked":"Noxious Fumes","floor":21}],"player_experience":1532714,"relics_obtained":[{"floor":6.0,"key":"Paper Crane"},{"floor":9,"key":"Regal Pillow"}],"event_choices":[{"damage_healed":0.0,"max_hp_gain":0.0,"max_hp_loss":0.0,"gold_gain":0.0,"event_name":"Scrap Ooze","player_choice":"Success","floor":3.0,"gold_loss":0.0,"damage_taken":35.0,"relics_obtained":["Vajra"]},{"damage_healed":0.0,"max_hp_gain":0.0,"max_hp_loss":0.0,"gold_gain":0.0,"event_name":"The Woman in Blue","player_choice":"Bought 3 Potions","floor":4.0,"gold_loss":0.0,"damage_taken":0.0},{"damage_healed":0,"gold_gain":0,"player_choice":"Paid Gold","damage_taken":0,"relics_obtained":["Blood Vial"],"max_hp_gain":0,"max_hp_loss":0,"event_name":"WeMeetAgain","floor":19,"gold_loss":115}],"is_beta":true,"boss_relics":[{"not_picked":["Ectoplasm","HoveringKite"],"picked":"Cursed Key"}],"items_purged_floors":[],"is_endless":false,"potions_floor_spawned":[1,11,12,16,20,21],"killed_by":"Sentry and Sphere","ascension_level":20}