{"gold_per_floor":[109,109,120,120,131,157,332,346,346,346,346,346],"floor_reached":12,"playtime":1018,"items_purged":[],"score":86,"play_id":"04e9546b-8e86-47a6-815b-8b243ca3a660","local_time":"20191002125858","is_ascension_mode":true,"campfire_choices":[{"floor":11,"key":"RECALL"}],"neow_cost":"NONE","seed_source_timestamp":1645156298590827,"circlet_count":0,"master_deck":["Strike_R","Strike_R","Strike_R","Strike_R","Strike_R","Defend_R","Defend_R","Defend_R","Defend_R","Bash+1","Thunderclap","Battle Trance","Uppercut+1","Doubt","Injury"],"relics":["Burning Blood","NeowsBlessing","Gremlin Horn","Molten Egg 2","Golden Idol"],"potions_floor_usage":[6],"damage_taken":[{"damage":0,"enemies":"Jaw Worm","floor":1,"turns":1},{"damage":0,"enemies":"Cultist","floor":3,"turns":1},{"damage":0,"enemies":"Small Slimes","floor":5,"turns":1},{"damage":28,"enemies":"Gremlin Nob","floor":6,"turns":4},{"damage":40,"enemies":"Gremlin Gang","floor":8,"turns":6},{"damage":16,"enemies":"3 Louse","floor":12,"turns":2}],"seed_played":"4471227723613129007","potions_obtained":[{"floor":3,"key":"SteroidPotion"},{"floor":6,"key":"Poison Potion"}],"is_trial":false,"path_per_floor":["M","?","M","?","M","E","?","M","T","?","R","M"],"character_chosen":"IRONCLAD","items_purchased":[],"campfire_rested":0,"item_purchase_floors":[],"current_hp_per_floor":[80,80,80,80,80,58,58,24,24,24,24,8],"gold":346,"neow_bonus":"THREE_ENEMY_KILL","is_prod":false,"is_daily":false,"chose_seed":false,"campfire_upgraded":0,"win_rate":0,"timestamp":1570035538,"path_taken":["M","?","?","?","?","E","?","M","T","?","R","M"],"build_version":"2019-07-17","purchased_purges":0,"victory":false,"max_hp_per_floor":[80,80,80,80,80,80,80,80,80,80,80,80],"card_choices":[{"not_picked":["Perfected Strike","Clothesline"],"picked":"Sentinel","floor":1},{"not_picked":["Hemokinesis","Warcry"],"picked":"Thunderclap","floor":3},{"not_picked":["Carnage","Burning Pact"],"picked":"Battle Trance","floor":5},{"not_picked":["Heavy Blade","Fiend Fire"],"picked":"Uppercut","floor":6},{"not_picked":["Sword Boomerang+1","Warcry","Sever Soul+1"],"picked":"SKIP","floor":8}],"player_experience":193863,"relics_obtained":[{"floor":6,"key":"Molten Egg 2"}],"event_choices":[{"cards_removed":["Sentinel"],"damage_healed":0,"gold_gain":0,"player_choice":"Gave Card","damage_taken":0,"relics_obtained":["Gremlin Horn"],"max_hp_gain":0,"max_hp_loss":0,"event_name":"WeMeetAgain","floor":2,"gold_loss":0},{"damage_healed":0,"gold_gain":0,"player_choice":"Upgraded","damage_taken":0,"max_hp_gain":0,"max_hp_loss":0,"event_name":"Upgrade Shrine","floor":4,"gold_loss":0,"cards_upgraded":["Bash"]},{"damage_healed":0,"gold_gain":175,"player_choice":"AGREE","damage_taken":0,"max_hp_gain":0,"max_hp_loss":0,"event_name":"Liars Game","floor":7,"gold_loss":0,"cards_obtained":["Doubt"]},{"damage_healed":0,"gold_gain":0,"player_choice":"Take Wound","damage_taken":0,"relics_obtained":["Golden Idol"],"max_hp_gain":0,"max_hp_loss":0,"event_name":"Golden Idol","floor":10,"gold_loss":0,"cards_obtained":["Injury"]}],"is_beta":false,"boss_relics":[],"items_purged_floors":[],"is_endless":false,"potions_floor_spawned":[3,6],"killed_by":"3 Louse","ascension_level":2}