{"gold_per_floor":[119,139,139,139,156,156,185,185,185,185,197,214,246,95,95,196,196,216,216,116,136,164,164,195,215,215,117,117,117,131,150,150,254,254,268,314,536,536,71,71,84,84,84,104,104,30,43,57,57,57],"floor_reached":51,"playtime":1958,"items_purged":["Strike_B","Strike_B","Strike_B"],"score":811,"play_id":"77e3d11d-1b11-4a1d-86c7-a58f5eeb5e5e","local_time":"20191007125941","is_ascension_mode":true,"campfire_choices":[{"data":"Redo","floor":6.0,"key":"SMITH"},{"data":"Dualcast","floor":8.0,"key":"SMITH"},{"data":"Defragment","floor":15.0,"key":"SMITH"},{"data":"Consume","floor":23.0,"key":"SMITH"},{"floor":29.0,"key":"REST"},{"floor":32.0,"key":"REST"},{"data":"Electrodynamics","floor":40.0,"key":"SMITH"},{"data":"Conserve Battery","floor":42.0,"key":"SMITH"},{"data":"Hologram","floor":45,"key":"SMITH"},{"data":"Capacitor","floor":49,"key":"SMITH"}],"neow_cost":"NONE","seed_source_timestamp":2132586291793600,"circlet_count":0,"master_deck":["Strike_B","Defend_B","Defend_B","Defend_B","Zap+1","Dualcast+1","Redo+1","Conserve Battery+1","Seek","Sweeping Beam","Defragment+1","Ball Lightning","Hologram+1","Consume+1","Electrodynamics+1","Glacier","Redo+1","Reboot","Conserve Battery+1","BootSequence","Coolheaded","Capacitor+1","Chill","Defragment+1"],"special_seed":0,"relics":["Cracked Core","Girya","Lizard Tail","Dream Catcher","Inserter","Red Mask","Ornamental Fan","Bag of Preparation","White Beast Statue","Cursed Key","Calipers","Happy Flower","ClockworkSouvenir"],"potions_floor_usage":[50,50,50],"damage_taken":[{"damage":1.0,"enemies":"Cultist","floor":1.0,"turns":4.0},{"damage":1.0,"enemies":"Jaw Worm","floor":2.0,"turns":3.0},{"damage":0.0,"enemies":"2 Louse","floor":5.0,"turns":2.0},{"damage":19.0,"enemies":"Lagavulin","floor":7.0,"turns":5.0},{"damage":7.0,"enemies":"Exordium Thugs","floor":11.0,"turns":3.0},{"damage":5.0,"enemies":"Exordium Wildlife","floor":12.0,"turns":4.0},{"damage":16.0,"enemies":"Gremlin Nob","floor":13.0,"turns":3.0},{"damage":0.0,"enemies":"Slime Boss","floor":16.0,"turns":6.0},{"damage":9.0,"enemies":"Shell Parasite","floor":18.0,"turns":4.0},{"damage":35.0,"enemies":"2 Thieves","floor":21.0,"turns":4.0},{"damage":10.0,"enemies":"Masked Bandits","floor":22.0,"turns":2.0},{"damage":31.0,"enemies":"Book of Stabbing","floor":24.0,"turns":6.0},{"damage":1.0,"enemies":"Shelled Parasite and Fungi","floor":25.0,"turns":7.0},{"damage":1.0,"enemies":"Chosen and Byrds","floor":30.0,"turns":3.0},{"damage":0.0,"enemies":"Cultist and Chosen","floor":31.0,"turns":4.0},{"damage":5.0,"enemies":"Champ","floor":33.0,"turns":11.0},{"damage":0.0,"enemies":"3 Darklings","floor":35.0,"turns":2.0},{"damage":39.0,"enemies":"2 Orb Walkers","floor":36.0,"turns":4.0},{"damage":0.0,"enemies":"Orb Walker","floor":41.0,"turns":4.0},{"damage":0,"enemies":"Transient","floor":44,"turns":5},{"damage":0,"enemies":"Spire Growth","floor":47,"turns":6},{"damage":0,"enemies":"Sphere and 2 Shapes","floor":48,"turns":3},{"damage":0,"enemies":"Donu and Deca","floor":50,"turns":6}],"seed_played":"-7149511988408835543","potions_obtained":[{"floor":5.0,"key":"SteroidPotion"},{"floor":12.0,"key":"SpeedPotion"},{"floor":13.0,"key":"SpeedPotion"},{"floor":16.0,"key":"PotionOfCapacity"},{"floor":21.0,"key":"FocusPotion"},{"floor":30.0,"key":"Explosive Potion"},{"floor":44,"key":"Regen Potion"}],"is_trial":false,"path_per_floor":["M","M","?","?","M","R","E","R","T","?","M","M","E","$","R","B",null,"M","?","$","M","?","R","E","M","T","$","?","R","M","M","R","B",null,"M","?","?","?","$","R","M","R","T","M","R","$","M","M","R","B",null],"character_chosen":"DEFECT","items_purchased":["Consume","SpeedPotion","Fire Potion","Happy Flower","ClockworkSouvenir","Coolheaded","Chill"],"campfire_rested":2,"item_purchase_floors":[14,27,27,39,39,39,46],"current_hp_per_floor":[81,80,85,85,85,85,66,66,66,66,59,54,38,38,38,38,87,78,78,78,43,33,33,2,1,1,1,1,27,26,26,52,47,87,87,48,48,48,48,48,48,48,48,48,48,48,48,48,48,63],"gold":57,"neow_bonus":"TEN_PERCENT_HP_BONUS","is_prod":false,"is_daily":false,"chose_seed":false,"campfire_upgraded":8,"win_rate":0,"timestamp":1570417181,"path_taken":["M","M","?","?","M","R","E","R","T","?","?","M","E","$","R","BOSS","M","?","$","M","?","R","E","M","T","$","?","R","?","M","R","BOSS","M","?","?","?","$","R","?","R","T","M","R","?","M","M","R","BOSS"],"build_version":"2019-10-04","purchased_purges":3,"victory":true,"max_hp_per_floor":[82,82,87,87,87,87,87,87,87,87,87,87,87,87,87,87,87,87,87,87,87,87,87,87,87,87,87,87,87,87,87,87,87,87,87,87,87,87,87,87,87,87,87,87,87,87,87,87,87,87],"card_choices":[{"not_picked":["Barrage","Sweeping Beam"],"picked":"Redo","floor":1.0},{"not_picked":["Coolheaded","Gash"],"picked":"Conserve Battery","floor":2.0},{"not_picked":["Lockon","Fusion"],"picked":"Seek","floor":5.0},{"not_picked":["Stack","Turbo"],"picked":"Sweeping Beam","floor":7.0},{"not_picked":["Steam Power","Genetic Algorithm"],"picked":"Defragment","floor":11.0},{"not_picked":["Hologram","Doom and Gloom"],"picked":"Ball Lightning","floor":12.0},{"not_picked":["Stack","Chill"],"picked":"Hologram","floor":13.0},{"not_picked":["Echo Form","Fission"],"picked":"Electrodynamics","floor":16.0},{"not_picked":["Turbo","Go for the Eyes+1","Barrage"],"picked":"SKIP","floor":18.0},{"not_picked":["Beam Cell","Gash","Heatsinks+1"],"picked":"SKIP","floor":21.0},{"not_picked":["Gash","Electrodynamics"],"picked":"Glacier","floor":24.0},{"not_picked":["Turbo+1","Reprogram"],"picked":"Redo+1","floor":29.0},{"not_picked":["Cold Snap","Gash","Steam Power"],"picked":"SKIP","floor":30.0},{"not_picked":["Redo","Storm+1","Stack"],"picked":"SKIP","floor":31.0},{"not_picked":["Buffer","Electrodynamics"],"picked":"Reboot","floor":33.0},{"not_picked":["Rebound+1","Go for the Eyes"],"picked":"Conserve Battery+1","floor":35.0},{"not_picked":["Hello World","Coolheaded"],"picked":"BootSequence","floor":36.0},{"not_picked":["Rebound","Cold Snap","Turbo+1"],"picked":"SKIP","floor":41.0},{"not_picked":["Melter","Sweeping Beam+1"],"picked":"Capacitor","floor":44},{"not_picked":["Streamline+1","Static Discharge","Cold Snap+1"],"picked":"SKIP","floor":47},{"not_picked":["All For One","Sweeping Beam+1"],"picked":"Defragment+1","floor":48}],"player_experience":16160,"relics_obtained":[{"floor":7.0,"key":"Girya"},{"floor":9.0,"key":"Lizard Tail"},{"floor":13.0,"key":"Dream Catcher"},{"floor":22.0,"key":"Red Mask"},{"floor":24.0,"key":"Ornamental Fan"},{"floor":26.0,"key":"Bag of Preparation"},{"floor":36.0,"key":"Calipers"}],"event_choices":[{"damage_healed":0.0,"max_hp_gain":5.0,"max_hp_loss":0.0,"gold_gain":0.0,"event_name":"Big Fish","player_choice":"Donut","floor":3.0,"gold_loss":0.0,"damage_taken":0.0},{"damage_healed":0.0,"max_hp_gain":0.0,"max_hp_loss":0.0,"gold_gain":0.0,"event_name":"Living Wall","player_choice":"Grow","floor":4.0,"gold_loss":0.0,"damage_taken":0.0,"cards_upgraded":["Zap"]},{"damage_healed":0.0,"max_hp_gain":0.0,"max_hp_loss":0.0,"gold_gain":0.0,"event_name":"The Woman in Blue","player_choice":"Bought 0 Potions","floor":10.0,"gold_loss":0.0,"damage_taken":0.0},{"damage_healed":0.0,"max_hp_gain":0.0,"max_hp_loss":0.0,"gold_gain":0.0,"event_name":"Vampires","player_choice":"Ignored","floor":19.0,"gold_loss":0.0,"damage_taken":0.0},{"damage_healed":0.0,"max_hp_gain":0.0,"max_hp_loss":0.0,"gold_gain":0.0,"event_name":"Masked Bandits","player_choice":"Fought Bandits","floor":22.0,"gold_loss":0.0,"damage_taken":0.0},{"damage_healed":0.0,"max_hp_gain":0.0,"max_hp_loss":0.0,"gold_gain":0.0,"event_name":"WeMeetAgain","player_choice":"Gave Potion","floor":28.0,"gold_loss":0.0,"damage_taken":0.0,"relics_obtained":["White Beast Statue"]},{"damage_healed":0.0,"max_hp_gain":0.0,"max_hp_loss":0.0,"gold_gain":0.0,"event_name":"Mysterious Sphere","player_choice":"Fight","floor":36.0,"gold_loss":0.0,"damage_taken":0.0},{"damage_healed":0.0,"max_hp_gain":0.0,"max_hp_loss":0.0,"gold_gain":222.0,"event_name":"Tomb of Lord Red Mask","player_choice":"Wore Mask","floor":37.0,"gold_loss":0.0,"damage_taken":0.0},{"cards_removed":["Defend_B"],"damage_healed":0.0,"max_hp_gain":0.0,"max_hp_loss":0.0,"gold_gain":0.0,"event_name":"Falling","player_choice":"Removed Skill","floor":38.0,"gold_loss":0.0,"damage_taken":0.0}],"is_beta":true,"boss_relics":[{"not_picked":["FrozenCore","Empty Cage"],"picked":"Inserter"},{"not_picked":["Busted Crown","Black Star"],"picked":"Cursed Key"}],"items_purged_floors":[14,20,39],"is_endless":false,"potions_floor_spawned":[5,12,13,16,18,21,30,31,33,35,36,41,44,47,48],"ascension_level":1}