{"gold_per_floor":[118,133,147,147,147,147,172,172,172,26,26,38,72,72,72,171,171,190,209,209,220,39,39,70,70,70,70,70,70,88,100,100,196,196,211,228,239,62,73,73,73,106,106,31,46,61,61,7,7,7,7,7,7,36,36],"floor_reached":56,"playtime":3668,"items_purged":["Normality"],"score":1180,"play_id":"486aee1f-2630-4932-9919-f85f51d607ae","local_time":"20190725080024","is_ascension_mode":false,"campfire_choices":[{"data":"Shockwave","floor":6,"key":"SMITH"},{"data":"Warcry","floor":8,"key":"SMITH"},{"data":"Dropkick","floor":11,"key":"SMITH"},{"data":"Searing Blow","floor":15,"key":"SMITH"},{"data":"Immolate","floor":23,"key":"SMITH"},{"data":"Searing Blow+1","floor":25,"key":"SMITH"},{"data":"Searing Blow+2","floor":28,"key":"SMITH"},{"data":"Searing Blow+3","floor":32,"key":"SMITH"},{"data":"Searing Blow+4","floor":40,"key":"SMITH"},{"floor":47,"key":"RECALL"},{"data":"Searing Blow+6","floor":49,"key":"SMITH"},{"data":"Searing Blow+7","floor":52,"key":"SMITH"}],"neow_cost":"NONE","seed_source_timestamp":229673632366164,"circlet_count":0,"master_deck":["Strike_R","Strike_R","Strike_R","Defend_R+1","Defend_R","Defend_R+1","Defend_R","Bash","Warcry+1","Shockwave+1","Infernal Blade+1","Dropkick+1","Corruption+1","Searing Blow+8","Evolve+1","Twin Strike","Immolate+1","Dual Wield+1","Metallicize+1","Pommel Strike+1","Mayhem+1","Seeing Red+1","Feel No Pain+1","Inflame+1","Dark Embrace+1","Power Through+1","Violence+1","Seeing Red+1","Warcry+1","Shrug It Off+1","Burning Pact+1"],"relics":["Burning Blood","Frozen Egg 2","Toxic Egg 2","Orichalcum","Snecko Eye","Bronze Scales","Gambling Chip","Cursed Key","Mummified Hand","War Paint"],"potions_floor_usage":[21,21,55],"damage_taken":[{"damage":6,"enemies":"Cultist","floor":1,"turns":3},{"damage":7,"enemies":"Small Slimes","floor":2,"turns":5},{"damage":0,"enemies":"2 Louse","floor":3,"turns":2},{"damage":13,"enemies":"Gremlin Nob","floor":7,"turns":3},{"damage":7,"enemies":"Gremlin Gang","floor":12,"turns":3},{"damage":8,"enemies":"3 Sentries","floor":13,"turns":5},{"damage":25,"enemies":"Hexaghost","floor":16,"turns":9},{"damage":0,"enemies":"Chosen","floor":18,"turns":3},{"damage":0,"enemies":"Spheric Guardian","floor":19,"turns":3},{"damage":8,"enemies":"Centurion and Healer","floor":21,"turns":4},{"damage":9,"enemies":"Gremlin Leader","floor":24,"turns":4},{"damage":15,"enemies":"Snake Plant","floor":30,"turns":2},{"damage":2,"enemies":"Shelled Parasite and Fungi","floor":31,"turns":2},{"damage":7,"enemies":"Champ","floor":33,"turns":5},{"damage":1,"enemies":"3 Darklings","floor":35,"turns":3},{"damage":0,"enemies":"Orb Walker","floor":36,"turns":1},{"damage":10,"enemies":"Maw","floor":37,"turns":4},{"damage":16,"enemies":"Jaw Worm Horde","floor":39,"turns":2},{"damage":0,"enemies":"Giant Head","floor":42,"turns":4},{"damage":0,"enemies":"Transient","floor":45,"turns":5},{"damage":4,"enemies":"Writhing Mass","floor":46,"turns":3},{"damage":33,"enemies":"Awakened One","floor":50,"turns":5},{"damage":5,"enemies":"Shield and Spear","floor":54,"turns":4},{"damage":40,"enemies":"The Heart","floor":55,"turns":5}],"seed_played":"-8783097525843293167","potions_obtained":[{"floor":3,"key":"BloodPotion"},{"floor":12,"key":"FearPotion"},{"floor":16,"key":"Block Potion"},{"floor":21,"key":"GamblersBrew"},{"floor":33,"key":"AttackPotion"},{"floor":39,"key":"Regen Potion"},{"floor":42,"key":"BloodPotion"}],"is_trial":false,"path_per_floor":["M","M","M","?","?","R","E","R","T","$","R","M","E","?","R","B",null,"M","M","?","M","$","R","E","R","T","$","R","?","M","M","R","B",null,"M","M","M","$","M","R","?","E","T","$","M","M","R","$","R","B",null,"R","$","E","B",null],"character_chosen":"IRONCLAD","items_purchased":["Dropkick","Corruption+1","Mayhem+1","Violence+1","Shrug It Off+1"],"campfire_rested":0,"item_purchase_floors":[10,10,22,38,48],"current_hp_per_floor":[88,87,88,81,81,81,74,74,74,74,74,73,71,71,71,52,88,88,88,71,92,92,92,89,89,89,89,89,89,80,84,84,83,93,93,93,89,89,79,79,79,85,85,85,91,93,93,93,93,66,93,93,93,93,68],"gold":36,"neow_bonus":"TEN_PERCENT_HP_BONUS","is_prod":false,"is_daily":false,"chose_seed":false,"campfire_upgraded":11,"win_rate":0,"timestamp":1564034424,"path_taken":["M","?","M","?","?","R","E","R","T","$","R","M","E","?","R","BOSS","M","?","?","M","$","R","E","R","T","$","R","?","?","M","R","BOSS","M","M","M","$","M","R","?","E","T","?","M","M","R","?","R","BOSS","R","$","E","BOSS"],"build_version":"2019-07-17","purchased_purges":1,"victory":true,"max_hp_per_floor":[88,88,88,88,88,88,88,88,88,88,88,88,88,88,88,88,88,88,88,93,93,93,93,93,93,93,93,93,93,93,93,93,93,93,93,93,93,93,93,93,93,93,93,93,93,93,93,93,93,93,93,93,93,93,93],"card_choices":[{"not_picked":["Metallicize","Armaments"],"picked":"Warcry","floor":1},{"not_picked":["Entrench","Sword Boomerang"],"picked":"Shockwave","floor":2},{"not_picked":["Cleave","Twin Strike"],"picked":"Infernal Blade","floor":3},{"not_picked":["Flex","Anger","Clash"],"picked":"SKIP","floor":7},{"not_picked":["Warcry+1","Carnage"],"picked":"Searing Blow","floor":12},{"not_picked":["Shrug It Off+1","Carnage"],"picked":"Evolve+1","floor":13},{"not_picked":["Berserk+1","Double Tap+1"],"picked":"Immolate","floor":16},{"not_picked":["Heavy Blade","Armaments+1"],"picked":"Dual Wield+1","floor":18},{"not_picked":["Hemokinesis","Cleave"],"picked":"Metallicize+1","floor":19},{"not_picked":["Clash","Sword Boomerang"],"picked":"Pommel Strike+1","floor":21},{"not_picked":["Corruption+1","Warcry+1"],"picked":"Seeing Red+1","floor":24},{"not_picked":["Iron Wave","Wild Strike"],"picked":"Feel No Pain+1","floor":30},{"not_picked":["Feel No Pain+1","Seeing Red+1"],"picked":"Inflame+1","floor":31},{"not_picked":["Juggernaut+1","Feed"],"picked":"Dark Embrace+1","floor":33},{"not_picked":["Pommel Strike","Havoc+1","Entrench+1"],"picked":"SKIP","floor":35},{"not_picked":["Anger","Pommel Strike"],"picked":"Power Through+1","floor":36},{"not_picked":["Headbutt","Twin Strike","Iron Wave"],"picked":"SKIP","floor":37},{"not_picked":["Armaments+1","Whirlwind"],"picked":"Seeing Red+1","floor":39},{"not_picked":["Pommel Strike","Clothesline+1","Immolate"],"picked":"SKIP","floor":42},{"not_picked":["Wild Strike","Clothesline+1","Shrug It Off+1"],"picked":"SKIP","floor":45},{"not_picked":["Flex+1","Shrug It Off+1"],"picked":"Warcry+1","floor":46},{"not_picked":["Limit Break+1","True Grit+1"],"picked":"Burning Pact+1","floor":54}],"player_experience":113870,"relics_obtained":[{"floor":7,"key":"Frozen Egg 2"},{"floor":9,"key":"Toxic Egg 2"},{"floor":13,"key":"Orichalcum"},{"floor":24,"key":"Bronze Scales"},{"floor":26,"key":"Gambling Chip"},{"floor":42,"key":"Mummified Hand"},{"floor":54,"key":"War Paint"}],"event_choices":[{"cards_removed":["Strike_R"],"damage_healed":0,"gold_gain":0,"player_choice":"Card Removal","damage_taken":7,"max_hp_gain":0,"max_hp_loss":0,"event_name":"Golden Wing","floor":4,"gold_loss":0},{"damage_healed":0,"gold_gain":0,"player_choice":"Grow","damage_taken":0,"max_hp_gain":0,"max_hp_loss":0,"event_name":"Living Wall","floor":5,"gold_loss":0,"cards_upgraded":["Infernal Blade"]},{"damage_healed":0,"gold_gain":0,"cards_transformed":["Strike_R"],"player_choice":"Transformed","damage_taken":0,"max_hp_gain":0,"max_hp_loss":0,"event_name":"Transmorgrifier","floor":14,"gold_loss":0,"cards_obtained":["Twin Strike"]},{"damage_healed":0,"gold_gain":0,"player_choice":"Shed Blood","damage_taken":22,"max_hp_gain":5,"max_hp_loss":0,"event_name":"Forgotten Altar","floor":20,"gold_loss":0},{"damage_healed":0,"gold_gain":0,"player_choice":"Ignored","damage_taken":0,"max_hp_gain":0,"max_hp_loss":0,"event_name":"NoteForYourself","floor":29,"gold_loss":0},{"damage_healed":0,"gold_gain":0,"player_choice":"Upgraded","damage_taken":0,"max_hp_gain":0,"max_hp_loss":0,"event_name":"Upgrade Shrine","floor":41,"gold_loss":0,"cards_upgraded":["Searing Blow"]}],"is_beta":false,"boss_relics":[{"not_picked":["White Beast Statue","Coffee Dripper"],"picked":"Snecko Eye"},{"not_picked":["Fusion Hammer","Runic Pyramid"],"picked":"Cursed Key"}],"items_purged_floors":[44],"is_endless":false,"potions_floor_spawned":[3,12,16,19,21,33,35,39,42,46],"ascension_level":0}