{"gold_per_floor":[215,140,140,159,30,30,49,49,49,49,88,38,38,58,58,157,157,175,175,225,185],"floor_reached":21,"playtime":737,"items_purged":["Strike_B"],"score":333,"play_id":"f334df5b-2097-475e-a379-6db2062535a1","local_time":"20190107235158","is_ascension_mode":true,"campfire_choices":[{"data":"Zap","floor":6,"key":"SMITH"},{"data":"Ball Lightning","floor":8,"key":"SMITH"},{"data":"Cold Snap","floor":10,"key":"SMITH"},{"data":"Go for the Eyes","floor":13,"key":"SMITH"},{"floor":15,"key":"REST"}],"neow_cost":"NONE","seed_source_timestamp":1559261550725874,"circlet_count":0,"master_deck":["AscendersBane","Strike_B","Strike_B","Defend_B","Defend_B","Defend_B","Defend_B","Zap+1","Dualcast","Cold Snap+1","Ball Lightning+1","Go for the Eyes+1","Coolheaded+1","Go for the Eyes","Buffer","Coolheaded+1"],"relics":["Cracked Core","Golden Idol","Toxic Egg 2","Art of War","Nuclear Battery"],"potions_floor_usage":[11,16,16,18],"damage_taken":[{"damage":0,"enemies":"2 Louse","floor":1,"turns":3},{"damage":14,"enemies":"Jaw Worm","floor":4,"turns":4},{"damage":0,"enemies":"Cultist","floor":7,"turns":3},{"damage":18,"enemies":"Lagavulin","floor":11,"turns":6},{"damage":8,"enemies":"Gremlin Gang","floor":14,"turns":4},{"damage":18,"enemies":"Hexaghost","floor":16,"turns":10},{"damage":2,"enemies":"Spheric Guardian","floor":18,"turns":5},{"damage":38,"enemies":"Colosseum Slavers","floor":19,"turns":6},{"damage":14,"enemies":"2 Thieves","floor":21,"turns":1}],"seed_played":"8760770178756128715","potions_obtained":[{"floor":1,"key":"Energy Potion"},{"floor":7,"key":"EntropicBrew"},{"floor":14,"key":"Strength Potion"}],"is_trial":false,"path_per_floor":["M","?","?","M","$","R","M","R","T","R","E","$","R","M","R","B",null,"M","?","?","M"],"character_chosen":"DEFECT","items_purchased":["Cold Snap","Coolheaded+1"],"campfire_rested":1,"item_purchase_floors":[5,12],"current_hp_per_floor":[64,64,64,50,50,50,50,50,50,50,32,32,32,24,43,25,54,52,14,14,0],"gold":185,"neow_bonus":"HUNDRED_GOLD","is_prod":false,"is_daily":false,"chose_seed":false,"campfire_upgraded":4,"win_rate":0,"timestamp":1546901518,"path_taken":["M","?","?","M","?","R","M","R","T","R","E","$","R","M","R","BOSS","M","?","?","M"],"build_version":"2019-01-03v4","purchased_purges":1,"victory":false,"max_hp_per_floor":[71,71,64,64,64,64,64,64,64,64,64,64,64,64,64,64,64,64,64,64,64],"card_choices":[{"not_picked":["Skim","Barrage","Redo"],"picked":"SKIP","floor":1},{"not_picked":["Chaos","Barrage","Hello World"],"picked":"SKIP","floor":4},{"not_picked":["Static Discharge","Leap"],"picked":"Ball Lightning","floor":7},{"not_picked":["Rebound","Turbo+1"],"picked":"Go for the Eyes","floor":11},{"not_picked":["Rebound","Streamline"],"picked":"Go for the Eyes","floor":14},{"not_picked":["Multi-Cast+1","All For One"],"picked":"Buffer","floor":16},{"not_picked":["Redo+1","Capacitor"],"picked":"Coolheaded+1","floor":18}],"player_experience":490249,"relics_obtained":[{"floor":9,"key":"Toxic Egg 2"},{"floor":11,"key":"Art of War"}],"event_choices":[{"cards_removed":["Strike_B"],"damage_healed":0,"gold_gain":0,"player_choice":"Card Removal","damage_taken":0,"max_hp_gain":0,"max_hp_loss":0,"event_name":"The Cleric","floor":2,"gold_loss":75},{"damage_healed":0,"gold_gain":0,"player_choice":"Lose Max HP","damage_taken":0,"relics_obtained":["Golden Idol"],"max_hp_gain":0,"max_hp_loss":7,"event_name":"Golden Idol","floor":3,"gold_loss":0},{"damage_healed":0,"gold_gain":0,"player_choice":"Fight","damage_taken":0,"max_hp_gain":0,"max_hp_loss":0,"event_name":"Colosseum","floor":19,"gold_loss":0},{"damage_healed":0,"gold_gain":0,"player_choice":"Fled From Nobs","damage_taken":0,"max_hp_gain":0,"max_hp_loss":0,"event_name":"Colosseum","floor":19,"gold_loss":0},{"damage_healed":0,"gold_gain":50,"player_choice":"Stole From Cult","damage_taken":0,"max_hp_gain":0,"max_hp_loss":0,"event_name":"Nest","floor":20,"gold_loss":0}],"is_beta":false,"boss_relics":[{"not_picked":["Orrery","Philosopher\u0027s Stone"],"picked":"Nuclear Battery"}],"items_purged_floors":[5],"is_endless":false,"potions_floor_spawned":[1,7,14,16,19],"killed_by":"2 Thieves","ascension_level":18}