{"gold_per_floor":[114,4,4,20,34,68,68,38,65,36,36,52,17,42,42,120,120,136,151,170,170,42,42,72,72,72,72,72],"floor_reached":28,"playtime":1400,"items_purged":[],"score":439,"play_id":"ebf9f2de-335a-4603-aa84-e2eb3e5a70d5","local_time":"20190113173200","is_ascension_mode":true,"campfire_choices":[{"floor":7,"key":"REST"},{"data":"Footwork","floor":11,"key":"SMITH"},{"data":"Neutralize","floor":15,"key":"SMITH"},{"data":"Tools of the Trade","floor":23,"key":"SMITH"},{"data":"Catalyst","floor":25,"key":"SMITH"},{"data":"Cloak And Dagger","floor":27,"key":"SMITH"}],"neow_cost":"NONE","seed_source_timestamp":54482800016077,"circlet_count":0,"master_deck":["AscendersBane","Defend_G","Defend_G","Defend_G","Defend_G","Defend_G","Strike_G","Strike_G","Strike_G","Strike_G","Survivor","Neutralize+1","Cloak And Dagger+1","Noxious Fumes+1","PiercingWail","Footwork+1","Glass Knife","Deflect","Backflip","Leg Sweep","Tools of the Trade+1","Bane+1","Dodge and Roll","Catalyst+1","Cloak And Dagger","Heel Hook"],"relics":["Ring of the Snake","NeowsBlessing","Potion Belt","Blood Vial","Torii","White Beast Statue","Anchor","Bottled Flame"],"potions_floor_usage":[6,6,18,24,28,28,28,28],"damage_taken":[{"damage":0,"enemies":"2 Louse","floor":1,"turns":1},{"damage":0,"enemies":"Cultist","floor":4,"turns":1},{"damage":0,"enemies":"Jaw Worm","floor":5,"turns":1},{"damage":31,"enemies":"Gremlin Nob","floor":6,"turns":5},{"damage":3,"enemies":"Looter","floor":8,"turns":4},{"damage":5,"enemies":"Exordium Thugs","floor":12,"turns":6},{"damage":9,"enemies":"3 Sentries","floor":14,"turns":7},{"damage":9,"enemies":"The Guardian","floor":16,"turns":14},{"damage":9,"enemies":"Spheric Guardian","floor":18,"turns":6},{"damage":2,"enemies":"Shell Parasite","floor":19,"turns":7},{"damage":10,"enemies":"Shelled Parasite and Fungi","floor":20,"turns":8},{"damage":3,"enemies":"Book of Stabbing","floor":24,"turns":10},{"damage":50,"enemies":"Gremlin Leader","floor":28,"turns":5}],"seed_played":"-4647595120052829529","potions_obtained":[{"floor":1,"key":"SkillPotion"},{"floor":4,"key":"SteroidPotion"},{"floor":12,"key":"Dexterity Potion"},{"floor":14,"key":"Energy Potion"},{"floor":18,"key":"Ancient Potion"},{"floor":19,"key":"SteroidPotion"},{"floor":20,"key":"GamblersBrew"},{"floor":24,"key":"SteroidPotion"}],"is_trial":false,"path_per_floor":["M","$","?","M","M","E","R","M","T","$","R","M","?","E","R","B",null,"M","M","M","?","$","R","E","R","T","R","E"],"character_chosen":"THE_SILENT","items_purchased":["Noxious Fumes","PiercingWail","Backflip","Catalyst","Cloak And Dagger"],"campfire_rested":1,"item_purchase_floors":[2,2,10,22,22],"current_hp_per_floor":[59,59,59,59,59,28,47,44,44,44,44,41,57,50,50,43,60,53,53,45,45,45,45,44,44,44,44,0],"gold":72,"neow_bonus":"THREE_ENEMY_KILL","is_prod":false,"is_daily":false,"chose_seed":false,"campfire_upgraded":5,"win_rate":0,"timestamp":1547397120,"path_taken":["M","$","?","M","?","E","R","M","T","$","R","?","?","E","R","BOSS","M","M","M","?","?","R","E","R","T","R","E"],"build_version":"2019-01-10","purchased_purges":0,"victory":false,"max_hp_per_floor":[66,66,66,66,66,66,66,66,66,66,66,66,66,66,66,66,66,66,66,66,66,66,66,66,66,66,66,66],"card_choices":[{"not_picked":["Caltrops","Outmaneuver"],"picked":"Cloak And Dagger","floor":1},{"not_picked":["Setup","Quick Slash"],"picked":"Footwork","floor":4},{"not_picked":["Backflip","PiercingWail"],"picked":"Glass Knife","floor":5},{"not_picked":["Setup","Deadly Poison"],"picked":"Deflect","floor":6},{"not_picked":["Choke","Setup","Deadly Poison"],"picked":"SKIP","floor":8},{"not_picked":["Dagger Throw","Underhanded Strike","Slice"],"picked":"SKIP","floor":12},{"not_picked":["Dagger Throw","Underhanded Strike","Slice"],"picked":"SKIP","floor":12},{"not_picked":["Bane","Poisoned Stab"],"picked":"Leg Sweep","floor":14},{"not_picked":["Wraith Form v2","Storm of Steel"],"picked":"Tools of the Trade","floor":16},{"not_picked":["Acrobatics","Predator"],"picked":"Bane+1","floor":18},{"not_picked":["Outmaneuver","Prepared"],"picked":"Dodge and Roll","floor":19},{"not_picked":["Prepared","Dagger Spray","Deadly Poison"],"picked":"SKIP","floor":20},{"not_picked":["Reflex","Sucker Punch"],"picked":"Heel Hook","floor":24}],"player_experience":519322,"relics_obtained":[{"floor":6,"key":"Potion Belt"},{"floor":9,"key":"Blood Vial"},{"floor":14,"key":"Torii"},{"floor":24,"key":"Anchor"},{"floor":26,"key":"Bottled Flame"}],"event_choices":[{"damage_healed":0,"gold_gain":0,"player_choice":"Upgraded","damage_taken":0,"max_hp_gain":0,"max_hp_loss":0,"event_name":"Upgrade Shrine","floor":3,"gold_loss":0,"cards_upgraded":["Noxious Fumes"]},{"damage_healed":16,"gold_gain":0,"player_choice":"Healed","damage_taken":0,"max_hp_gain":0,"max_hp_loss":0,"event_name":"The Cleric","floor":13,"gold_loss":35},{"cards_removed":["Strike_G"],"damage_healed":0,"gold_gain":0,"player_choice":"Offered Basic","damage_taken":0,"max_hp_gain":0,"max_hp_loss":0,"event_name":"Bonfire Elementals","floor":21,"gold_loss":0}],"is_beta":false,"boss_relics":[{"not_picked":["Pandora\u0027s Box","Tiny House"],"picked":"White Beast Statue"}],"items_purged_floors":[],"is_endless":false,"potions_floor_spawned":[1,4,12,14,18,19,20,24],"killed_by":"Gremlin Leader","ascension_level":16}