{"gold_per_floor":[109,109,59,71,91,123,142,142,142,36,65,65,94,105,105,203,203,219,26,26,37,47,47,77,0,0,0,57,57,57,67,67,166,166,182,182,26,39,50,77,77,92,116,146,172,172,172,172,172,172,172,172,30,62,62],"floor_reached":56,"playtime":6176,"items_purged":[],"score":1258,"play_id":"8ac1b9f8-a29d-49f6-af36-1852a6b48484","local_time":"20190416130255","is_ascension_mode":true,"campfire_choices":[{"floor":8,"key":"RECALL"},{"floor":15,"key":"REST"},{"floor":23,"key":"REST"},{"floor":27,"key":"REST"},{"floor":30,"key":"REST"},{"floor":32,"key":"REST"},{"floor":41,"key":"REST"},{"floor":46,"key":"DIG"},{"floor":49,"key":"REST"},{"floor":52,"key":"DIG"}],"neow_cost":"NONE","seed_source_timestamp":0,"circlet_count":0,"master_deck":["Strike_R","Strike_R","Strike_R","Strike_R","Strike_R","Defend_R","Defend_R","Defend_R","Defend_R","Bash","Metallicize","Shrug It Off","Rampage","Warcry+1","Seeing Red","Cleave+1","Clothesline+1","Metallicize","Rage","Infernal Blade","Disarm","Demon Form","Thunderclap+1","Sadistic Nature","Iron Wave+1","Battle Trance","Thunderclap+1","Feel No Pain","Shockwave+1","Anger+1","Dark Embrace","Anger+1","Double Tap+1","Fire Breathing","Panacea","Secret Technique+1","Sadistic Nature","Pommel Strike+1","Iron Wave+1","Intimidate+1","Iron Wave+1","Cleave+1","Dual Wield","Inflame"],"special_seed":0,"relics":["Burning Blood","Molten Egg 2","Shovel","Du-Vu Doll","PreservedInsect","Mark of Pain","Enchiridion","Boot","Shuriken","Tiny Chest","Runic Cube","Pen Nib","War Paint","Smiling Mask","Red Skull","Orichalcum","The Courier","Bottled Flame","Pantograph"],"potions_floor_usage":[11,16,16,22,31,33,40,50,50,50,50,55,55],"damage_taken":[{"damage":3.0,"enemies":"Small Slimes","floor":1.0,"turns":3.0},{"damage":0.0,"enemies":"2 Louse","floor":4.0,"turns":3.0},{"damage":1.0,"enemies":"Cultist","floor":5.0,"turns":4.0},{"damage":13.0,"enemies":"Gremlin Nob","floor":6.0,"turns":4.0},{"damage":12,"enemies":"Blue Slaver","floor":7,"turns":5},{"damage":20,"enemies":"3 Sentries","floor":11,"turns":4},{"damage":10,"enemies":"Lagavulin","floor":13,"turns":9},{"damage":11,"enemies":"Looter","floor":14,"turns":4},{"damage":7,"enemies":"Hexaghost","floor":16,"turns":13},{"damage":23,"enemies":"Spheric Guardian","floor":18,"turns":6},{"damage":21,"enemies":"2 Thieves","floor":21,"turns":5},{"damage":23,"enemies":"Centurion and Healer","floor":22,"turns":5},{"damage":26,"enemies":"Book of Stabbing","floor":24,"turns":6},{"damage":34,"enemies":"Slavers","floor":28,"turns":3},{"damage":8,"enemies":"Cultist and Chosen","floor":31,"turns":8},{"damage":26,"enemies":"Collector","floor":33,"turns":6},{"damage":16,"enemies":"Orb Walker","floor":35,"turns":4},{"damage":16,"enemies":"3 Darklings","floor":38,"turns":5},{"damage":4,"enemies":"Maw","floor":39,"turns":7},{"damage":20,"enemies":"Nemesis","floor":40,"turns":5},{"damage":0,"enemies":"Transient","floor":42,"turns":5},{"damage":21,"enemies":"Giant Head","floor":44,"turns":7},{"damage":52,"enemies":"Donu and Deca","floor":50,"turns":8},{"damage":48,"enemies":"Shield and Spear","floor":54,"turns":6},{"damage":79,"enemies":"The Heart","floor":55,"turns":8}],"seed_played":"4167559463326269987","potions_obtained":[{"floor":1.0,"key":"Explosive Potion"},{"floor":4.0,"key":"PowerPotion"},{"floor":7,"key":"Energy Potion"},{"floor":14,"key":"Weak Potion"},{"floor":16,"key":"FairyPotion"},{"floor":21,"key":"Explosive Potion"},{"floor":24,"key":"Strength Potion"},{"floor":28,"key":"AttackPotion"},{"floor":31,"key":"GamblersBrew"},{"floor":35,"key":"AttackPotion"},{"floor":40,"key":"EntropicBrew"},{"floor":44,"key":"PowerPotion"}],"is_trial":false,"path_per_floor":["M","?","$","M","M","E","M","R","T","$","E","?","E","M","R","B",null,"M","$","?","M","M","R","E","$","T","R","E","?","R","M","R","B",null,"M","?","$","M","M","E","R","M","T","E","T","R","?","?","R","B",null,"R","$","E","B",null],"character_chosen":"IRONCLAD","items_purchased":["Shrug It Off","Clothesline+1","Metallicize","Sadistic Nature","Feel No Pain","Pen Nib","Dual Wield","Dexterity Potion","Poison Potion"],"campfire_rested":7,"item_purchase_floors":[3,10,10,19,25,37,53,53,53],"current_hp_per_floor":[88,88,88,88,88,81,75,75,75,75,61,58,54,49,75,74,88,71,71,55,40,23,49,29,29,29,55,27,27,53,51,77,57,88,78,68,68,58,60,46,72,78,78,63,63,63,63,63,88,42,88,88,88,46,8],"gold":62,"neow_bonus":"TEN_PERCENT_HP_BONUS","is_prod":false,"is_daily":false,"chose_seed":false,"campfire_upgraded":0,"win_rate":0,"timestamp":1555434175,"path_taken":["M","?","$","M","M","E","M","R","T","$","E","?","E","M","R","BOSS","M","$","?","M","M","R","E","$","T","R","E","?","R","?","R","BOSS","M","?","$","M","M","E","R","M","T","E","?","R","?","?","R","BOSS","R","$","E","BOSS"],"build_version":"2019-01-23","purchased_purges":0,"victory":true,"max_hp_per_floor":[88,88,88,88,88,88,88,88,88,88,88,88,88,88,88,88,88,88,88,88,88,88,88,88,88,88,88,88,88,88,88,88,88,88,88,88,88,88,88,88,88,88,88,88,88,88,88,88,88,88,88,88,88,88,88],"card_choices":[{"not_picked":["Anger","Rupture"],"picked":"Metallicize","floor":1.0},{"not_picked":["Armaments","Cleave"],"picked":"Rampage","floor":4.0},{"not_picked":["Perfected Strike","Clothesline"],"picked":"Warcry","floor":5.0},{"not_picked":["Feel No Pain","Cleave"],"picked":"Seeing Red","floor":6.0},{"not_picked":["Shrug It Off","Impervious"],"picked":"Cleave+1","floor":7},{"not_picked":["Battle Trance","Twin Strike+1"],"picked":"Rage","floor":11},{"not_picked":["Sever Soul+1","Immolate+1"],"picked":"Infernal Blade","floor":13},{"not_picked":["Heavy Blade+1","Warcry"],"picked":"Disarm","floor":14},{"not_picked":["Bludgeon+1","Brutality"],"picked":"Demon Form","floor":16},{"not_picked":["Perfected Strike+1","Ghostly Armor"],"picked":"Thunderclap+1","floor":18},{"not_picked":["Combust","Carnage+1"],"picked":"Iron Wave+1","floor":21},{"not_picked":["Intimidate","Sword Boomerang+1"],"picked":"Battle Trance","floor":22},{"not_picked":["Sword Boomerang+1","Perfected Strike+1"],"picked":"Thunderclap+1","floor":24},{"not_picked":["Brutality","Bludgeon+1"],"picked":"Shockwave+1","floor":28},{"not_picked":["True Grit","Reckless Charge+1"],"picked":"Anger+1","floor":31},{"not_picked":["Bludgeon+1","Dark Embrace"],"picked":"Double Tap","floor":33},{"not_picked":["Cleave+1","Bloodletting+1"],"picked":"Fire Breathing","floor":35},{"not_picked":["PanicButton","Panache"],"picked":"Panacea","floor":36},{"not_picked":["HandOfGreed+1","Transmutation"],"picked":"Secret Technique","floor":36},{"not_picked":["The Bomb","Purity"],"picked":"Sadistic Nature","floor":36},{"not_picked":["Body Slam+1","Heavy Blade+1"],"picked":"Pommel Strike+1","floor":38},{"not_picked":["Clash+1","Combust"],"picked":"Iron Wave+1","floor":39},{"not_picked":["Cleave+1","Body Slam+1"],"picked":"Intimidate+1","floor":40},{"not_picked":["Clash+1","Thunderclap+1"],"picked":"Iron Wave+1","floor":42},{"not_picked":["Twin Strike+1","Impervious"],"picked":"Cleave+1","floor":44},{"not_picked":["Disarm","Perfected Strike+1"],"picked":"Inflame","floor":54}],"player_experience":94377,"relics_obtained":[{"floor":6.0,"key":"Molten Egg 2"},{"floor":11,"key":"Shovel"},{"floor":13,"key":"PreservedInsect"},{"floor":20,"key":"Enchiridion"},{"floor":24,"key":"Boot"},{"floor":26,"key":"Shuriken"},{"floor":28,"key":"Tiny Chest"},{"floor":40,"key":"War Paint"},{"floor":43,"key":"Smiling Mask"},{"floor":44,"key":"Red Skull"},{"floor":45,"key":"Orichalcum"},{"floor":46,"key":"The Courier"},{"floor":52,"key":"Bottled Flame"},{"floor":54,"key":"Pantograph"}],"event_choices":[{"damage_healed":0.0,"max_hp_gain":0.0,"max_hp_loss":0.0,"gold_gain":0.0,"event_name":"The Cleric","player_choice":"Leave","floor":2.0,"gold_loss":0.0,"damage_taken":0.0},{"damage_healed":0,"gold_gain":0,"player_choice":"Success","damage_taken":3,"relics_obtained":["Du-Vu Doll"],"max_hp_gain":0,"max_hp_loss":0,"event_name":"Scrap Ooze","floor":12,"gold_loss":0},{"damage_healed":0,"gold_gain":0,"player_choice":"Obtained Book","damage_taken":16,"max_hp_gain":0,"max_hp_loss":0,"event_name":"Cursed Tome","floor":20,"gold_loss":0},{"damage_healed":0,"gold_gain":0,"player_choice":"2 cards matched","damage_taken":0,"max_hp_gain":0,"max_hp_loss":0,"event_name":"Match and Keep!","floor":29,"gold_loss":0,"cards_obtained":["Anger","Dark Embrace"]},{"damage_healed":0,"gold_gain":0,"player_choice":"Memory 3","damage_taken":10,"max_hp_gain":0,"max_hp_loss":0,"event_name":"SensoryStone","floor":36,"gold_loss":0},{"damage_healed":0,"gold_gain":0,"player_choice":"Ignored","damage_taken":0,"max_hp_gain":0,"max_hp_loss":0,"event_name":"Mysterious Sphere","floor":47,"gold_loss":0},{"damage_healed":0,"gold_gain":0,"player_choice":"Upgraded","damage_taken":0,"max_hp_gain":0,"max_hp_loss":0,"event_name":"Upgrade Shrine","floor":48,"gold_loss":0,"cards_upgraded":["Double Tap"]}],"is_beta":false,"boss_relics":[{"not_picked":["Tiny House","Fusion Hammer"],"picked":"Mark of Pain"},{"not_picked":["Astrolabe","Busted Crown"],"picked":"Runic Cube"}],"items_purged_floors":[],"is_endless":false,"potions_floor_spawned":[1,4,7,14,16,21,24,28,31,35,40,44],"ascension_level":1}