{"gold_per_floor":[113,132,143,153,172,203,203,218,218,140,154,12,45,45,45,145,145,162,87,119,19,34,34,47,47,123,138,51,81,92,74,74,170,170,189,589,599,15,27,27,107,107],"floor_reached":42,"playtime":3192,"items_purged":["Defend_R","Strike_R","Defend_R","Defend_R"],"score":502,"play_id":"4aa04aaf-c666-497b-9f78-ecae2e752961","local_time":"20191007225330","is_ascension_mode":true,"campfire_choices":[{"data":"Bash","floor":7.0,"key":"SMITH"},{"floor":15.0,"key":"REST"},{"data":"Flex","floor":23,"key":"SMITH"},{"floor":25,"key":"REST"},{"floor":32,"key":"REST"},{"data":"Limit Break","floor":40,"key":"SMITH"}],"neow_cost":"NONE","seed_source_timestamp":0,"circlet_count":0,"master_deck":["Strike_R","Strike_R","Strike_R","Defend_R","Bash+1","Shrug It Off","True Grit","Twin Strike","True Grit","Sword Boomerang","Armaments","Metallicize","Metallicize","Metallicize","Limit Break+1","Sword Boomerang","Thunderclap","Flex+1","Inflame","Whirlwind","Spot Weakness","Metallicize","Shrug It Off","Reaper","Disarm+1","Whirlwind+1","Feel No Pain","Inflame","Shrug It Off","Battle Trance+1","Injury"],"special_seed":0,"relics":["Burning Blood","NeowsBlessing","Ancient Tea Set","The Courier","Centennial Puzzle","Kunai","Velvet Choker","Red Mask","Meat on the Bone","Ornamental Fan","Cursed Key","Old Coin","Brimstone","Peace Pipe"],"potions_floor_usage":[20,24,29,39,42],"damage_taken":[{"damage":0.0,"enemies":"Cultist","floor":1.0,"turns":1.0},{"damage":0.0,"enemies":"2 Louse","floor":2.0,"turns":1.0},{"damage":0.0,"enemies":"Small Slimes","floor":3.0,"turns":1.0},{"damage":4.0,"enemies":"Blue Slaver","floor":4.0,"turns":6.0},{"damage":15.0,"enemies":"Exordium Thugs","floor":5.0,"turns":5.0},{"damage":25.0,"enemies":"3 Sentries","floor":6.0,"turns":10.0},{"damage":0.0,"enemies":"Looter","floor":8.0,"turns":4.0},{"damage":8.0,"enemies":"Gremlin Gang","floor":11.0,"turns":9.0},{"damage":15.0,"enemies":"Lagavulin","floor":13.0,"turns":8.0},{"damage":6.0,"enemies":"The Guardian","floor":16.0,"turns":13.0},{"damage":10,"enemies":"Spheric Guardian","floor":18,"turns":9},{"damage":55,"enemies":"Masked Bandits","floor":20,"turns":7},{"damage":4,"enemies":"Shell Parasite","floor":22,"turns":6},{"damage":7,"enemies":"Chosen and Byrds","floor":24,"turns":8},{"damage":5,"enemies":"Snake Plant","floor":27,"turns":4},{"damage":41,"enemies":"Slavers","floor":29,"turns":6},{"damage":20,"enemies":"Cultist and Chosen","floor":30,"turns":6},{"damage":19,"enemies":"Champ","floor":33,"turns":9},{"damage":2,"enemies":"Orb Walker","floor":35,"turns":3},{"damage":6,"enemies":"Mind Bloom Boss Battle","floor":36,"turns":8},{"damage":20,"enemies":"3 Darklings","floor":37,"turns":5},{"damage":0,"enemies":"Jaw Worm Horde","floor":39,"turns":1},{"damage":85,"enemies":"Nemesis","floor":42,"turns":10}],"seed_played":"-5765704398789343799","potions_obtained":[{"floor":2.0,"key":"PowerPotion"},{"floor":3.0,"key":"Block Potion"},{"floor":11.0,"key":"LiquidBronze"},{"floor":18,"key":"Fire Potion"},{"floor":30,"key":"Block Potion"},{"floor":33,"key":"SmokeBomb"},{"floor":37,"key":"Energy Potion"}],"is_trial":false,"path_per_floor":["M","M","M","M","M","E","R","M","T","$","M","$","E","?","R","B",null,"M","?","?","$","M","R","M","R","T","M","$","E","M","$","R","B",null,"M","?","M","$","M","R","T","E"],"character_chosen":"IRONCLAD","items_purchased":["Armaments","Metallicize","Spot Weakness","Metallicize","Shrug It Off","Inflame","Shrug It Off","Brimstone","Peace Pipe"],"campfire_rested":3,"item_purchase_floors":[10,12,28,28,31,38,38,38,38],"current_hp_per_floor":[80,80,80,80,71,52,52,58,58,58,56,56,47,47,71,71,80,76,76,27,27,29,29,28,52,52,53,53,30,28,28,52,51,80,80,80,80,80,80,80,80,0],"gold":107,"neow_bonus":"THREE_ENEMY_KILL","is_prod":false,"is_daily":false,"chose_seed":false,"campfire_upgraded":3,"win_rate":0,"timestamp":1570481610,"path_taken":["M","M","M","M","M","E","R","M","T","$","M","?","E","?","R","BOSS","M","?","?","$","M","R","M","R","T","M","$","E","M","$","R","BOSS","M","?","M","$","M","R","?","E"],"build_version":"2019-07-17","purchased_purges":4,"victory":false,"max_hp_per_floor":[80,80,80,80,80,80,80,80,80,80,80,80,80,80,80,80,80,80,80,80,80,80,80,80,80,80,80,80,80,80,80,80,80,80,80,80,80,80,80,80,80,80],"card_choices":[{"not_picked":["Clothesline","Seeing Red"],"picked":"Shrug It Off","floor":1.0},{"not_picked":["Bludgeon","Clash"],"picked":"True Grit","floor":2.0},{"not_picked":["Reckless Charge","Clothesline","Perfected Strike"],"picked":"SKIP","floor":3.0},{"not_picked":["Combust","Bloodletting"],"picked":"Twin Strike","floor":4.0},{"not_picked":["Anger","Brutality"],"picked":"True Grit","floor":5.0},{"not_picked":["Anger","Twin Strike","Reckless Charge"],"picked":"SKIP","floor":6.0},{"not_picked":["Searing Blow","Dropkick"],"picked":"Sword Boomerang","floor":8.0},{"not_picked":["Clothesline","Iron Wave"],"picked":"Metallicize","floor":11.0},{"not_picked":["Burning Pact","Dark Embrace"],"picked":"Metallicize","floor":13.0},{"not_picked":["Immolate","Juggernaut"],"picked":"Limit Break","floor":16.0},{"not_picked":["Clash+1","Sever Soul"],"picked":"Sword Boomerang","floor":18},{"not_picked":["Blood for Blood","Clash"],"picked":"Thunderclap","floor":20},{"not_picked":["Sword Boomerang+1","Heavy Blade"],"picked":"Flex","floor":22},{"not_picked":["Disarm+1","Battle Trance+1"],"picked":"Inflame","floor":24},{"not_picked":["Sword Boomerang","Burning Pact+1"],"picked":"Whirlwind","floor":27},{"not_picked":["Pommel Strike","Perfected Strike","Sword Boomerang"],"picked":"SKIP","floor":29},{"not_picked":["Body Slam","Cleave","Hemokinesis+1"],"picked":"SKIP","floor":30},{"not_picked":["Fiend Fire","Feed"],"picked":"Reaper","floor":33},{"not_picked":["Burning Pact+1","Rupture+1"],"picked":"Disarm+1","floor":35},{"not_picked":["Clothesline+1","Bloodletting+1"],"picked":"Whirlwind+1","floor":36},{"not_picked":["Flame Barrier","Blood for Blood"],"picked":"Feel No Pain","floor":37},{"not_picked":["Carnage+1","Combust+1"],"picked":"Battle Trance+1","floor":39}],"player_experience":642657,"relics_obtained":[{"floor":6.0,"key":"Ancient Tea Set"},{"floor":9.0,"key":"The Courier"},{"floor":13.0,"key":"Centennial Puzzle"},{"floor":20,"key":"Red Mask"},{"floor":26,"key":"Meat on the Bone"},{"floor":29,"key":"Ornamental Fan"},{"floor":36,"key":"Old Coin"}],"event_choices":[{"damage_healed":0.0,"max_hp_gain":0.0,"max_hp_loss":0.0,"gold_gain":0.0,"event_name":"WeMeetAgain","player_choice":"Gave Potion","floor":14.0,"gold_loss":0.0,"damage_taken":0.0,"relics_obtained":["Kunai"]},{"cards_removed":["Strike_R"],"damage_healed":0,"gold_gain":0,"player_choice":"Gave Gold","damage_taken":0,"max_hp_gain":0,"max_hp_loss":0,"event_name":"Beggar","floor":19,"gold_loss":75},{"damage_healed":0,"gold_gain":0,"player_choice":"Fought Bandits","damage_taken":0,"max_hp_gain":0,"max_hp_loss":0,"event_name":"Masked Bandits","floor":20,"gold_loss":0},{"damage_healed":0,"gold_gain":0,"player_choice":"Fight","damage_taken":0,"max_hp_gain":0,"max_hp_loss":0,"event_name":"MindBloom","floor":36,"gold_loss":0}],"is_beta":false,"boss_relics":[{"not_picked":["Black Blood","Lizard Tail"],"picked":"Velvet Choker"},{"not_picked":["Coffee Dripper","Pandora\u0027s Box"],"picked":"Cursed Key"}],"items_purged_floors":[10,12,21,38],"is_endless":false,"potions_floor_spawned":[2,3,11,18,30,33,37],"killed_by":"Nemesis","ascension_level":1}