{"gold_per_floor":[113,133,148,128,48,48,64,99,111,138,150,179,191,89,89,89],"floor_reached":16,"playtime":790,"items_purged":["Strike_G"],"score":194,"play_id":"a7536ee6-0537-4c7a-8961-1239c367ec28","local_time":"20190125033257","is_ascension_mode":true,"campfire_choices":[{"data":"Footwork","floor":6,"key":"SMITH"},{"floor":11,"key":"REST"},{"data":"Neutralize","floor":13,"key":"SMITH"},{"floor":15,"key":"REST"}],"neow_cost":"NONE","seed_source_timestamp":275201412604927,"circlet_count":0,"master_deck":["AscendersBane","Defend_G","Defend_G","Defend_G","Defend_G","Defend_G","Strike_G","Strike_G","Strike_G","Strike_G","Survivor","Neutralize+1","Dagger Spray","Dash","Well Laid Plans","Footwork+1","Endless Agony","Escape Plan","Well Laid Plans"],"relics":["Ring of the Snake","NeowsBlessing","MawBank","Question Card"],"potions_floor_usage":[],"damage_taken":[{"damage":0,"enemies":"2 Louse","floor":1,"turns":1},{"damage":0,"enemies":"Cultist","floor":2,"turns":1},{"damage":0,"enemies":"Jaw Worm","floor":3,"turns":1},{"damage":15,"enemies":"3 Louse","floor":7,"turns":4},{"damage":18,"enemies":"3 Sentries","floor":8,"turns":11},{"damage":20,"enemies":"Gremlin Gang","floor":10,"turns":5},{"damage":0,"enemies":"2 Fungi Beasts","floor":12,"turns":3},{"damage":46,"enemies":"Hexaghost","floor":16,"turns":16}],"seed_played":"1276342959985814055","potions_obtained":[{"floor":3,"key":"Swift Potion"},{"floor":4,"key":"EssenceOfSteel"},{"floor":10,"key":"Fire Potion"},{"floor":12,"key":"AttackPotion"}],"is_trial":false,"path_per_floor":["M","M","M","?","$","R","M","E","T","M","R","M","R","$","R","B"],"character_chosen":"THE_SILENT","items_purchased":["Footwork","Well Laid Plans"],"campfire_rested":2,"item_purchase_floors":[5,14],"current_hp_per_floor":[59,59,59,59,59,59,44,26,26,6,25,25,25,25,44,0],"gold":89,"neow_bonus":"THREE_ENEMY_KILL","is_prod":false,"is_daily":false,"chose_seed":false,"campfire_upgraded":2,"win_rate":0,"timestamp":1548383577,"path_taken":["M","M","M","?","$","R","M","E","T","M","R","?","R","?","R","BOSS"],"build_version":"2019-01-23","purchased_purges":1,"victory":false,"max_hp_per_floor":[66,66,66,66,66,66,66,66,66,66,66,66,66,66,66,66],"card_choices":[{"not_picked":["Heel Hook","Setup"],"picked":"Dagger Spray","floor":1},{"not_picked":["Flying Knee","Underhanded Strike"],"picked":"Dash","floor":2},{"not_picked":["Dagger Throw","Flechettes"],"picked":"Well Laid Plans","floor":3},{"not_picked":["Expertise","All Out Attack","Poisoned Stab"],"picked":"SKIP","floor":7},{"not_picked":["Flechettes","Endless Agony","Dagger Spray"],"picked":"SKIP","floor":8},{"not_picked":["Phantasmal Killer","Poisoned Stab","Acrobatics"],"picked":"Endless Agony","floor":10},{"not_picked":["Backflip","Riddle With Holes","Prepared"],"picked":"Escape Plan","floor":12}],"player_experience":541041,"relics_obtained":[{"floor":8,"key":"MawBank"},{"floor":9,"key":"Question Card"}],"event_choices":[{"damage_healed":0,"gold_gain":0,"player_choice":"Bought 1 Potion","damage_taken":0,"max_hp_gain":0,"max_hp_loss":0,"event_name":"The Woman in Blue","floor":4,"gold_loss":0}],"is_beta":false,"boss_relics":[],"items_purged_floors":[14],"is_endless":false,"potions_floor_spawned":[3,10,12],"killed_by":"Hexaghost","ascension_level":18}