{"path_per_floor":["M","?","M","$","?","R","E","R","T","T","M","E","R","?","R","B",null,"M","$","M","M","?","E","R","E","T","M","R","?","M","E","R","B",null,"M","$","M","M","$","E","?","E","T","E","M","?","R","M","R","B"],"character_chosen":"IRONCLAD","items_purchased":["Pen Nib","Offering"],"gold_per_floor":[117,117,135,60,60,60,85,85,132,183,197,226,226,176,176,274,274,287,34,45,65,65,93,93,126,194,213,213,213,232,267,267,363,363,382,257,270,286,61,87,87,112,138,167,185,185,185,195,195,195],"floor_reached":51,"campfire_rested":0,"playtime":2878,"current_hp_per_floor":[80,73,79,79,79,79,80,80,80,80,80,54,54,54,54,51,80,78,78,77,70,70,48,48,42,52,47,47,47,53,59,59,47,90,77,77,83,82,82,74,74,80,80,86,90,90,90,90,90,58],"items_purged":["Defend_R","Defend_R","Strike_R","Defend_R"],"gold":195,"score":1031,"play_id":"cee37476-e3f1-444c-80f7-87db90b65fe7","local_time":"20180311172638","is_prod":false,"is_daily":false,"is_ascension_mode":true,"campfire_upgraded":7,"timestamp":1520785598,"path_taken":["M","?","M","$","?","R","E","R","T","?","M","E","R","?","R","BOSS","M","$","M","M","?","E","R","E","T","M","R","?","M","E","R","BOSS","M","$","M","M","$","E","?","E","T","E","M","?","R","M","R","BOSS"],"build_version":"2018-03-09","purchased_purges":4,"victory":true,"master_deck":["Strike_R+1","Defend_R+1","Bash+1","Cleave+1","Dropkick+1","Clash+1","Battle Trance+1","Clash+1","Flex+1","Cleave+1","Thunderclap+1","Limit Break+1","Dropkick","Clash+1","Offering","Dropkick+1","Metallicize","Dropkick","Clash"],"max_hp_per_floor":[80,80,80,80,80,80,80,80,80,80,80,80,80,80,80,80,80,80,80,80,80,80,80,80,80,90,90,90,90,90,90,90,90,90,90,90,90,90,90,90,90,90,90,90,90,90,90,90,90,90],"relics":["Burning Blood","NeowsBlessing","Happy Flower","Regal Pillow","Bag of Preparation","Prayer Wheel","Sozu","Pen Nib","Oddly Smooth Stone","Lantern","Pear","Bag of Marbles","Orrery","Thread and Needle","Anchor","Whetstone","Girya"],"card_choices":[{"not_picked":["Blood for Blood","Iron Wave"],"picked":"Cleave"},{"not_picked":["Dual Wield","Flame Barrier"],"picked":"Dropkick"},{"not_picked":["Shrug It Off","Flame Barrier"],"picked":"Clash"},{"not_picked":["Twin Strike","Burning Pact"],"picked":"Battle Trance"},{"not_picked":["Burning Pact","Juggernaut"],"picked":"Clash"},{"not_picked":["Berserk","Clothesline"],"picked":"Flex"},{"not_picked":["Corruption","Perfected Strike"],"picked":"Cleave"},{"not_picked":["Evolve","Havoc"],"picked":"Thunderclap"},{"not_picked":["Spot Weakness","Pommel Strike"],"picked":"Limit Break"},{"not_picked":["Dual Wield","Feel No Pain"],"picked":"Dropkick"},{"not_picked":["Anger","True Grit"],"picked":"Clash"},{"not_picked":["Pummel","Metallicize"],"picked":"Dropkick"},{"not_picked":["Bludgeon","Flame Barrier"],"picked":"Metallicize"},{"not_picked":["Sword Boomerang","Pommel Strike"],"picked":"Dropkick"}],"player_experience":201491,"potions_floor_usage":[18,33],"damage_taken":[{"damage":0,"enemies":"Jaw Worm","floor":1,"turns":1},{"damage":0,"enemies":"2 Louse","floor":3,"turns":1},{"damage":0,"enemies":"3 Sentries","floor":7,"turns":2},{"damage":0,"enemies":"Cultist","floor":11,"turns":2},{"damage":32,"enemies":"Gremlin Nob","floor":12,"turns":4},{"damage":9,"enemies":"Slime Boss","floor":16,"turns":7},{"damage":8,"enemies":"Shell Parasite","floor":18,"turns":3},{"damage":7,"enemies":"2 Thieves","floor":20,"turns":3},{"damage":13,"enemies":"Snecko","floor":21,"turns":3},{"damage":28,"enemies":"Book of Stabbing","floor":23,"turns":3},{"damage":12,"enemies":"Slavers","floor":25,"turns":5},{"damage":11,"enemies":"Centurion and Healer","floor":27,"turns":3},{"damage":0,"enemies":"Sentry and Sphere","floor":30,"turns":2},{"damage":0,"enemies":"Gremlin Leader","floor":31,"turns":2},{"damage":18,"enemies":"Champ","floor":33,"turns":5},{"damage":19,"enemies":"3 Shapes","floor":35,"turns":1},{"damage":0,"enemies":"Orb Walker","floor":37,"turns":1},{"damage":7,"enemies":"4 Shapes","floor":38,"turns":1},{"damage":14,"enemies":"Nemesis","floor":40,"turns":3},{"damage":0,"enemies":"2 Orb Walkers","floor":42,"turns":1},{"damage":0,"enemies":"Nemesis","floor":44,"turns":2},{"damage":0,"enemies":"3 Darklings","floor":45,"turns":1},{"damage":4,"enemies":"Maw","floor":48,"turns":1},{"damage":38,"enemies":"Awakened One","floor":50,"turns":4}],"event_choices":[{"event_name":"Golden Wing","player_choice":"Card Removal","floor":2,"damage_taken":0},{"event_name":"Liars Game","player_choice":"disagreed","floor":5,"damage_taken":0},{"event_name":"The Cleric","player_choice":"Card Removal","floor":14,"damage_taken":0},{"event_name":"Cursed Tome","player_choice":"Ignored","floor":22,"damage_taken":0},{"event_name":"The Woman in Blue","player_choice":"Bought 0 Potions","floor":29,"damage_taken":0},{"event_name":"Upgrade Shrine","player_choice":"Upgraded","floor":41,"damage_taken":0},{"event_name":"Transmorgrifier","player_choice":"Transform","floor":46,"damage_taken":0}],"boss_relics":[{"not_picked":["Snecko Eye","Runic Pyramid"],"picked":"Sozu"},{"not_picked":["Lizard Tail","Eternal Feather"],"picked":"Orrery"}],"potions_floor_spawned":[3,7,20,25,27,31,40,44,45],"seed_played":"8322733295833272434","ascension_level":3,"is_trial":false}