{"gold_per_floor":[114,114,114,5,17,45,45,64,64,78,88,100,100,111,111,215,215,227,241,241,252,252,278,349,363,363,376,376,396,408,425,425,529,529,542,554,554,184,284,284,295,306,355,8,8,8,22,22,22,22],"floor_reached":51,"playtime":3102,"items_purged":["Normality","Doubt"],"score":1310,"play_id":"339a1ee9-06a1-4268-a6ac-b344acb69049","local_time":"20190320033330","is_ascension_mode":true,"campfire_choices":[{"data":"Offering","floor":7,"key":"SMITH"},{"data":"Corruption","floor":15,"key":"SMITH"},{"data":"Fiend Fire","floor":32,"key":"SMITH"},{"floor":40,"key":"DIG"},{"data":"Jack Of All Trades","floor":46,"key":"SMITH"},{"data":"Warcry","floor":49,"key":"SMITH"}],"neow_cost":"NONE","seed_source_timestamp":515641291081289,"circlet_count":0,"master_deck":["AscendersBane","Strike_R+1","Strike_R","Defend_R","Defend_R","Defend_R","Defend_R","Bash","Dropkick+1","Iron Wave","Offering+1","Shrug It Off","Evolve","Corruption+1","Feel No Pain","Fiend Fire+1","Havoc","Havoc","Havoc","RitualDagger","Thunderclap+1","Sentinel","Immolate","Seeing Red","Pommel Strike","Warcry","Exhume","Clumsy","Clumsy","Warcry+1","Warcry","Intimidate","Havoc+1","Jack Of All Trades+1","Shame","Sentinel+1"],"relics":["Burning Blood","Shovel","Dead Branch","Letter Opener","Cursed Key","Pen Nib","Mercury Hourglass","Darkstone Periapt","Calling Bell","Boot","Question Card","Bird Faced Urn","Kunai","Whetstone","Oddly Smooth Stone","Happy Flower","Ornamental Fan"],"potions_floor_usage":[11,12,23,27,33,33,50,50],"damage_taken":[{"damage":5,"enemies":"Small Slimes","floor":1,"turns":5},{"damage":1,"enemies":"2 Louse","floor":5,"turns":3},{"damage":38,"enemies":"Gremlin Nob","floor":6,"turns":5},{"damage":7,"enemies":"Jaw Worm","floor":8,"turns":4},{"damage":7,"enemies":"Red Slaver","floor":10,"turns":4},{"damage":4,"enemies":"Gremlin Gang","floor":11,"turns":3},{"damage":2,"enemies":"2 Fungi Beasts","floor":12,"turns":4},{"damage":7,"enemies":"Looter","floor":14,"turns":3},{"damage":12,"enemies":"Slime Boss","floor":16,"turns":3},{"damage":6,"enemies":"Chosen","floor":18,"turns":4},{"damage":6,"enemies":"3 Byrds","floor":19,"turns":2},{"damage":6,"enemies":"Centurion and Healer","floor":21,"turns":3},{"damage":6,"enemies":"Slavers","floor":23,"turns":2},{"damage":17,"enemies":"Snake Plant","floor":25,"turns":2},{"damage":6,"enemies":"Chosen and Byrds","floor":27,"turns":2},{"damage":6,"enemies":"Snecko","floor":29,"turns":4},{"damage":1,"enemies":"Cultist and Chosen","floor":30,"turns":3},{"damage":3,"enemies":"Sentry and Sphere","floor":31,"turns":3},{"damage":21,"enemies":"Automaton","floor":33,"turns":6},{"damage":27,"enemies":"3 Shapes","floor":35,"turns":2},{"damage":18,"enemies":"Orb Walker","floor":36,"turns":2},{"damage":12,"enemies":"Jaw Worm Horde","floor":41,"turns":3},{"damage":12,"enemies":"Transient","floor":42,"turns":5},{"damage":6,"enemies":"Spire Growth","floor":47,"turns":2},{"damage":68,"enemies":"Donu and Deca","floor":50,"turns":5}],"seed_played":"-3177040332863234071","potions_obtained":[{"floor":8,"key":"SkillPotion"},{"floor":10,"key":"LiquidBronze"},{"floor":11,"key":"Regen Potion"},{"floor":16,"key":"EssenceOfSteel"},{"floor":18,"key":"AttackPotion"},{"floor":25,"key":"Block Potion"},{"floor":27,"key":"LiquidBronze"},{"floor":33,"key":"Dexterity Potion"},{"floor":41,"key":"SteroidPotion"}],"is_trial":false,"path_per_floor":["M","?","?","?","M","E","R","M","T","M","M","M","?","M","R","B",null,"M","M","?","M","?","E","T","M","T","M","?","M","M","M","R","B",null,"M","M","?","$","?","R","M","M","T","$","T","R","M","$","R","B",null],"character_chosen":"IRONCLAD","items_purchased":["Kunai","Warcry","Happy Flower","Jack Of All Trades"],"campfire_rested":0,"item_purchase_floors":[38,38,44,44],"current_hp_per_floor":[73,73,66,66,71,39,39,38,38,37,39,55,60,59,59,53,77,77,77,77,77,71,71,71,60,60,60,60,60,65,68,68,53,95,76,70,70,70,70,70,72,78,84,84,90,90,98,98,98,44],"gold":22,"neow_bonus":"TRANSFORM_CARD","is_prod":false,"is_daily":false,"chose_seed":false,"campfire_upgraded":5,"win_rate":0,"timestamp":1553020410,"path_taken":["M","?","?","?","M","E","R","?","T","M","?","M","?","M","R","BOSS","M","M","?","?","?","E","?","M","T","?","?","M","M","M","R","BOSS","M","M","?","$","?","R","M","?","T","?","?","R","?","$","R","BOSS"],"build_version":"2019-01-23","purchased_purges":2,"victory":true,"max_hp_per_floor":[80,80,80,80,80,80,80,80,80,80,80,80,85,85,85,85,85,85,85,85,85,85,85,85,85,85,85,85,85,85,85,85,85,103,103,103,103,103,103,103,103,103,109,109,115,115,115,115,115,115],"card_choices":[{"not_picked":["Clothesline","Sword Boomerang"],"picked":"Dropkick","floor":1},{"not_picked":["Anger","Clash"],"picked":"Iron Wave","floor":5},{"not_picked":["Whirlwind","True Grit"],"picked":"Offering","floor":6},{"not_picked":["Clothesline","Pummel"],"picked":"Shrug It Off","floor":8},{"not_picked":["Power Through","Dual Wield"],"picked":"Evolve","floor":10},{"not_picked":["Clash","Rampage"],"picked":"Corruption","floor":11},{"not_picked":["Clash","Corruption"],"picked":"Feel No Pain","floor":12},{"not_picked":["Headbutt","Clash","Brutality"],"picked":"SKIP","floor":14},{"not_picked":["Bludgeon","Double Tap"],"picked":"Fiend Fire","floor":16},{"not_picked":["Wild Strike","True Grit"],"picked":"Havoc","floor":18},{"not_picked":["Wild Strike","Twin Strike+1"],"picked":"Havoc","floor":19},{"not_picked":["Clash","Heavy Blade"],"picked":"Havoc","floor":21},{"not_picked":["Perfected Strike","Havoc"],"picked":"Thunderclap+1","floor":23},{"not_picked":["Whirlwind","Heavy Blade"],"picked":"Sentinel","floor":25},{"not_picked":["Thunderclap","Blood for Blood"],"picked":"Immolate","floor":27},{"not_picked":["Flex","Rage"],"picked":"Seeing Red","floor":29},{"not_picked":["Headbutt","Thunderclap"],"picked":"Pommel Strike","floor":30},{"not_picked":["Wild Strike","Heavy Blade"],"picked":"Warcry","floor":31},{"not_picked":["Bludgeon","Immolate"],"picked":"Exhume","floor":33},{"not_picked":["Uppercut","Wild Strike","Battle Trance+1"],"picked":"Warcry","floor":35},{"not_picked":["Headbutt","Dropkick+1","Iron Wave+1","Power Through"],"picked":"SKIP","floor":36},{"not_picked":["Carnage+1","Flex","Pommel Strike"],"picked":"Intimidate","floor":41},{"not_picked":["Clothesline","Pummel","Heavy Blade"],"picked":"Havoc+1","floor":42},{"not_picked":["Thunderclap","True Grit","Heavy Blade"],"picked":"Sentinel+1","floor":47}],"player_experience":586221,"relics_obtained":[{"floor":6,"key":"Dead Branch"},{"floor":9,"key":"Letter Opener"},{"floor":23,"key":"Pen Nib"},{"floor":24,"key":"Mercury Hourglass"},{"floor":26,"key":"Darkstone Periapt"},{"floor":34,"key":"Boot"},{"floor":34,"key":"Question Card"},{"floor":34,"key":"Bird Faced Urn"},{"floor":40,"key":"Whetstone"},{"floor":43,"key":"Oddly Smooth Stone"},{"floor":45,"key":"Ornamental Fan"}],"event_choices":[{"damage_healed":0,"gold_gain":0,"cards_transformed":["Brutality"],"player_choice":"Change","damage_taken":0,"max_hp_gain":0,"max_hp_loss":0,"event_name":"Living Wall","floor":2,"gold_loss":0,"cards_obtained":["Wild Strike"]},{"cards_removed":["Strike_R"],"damage_healed":0,"gold_gain":0,"player_choice":"Card Removal","damage_taken":7,"max_hp_gain":0,"max_hp_loss":0,"event_name":"Golden Wing","floor":3,"gold_loss":0},{"damage_healed":0,"gold_gain":0,"player_choice":"Paid Gold","damage_taken":0,"relics_obtained":["Shovel"],"max_hp_gain":0,"max_hp_loss":0,"event_name":"WeMeetAgain","floor":4,"gold_loss":109},{"damage_healed":0,"gold_gain":0,"player_choice":"Donut","damage_taken":0,"max_hp_gain":5,"max_hp_loss":0,"event_name":"Big Fish","floor":13,"gold_loss":0},{"cards_removed":["Strike_R"],"damage_healed":0,"gold_gain":0,"player_choice":"Card Removal","damage_taken":0,"max_hp_gain":0,"max_hp_loss":0,"event_name":"Wheel of Change","floor":20,"gold_loss":0},{"damage_healed":0,"gold_gain":0,"player_choice":"Joined the Cult","damage_taken":6,"max_hp_gain":0,"max_hp_loss":0,"event_name":"Nest","floor":22,"gold_loss":0,"cards_obtained":["RitualDagger"]},{"cards_removed":["Clumsy","Writhe"],"damage_healed":0,"gold_gain":0,"player_choice":"Removed Curses","damage_taken":0,"max_hp_gain":0,"max_hp_loss":0,"event_name":"Fountain of Cleansing","floor":28,"gold_loss":0},{"cards_removed":["Wild Strike"],"damage_healed":0,"gold_gain":0,"player_choice":"Removed Attack","damage_taken":0,"max_hp_gain":0,"max_hp_loss":0,"event_name":"Falling","floor":37,"gold_loss":0},{"damage_healed":0,"gold_gain":100,"player_choice":"Pray","damage_taken":0,"max_hp_gain":0,"max_hp_loss":0,"event_name":"Golden Shrine","floor":39,"gold_loss":0}],"is_beta":false,"boss_relics":[{"not_picked":["Fusion Hammer","Ectoplasm"],"picked":"Cursed Key"},{"not_picked":["Snecko Eye","Black Star"],"picked":"Calling Bell"}],"items_purged_floors":[38,44],"is_endless":false,"potions_floor_spawned":[8,10,11,16,18,21,25,27,33,41,42,47],"ascension_level":12}