{"gold_per_floor":[116,128,142,154,168,146,146,165,192,192,192,208,242,94,94,194,194,209,220,234,92,92,92,112,130,130,130,145,161,176,39,39,140,140,158,168,168,90,100,100,119,119,119,119,137,137,60,72,72,72],"floor_reached":50,"playtime":6005,"items_purged":[],"score":502,"play_id":"28565eab-09ea-4b4a-9307-1b403ede536d","local_time":"20190411123921","is_ascension_mode":false,"campfire_choices":[{"data":"Seeing Red","floor":7,"key":"SMITH"},{"data":"Flex","floor":11,"key":"SMITH"},{"floor":15,"key":"REST"},{"floor":23,"key":"REST"},{"data":"Demon Form","floor":27,"key":"SMITH"},{"floor":32,"key":"REST"},{"data":"Limit Break","floor":40,"key":"SMITH"},{"data":"Rage","floor":42,"key":"SMITH"},{"data":"Shockwave","floor":46,"key":"SMITH"},{"floor":49,"key":"REST"}],"neow_cost":"NONE","seed_source_timestamp":3517515575122344,"circlet_count":0,"master_deck":["Strike_R","Strike_R","Strike_R","Strike_R","Strike_R","Defend_R","Defend_R","Defend_R","Defend_R","Bash","Flex+1","Perfected Strike","Seeing Red+1","Iron Wave","Thunderclap","Flex","Cleave","Perfected Strike","Thunderclap","Seeing Red","Rampage","Double Tap+1","Power Through+1","Anger","Spot Weakness","Rage+1","Shockwave+1","Iron Wave","Demon Form+1","Sword Boomerang+1","Feel No Pain","Anger","Limit Break+1","Juggernaut","Shrug It Off","Warcry","Madness","Twin Strike","Flex","Heavy Blade","Flex+1","Dark Shackles","Clash+1","Fire Breathing","Parasite","Warcry+1"],"relics":["Burning Blood","Bag of Preparation","Paper Frog","Mark of Pain","Mummified Hand","Eternal Feather","Sundial"],"potions_floor_usage":[16,16,50],"damage_taken":[{"damage":4,"enemies":"2 Louse","floor":1,"turns":4},{"damage":1,"enemies":"Cultist","floor":2,"turns":3},{"damage":9,"enemies":"Small Slimes","floor":3,"turns":3},{"damage":5,"enemies":"Exordium Thugs","floor":4,"turns":4},{"damage":0,"enemies":"2 Fungi Beasts","floor":5,"turns":2},{"damage":18,"enemies":"Exordium Wildlife","floor":8,"turns":4},{"damage":0,"enemies":"3 Louse","floor":12,"turns":1},{"damage":21,"enemies":"3 Sentries","floor":13,"turns":5},{"damage":21,"enemies":"Slime Boss","floor":16,"turns":7},{"damage":12,"enemies":"Shell Parasite","floor":18,"turns":3},{"damage":20,"enemies":"3 Byrds","floor":19,"turns":5},{"damage":29,"enemies":"Shelled Parasite and Fungi","floor":20,"turns":5},{"damage":33,"enemies":"Snake Plant","floor":24,"turns":3},{"damage":6,"enemies":"Chosen and Byrds","floor":25,"turns":3},{"damage":21,"enemies":"Cultist and Chosen","floor":28,"turns":5},{"damage":21,"enemies":"Snake Plant","floor":29,"turns":3},{"damage":10,"enemies":"Centurion and Healer","floor":30,"turns":4},{"damage":19,"enemies":"Champ","floor":33,"turns":7},{"damage":16,"enemies":"3 Shapes","floor":35,"turns":2},{"damage":10,"enemies":"Orb Walker","floor":36,"turns":3},{"damage":2,"enemies":"3 Darklings","floor":39,"turns":3},{"damage":72,"enemies":"Sphere and 2 Shapes","floor":41,"turns":7},{"damage":25,"enemies":"Transient","floor":45,"turns":5},{"damage":21,"enemies":"Writhing Mass","floor":48,"turns":4},{"damage":89,"enemies":"Awakened One","floor":50,"turns":5}],"seed_played":"4194822338149019486","potions_obtained":[{"floor":3,"key":"Energy Potion"},{"floor":5,"key":"SteroidPotion"},{"floor":12,"key":"SmokeBomb"},{"floor":19,"key":"AttackPotion"},{"floor":25,"key":"SteroidPotion"},{"floor":29,"key":"Weak Potion"},{"floor":36,"key":"Energy Potion"}],"is_trial":false,"path_per_floor":["M","M","M","M","M","$","R","M","T","?","R","M","E","$","R","B",null,"M","M","M","$","?","R","M","M","T","R","M","M","M","$","R","B",null,"M","M","?","$","M","R","M","R","T","?","M","R","$","M","R","B"],"character_chosen":"IRONCLAD","items_purchased":["Flex","Seeing Red","Rampage","Rage","Shockwave","Limit Break","Twin Strike","Flex","Fire Breathing"],"campfire_rested":4,"item_purchase_floors":[6,14,14,21,21,31,38,38,47],"current_hp_per_floor":[88,88,85,86,88,88,88,76,76,76,76,82,67,67,88,73,88,82,68,45,45,45,71,44,44,44,44,29,14,10,10,36,23,88,78,74,63,63,67,88,22,46,46,46,27,51,51,36,88,0],"gold":72,"neow_bonus":"TEN_PERCENT_HP_BONUS","is_prod":false,"is_daily":false,"chose_seed":false,"campfire_upgraded":6,"win_rate":0.0,"timestamp":1555000761,"path_taken":["M","M","M","M","M","$","R","M","T","?","R","M","E","$","R","BOSS","M","M","M","$","?","R","M","M","T","R","?","?","M","$","R","BOSS","M","M","?","$","M","R","M","R","T","?","M","R","$","M","R","BOSS"],"build_version":"2019-01-23","purchased_purges":0,"victory":false,"max_hp_per_floor":[88,88,88,88,88,88,88,88,88,88,88,88,88,88,88,88,88,88,88,88,88,88,88,88,88,88,88,88,88,88,88,88,88,88,88,88,88,88,88,88,88,88,88,88,88,88,88,88,88,88],"card_choices":[{"not_picked":["Body Slam","Anger"],"picked":"Flex","floor":1},{"not_picked":["Clothesline","Bloodletting"],"picked":"Perfected Strike","floor":2},{"not_picked":["Headbutt","Battle Trance"],"picked":"Seeing Red","floor":3},{"not_picked":["Blood for Blood","Feel No Pain"],"picked":"Iron Wave","floor":4},{"not_picked":["Warcry","Flex"],"picked":"Thunderclap","floor":5},{"not_picked":["Burning Pact","Offering"],"picked":"Cleave","floor":8},{"not_picked":["Thunderclap","Anger"],"picked":"Perfected Strike","floor":12},{"not_picked":["Clash","Second Wind"],"picked":"Thunderclap","floor":13},{"not_picked":["Barricade","Demon Form"],"picked":"Double Tap","floor":16},{"not_picked":["Clash","Body Slam"],"picked":"Power Through+1","floor":18},{"not_picked":["Rupture","Body Slam"],"picked":"Anger","floor":19},{"not_picked":["Body Slam","Pommel Strike"],"picked":"Spot Weakness","floor":20},{"not_picked":["Flex","Armaments"],"picked":"Iron Wave","floor":24},{"not_picked":["Warcry","Uppercut"],"picked":"Demon Form","floor":25},{"not_picked":["Iron Wave+1","Body Slam"],"picked":"Sword Boomerang+1","floor":28},{"not_picked":["Flex+1","Sword Boomerang"],"picked":"Feel No Pain","floor":29},{"not_picked":["Pommel Strike","Thunderclap+1"],"picked":"Anger","floor":30},{"not_picked":["Offering","Impervious"],"picked":"Juggernaut","floor":33},{"not_picked":["Armaments","Flex"],"picked":"Shrug It Off","floor":35},{"not_picked":["Shockwave","Rampage+1"],"picked":"Warcry","floor":36},{"not_picked":["Cleave+1","Seeing Red+1"],"picked":"Heavy Blade","floor":39},{"not_picked":["Clash","Uppercut"],"picked":"Flex+1","floor":41},{"not_picked":["Clothesline","Rupture+1"],"picked":"Clash+1","floor":45},{"not_picked":["Dark Embrace","Clash"],"picked":"Warcry+1","floor":48}],"player_experience":22627,"relics_obtained":[{"floor":9,"key":"Bag of Preparation"},{"floor":13,"key":"Paper Frog"},{"floor":26,"key":"Mummified Hand"},{"floor":43,"key":"Sundial"}],"event_choices":[{"damage_healed":0,"gold_gain":0,"player_choice":"Ignored","damage_taken":0,"max_hp_gain":0,"max_hp_loss":0,"event_name":"Golden Wing","floor":10,"gold_loss":0},{"damage_healed":0,"gold_gain":0,"player_choice":"Upgraded","damage_taken":0,"max_hp_gain":0,"max_hp_loss":0,"event_name":"Upgrade Shrine","floor":22,"gold_loss":0,"cards_upgraded":["Double Tap"]},{"damage_healed":0,"gold_gain":0,"player_choice":"Embrace Madness","damage_taken":11,"max_hp_gain":0,"max_hp_loss":0,"event_name":"Winding Halls","floor":37,"gold_loss":0,"cards_obtained":["Madness","Madness"]},{"damage_healed":0,"gold_gain":0,"cards_transformed":["Madness"],"player_choice":"Transformed","damage_taken":0,"max_hp_gain":0,"max_hp_loss":0,"event_name":"Transmorgrifier","floor":44,"gold_loss":0,"cards_obtained":["Dark Shackles"]}],"is_beta":false,"boss_relics":[{"not_picked":["Calling Bell","Empty Cage"],"picked":"Mark of Pain"},{"not_picked":["Orrery","Cursed Key"],"picked":"Eternal Feather"}],"items_purged_floors":[],"is_endless":false,"potions_floor_spawned":[3,5,12,19,25,29,30,36,39,45,48],"killed_by":"Awakened One","ascension_level":0}