{"gold_per_floor":[368,384,403,421,135,167,181,181,207,234,234,244,2,15,15,117,117,135,158,170,170,190,190,205,205,232,332,360,360,114,126,126,228,228,241,241,254,254,3,3,15,43,43,43,58,69,69,0,0,0,0,0,0,28,28],"floor_reached":55,"playtime":3159,"items_purged":["Strike_R","Strike_R"],"score":879,"play_id":"6bae3119-4e9d-4291-9c98-051edfe10e31","local_time":"20190808083546","is_ascension_mode":false,"campfire_choices":[{"data":"Flame Barrier","floor":11,"key":"SMITH"},{"data":"Rage","floor":15,"key":"SMITH"},{"data":"Heavy Blade","floor":23,"key":"SMITH"},{"data":"Heavy Blade","floor":29,"key":"SMITH"},{"data":"Ghostly","floor":32,"key":"SMITH"},{"floor":40,"key":"RECALL"},{"data":"Limit Break","floor":44,"key":"SMITH"},{"data":"Shockwave","floor":47,"key":"SMITH"},{"data":"Ghostly","floor":49,"key":"SMITH"},{"data":"Ghostly","floor":52,"key":"SMITH"}],"neow_cost":"PERCENT_DAMAGE","seed_source_timestamp":138517303012420,"circlet_count":0,"master_deck":["Strike_R","Strike_R","Defend_R","Defend_R","Defend_R","Defend_R","Bash","Heavy Blade+1","Power Through","Hemokinesis","Blood for Blood","Pummel","Rage+1","Flame Barrier+1","Heavy Blade+1","Shrug It Off","Demon Form+1","Intimidate","Spot Weakness","Intimidate","Shockwave+1","Ghostly+1","Ghostly+1","Ghostly+1","Ghostly","Ghostly","Battle Trance","Pummel","Limit Break+1","Shrug It Off+1","Bloodletting+1","Disarm+1"],"relics":["Burning Blood","Omamori","Bottled Lightning","Lantern","Bag of Preparation","Brimstone","Sozu","Red Skull","Orichalcum","Calipers","Sundial","Happy Flower","Ancient Tea Set","Cursed Key","Singing Bowl","Bottled Flame","Red Mask","Pen Nib"],"potions_floor_usage":[6,16,28,55],"damage_taken":[{"damage":6,"enemies":"Cultist","floor":1,"turns":3},{"damage":8,"enemies":"Jaw Worm","floor":2,"turns":3},{"damage":3,"enemies":"Small Slimes","floor":3,"turns":3},{"damage":2,"enemies":"Looter","floor":4,"turns":5},{"damage":4,"enemies":"Gremlin Nob","floor":6,"turns":3},{"damage":9,"enemies":"Exordium Wildlife","floor":7,"turns":3},{"damage":18,"enemies":"Lagavulin","floor":10,"turns":5},{"damage":0,"enemies":"Lots of Slimes","floor":12,"turns":4},{"damage":0,"enemies":"2 Fungi Beasts","floor":14,"turns":2},{"damage":3,"enemies":"Slime Boss","floor":16,"turns":3},{"damage":0,"enemies":"Spheric Guardian","floor":18,"turns":3},{"damage":3,"enemies":"Shell Parasite","floor":20,"turns":2},{"damage":26,"enemies":"3 Cultists","floor":22,"turns":4},{"damage":24,"enemies":"Centurion and Healer","floor":24,"turns":4},{"damage":1,"enemies":"Colosseum Slavers","floor":27,"turns":5},{"damage":0,"enemies":"Colosseum Nobs","floor":27,"turns":5},{"damage":17,"enemies":"Gremlin Leader","floor":28,"turns":6},{"damage":1,"enemies":"Snake Plant","floor":31,"turns":3},{"damage":4,"enemies":"Champ","floor":33,"turns":6},{"damage":1,"enemies":"3 Darklings","floor":35,"turns":4},{"damage":0,"enemies":"3 Shapes","floor":37,"turns":2},{"damage":0,"enemies":"Writhing Mass","floor":41,"turns":4},{"damage":2,"enemies":"Reptomancer","floor":42,"turns":3},{"damage":1,"enemies":"Spire Growth","floor":45,"turns":4},{"damage":4,"enemies":"4 Shapes","floor":46,"turns":3},{"damage":17,"enemies":"Donu and Deca","floor":50,"turns":8},{"damage":1,"enemies":"Shield and Spear","floor":54,"turns":6},{"damage":50,"enemies":"The Heart","floor":55,"turns":6}],"seed_played":"-729999318386701519","potions_obtained":[{"floor":2,"key":"Energy Potion"},{"floor":3,"key":"SteroidPotion"},{"floor":4,"key":"Dexterity Potion"},{"floor":14,"key":"Explosive Potion"}],"is_trial":false,"path_per_floor":["M","M","M","M","$","E","M","?","T","E","R","M","$","M","R","B",null,"M","T","M","?","M","R","M","?","T","?","E","R","$","M","R","B",null,"M","?","M","?","$","R","M","E","T","R","M","M","R","?","R","B",null,"R","$","E","B"],"character_chosen":"IRONCLAD","items_purchased":["Blood for Blood","Omamori","Brimstone","Shrug It Off","Ancient Tea Set","Singing Bowl"],"campfire_rested":0,"item_purchase_floors":[5,5,13,13,30,39],"current_hp_per_floor":[56,54,57,61,61,63,60,60,60,48,48,54,54,60,60,63,80,80,80,80,80,60,60,42,40,40,40,29,29,29,34,34,36,40,40,40,40,40,40,40,42,42,42,42,44,46,46,46,46,35,46,46,46,48,0],"gold":28,"neow_bonus":"TWO_FIFTY_GOLD","is_prod":false,"is_daily":false,"chose_seed":false,"campfire_upgraded":9,"win_rate":0,"timestamp":1565246146,"path_taken":["M","?","?","M","$","E","M","?","T","E","R","M","?","M","R","BOSS","M","?","M","?","M","R","?","?","T","?","E","R","$","M","R","BOSS","M","?","M","?","$","R","?","E","T","R","M","M","R","?","R","BOSS","R","$","E","BOSS"],"build_version":"2019-07-17","purchased_purges":2,"victory":false,"max_hp_per_floor":[80,80,80,80,80,80,80,80,80,80,80,80,80,80,80,80,80,80,80,80,80,80,80,80,40,40,40,40,40,40,40,40,40,40,40,40,40,40,40,40,42,42,42,42,44,46,46,46,46,46,46,46,46,48,48],"card_choices":[{"not_picked":["Battle Trance","Rage"],"picked":"Heavy Blade","floor":1},{"not_picked":["Sever Soul","Wild Strike"],"picked":"Power Through","floor":2},{"not_picked":["Ghostly Armor","Headbutt"],"picked":"Hemokinesis","floor":3},{"not_picked":["Iron Wave","Body Slam"],"picked":"Pommel Strike","floor":4},{"not_picked":["Headbutt","Thunderclap","Battle Trance"],"picked":"SKIP","floor":6},{"not_picked":["Wild Strike","Clothesline"],"picked":"Pummel","floor":7},{"not_picked":["Sword Boomerang","Cleave"],"picked":"Flame Barrier","floor":10},{"not_picked":["Iron Wave","Corruption"],"picked":"Heavy Blade","floor":12},{"not_picked":["Second Wind","Warcry","Sword Boomerang"],"picked":"SKIP","floor":14},{"not_picked":["Exhume","Berserk"],"picked":"Demon Form","floor":16},{"not_picked":["Body Slam","Pommel Strike"],"picked":"Intimidate","floor":18},{"not_picked":["Headbutt","Iron Wave"],"picked":"Spot Weakness","floor":20},{"not_picked":["Entrench","Wild Strike"],"picked":"Intimidate","floor":22},{"not_picked":["Intimidate+1","Flex"],"picked":"Shockwave","floor":24},{"not_picked":["True Grit+1","Sword Boomerang"],"picked":"Battle Trance","floor":27},{"not_picked":["Bloodletting","Iron Wave"],"picked":"Pummel","floor":28},{"not_picked":["Wild Strike","Anger+1","Sword Boomerang+1"],"picked":"SKIP","floor":31},{"not_picked":["Fiend Fire","Double Tap"],"picked":"Limit Break","floor":33},{"not_picked":["Thunderclap+1","Corruption"],"picked":"Shrug It Off+1","floor":35},{"not_picked":["Rupture+1","Clothesline+1"],"picked":"Bloodletting+1","floor":37},{"not_picked":["Pummel","Headbutt+1","Searing Blow"],"picked":"Singing Bowl","floor":41},{"not_picked":["Dark Embrace","Warcry"],"picked":"Disarm+1","floor":42},{"not_picked":["Rupture+1","True Grit","Intimidate"],"picked":"Singing Bowl","floor":45},{"not_picked":["Warcry+1","Dropkick+1","Flex"],"picked":"Singing Bowl","floor":46},{"not_picked":["Heavy Blade","Sword Boomerang+1","Flame Barrier"],"picked":"Singing Bowl","floor":54}],"player_experience":156207,"relics_obtained":[{"floor":6,"key":"Bottled Lightning"},{"floor":9,"key":"Lantern"},{"floor":10,"key":"Bag of Preparation"},{"floor":19,"key":"Red Skull"},{"floor":26,"key":"Orichalcum"},{"floor":27,"key":"Calipers"},{"floor":27,"key":"Sundial"},{"floor":28,"key":"Happy Flower"},{"floor":42,"key":"Bottled Flame"},{"floor":54,"key":"Pen Nib"}],"event_choices":[{"damage_healed":0,"gold_gain":0,"cards_transformed":["Strike_R"],"player_choice":"Change","damage_taken":0,"max_hp_gain":0,"max_hp_loss":0,"event_name":"Living Wall","floor":8,"gold_loss":0,"cards_obtained":["Rage"]},{"damage_healed":0,"gold_gain":0,"player_choice":"Upgraded","damage_taken":0,"max_hp_gain":0,"max_hp_loss":0,"event_name":"Upgrade Shrine","floor":21,"gold_loss":0,"cards_upgraded":["Demon Form"]},{"damage_healed":0,"gold_gain":0,"player_choice":"Became a Ghost","damage_taken":0,"max_hp_gain":0,"max_hp_loss":40,"event_name":"Ghosts","floor":25,"gold_loss":0,"cards_obtained":["Ghostly","Ghostly","Ghostly","Ghostly","Ghostly"]},{"damage_healed":0,"gold_gain":0,"player_choice":"Fight","damage_taken":0,"max_hp_gain":0,"max_hp_loss":0,"event_name":"Colosseum","floor":27,"gold_loss":0},{"damage_healed":0,"gold_gain":0,"player_choice":"Fought Nobs","damage_taken":0,"max_hp_gain":0,"max_hp_loss":0,"event_name":"Colosseum","floor":27,"gold_loss":0},{"cards_removed":["Pommel Strike"],"damage_healed":0,"gold_gain":0,"player_choice":"Removed Attack","damage_taken":0,"max_hp_gain":0,"max_hp_loss":0,"event_name":"Falling","floor":36,"gold_loss":0},{"damage_healed":0,"gold_gain":0,"player_choice":"0 cards matched","damage_taken":0,"max_hp_gain":0,"max_hp_loss":0,"event_name":"Match and Keep!","floor":38,"gold_loss":0,"cards_obtained":[]},{"damage_healed":0,"gold_gain":0,"player_choice":"Paid","damage_taken":0,"relics_obtained":["Red Mask"],"max_hp_gain":0,"max_hp_loss":0,"event_name":"Tomb of Lord Red Mask","floor":48,"gold_loss":69}],"is_beta":false,"boss_relics":[{"not_picked":["Ectoplasm","Runic Cube"],"picked":"Sozu"},{"not_picked":["Astrolabe","Philosopher\u0027s Stone"],"picked":"Cursed Key"}],"items_purged_floors":[5,30],"is_endless":false,"potions_floor_spawned":[2,3,4,14,20,22,27,31,37,41,45],"killed_by":"The Heart","ascension_level":0}