{"path_per_floor":["M","?","$","M","M","R","E","R","T","R","?","$","M","E","R","B",null,"M","M","$","?","?","?"],"character_chosen":"THE_SILENT","items_purchased":["Slice","Dagger Throw","Blur","All Out Attack"],"gold_per_floor":[112,112,44,62,78,78,108,108,132,132,132,19,31,59,59,154,154,169,189,114,114,114,39],"floor_reached":24,"campfire_rested":2,"playtime":2603,"current_hp_per_floor":[68,68,68,68,68,68,49,49,49,70,70,70,67,47,68,22,70,55,36,36,36,36,36],"items_purged":["Normality"],"gold":39,"play_id":"8795bf7e-6773-4379-b30d-644a7a7a52c5","is_prod":false,"is_daily":false,"is_ascension_mode":false,"campfire_upgraded":2,"path_taken":["M","?","?","?","M","R","E","R","T","R","?","?","M","E","R","BOSS","M","M","$","?","?","?","M"],"build_version":"2018-01-25-PROD3","purchased_purges":3,"victory":false,"master_deck":["Defend_G","Defend_G","Defend_G","Defend_G","Strike_G","Strike_G","Strike_G","Strike_G","Survivor","Neutralize","Unload","Dramatic Entrance","Slice","Dagger Throw","Noxious Fumes+1","Blur","Dagger Spray+1","Blur","Outmaneuver","Skewer","Adrenaline","Dagger Throw","Well Laid Plans","All Out Attack","Masterful Stab"],"max_hp_per_floor":[70,70,70,70,70,70,70,70,70,70,70,70,70,70,70,70,70,70,70,70,70,70,70],"relics":["Ring of the Snake","Ginger","Juzu Bracelet","Calipers","Bronze Scales","Velvet Choker"],"card_choices":[{"not_picked":["Backflip","Sucker Punch"],"picked":"Unload"},{"not_picked":["Finisher","Footwork"],"picked":"Noxious Fumes"},{"not_picked":["Deadly Poison","Acrobatics"],"picked":"Blur"},{"not_picked":["Deflect","Dodge and Roll"],"picked":"Dagger Spray"},{"not_picked":["Dodge and Roll","Poisoned Stab"],"picked":"Outmaneuver"},{"not_picked":["Calculated Gamble","Crippling Poison"],"picked":"Skewer"},{"not_picked":["Burst","After Image"],"picked":"Adrenaline"},{"not_picked":["Eviscerate","Dodge and Roll"],"picked":"Dagger Throw"},{"not_picked":["Blur","Leg Sweep"],"picked":"Well Laid Plans"}],"player_experience":8378,"potions_floor_usage":[],"damage_taken":[{"damage":2,"enemies":"Blue Slaver","floor":1,"turns":6},{"damage":0,"enemies":"Small Slimes","floor":4,"turns":2},{"damage":0,"enemies":"Cultist","floor":5,"turns":3},{"damage":19,"enemies":"Lagavulin","floor":7,"turns":8},{"damage":3,"enemies":"Red Slaver","floor":13,"turns":4},{"damage":20,"enemies":"3 Sentries","floor":14,"turns":4},{"damage":46,"enemies":"Slime Boss","floor":16,"turns":10},{"damage":15,"enemies":"Chosen","floor":18,"turns":4},{"damage":19,"enemies":"2 Thieves","floor":19,"turns":3},{"damage":43,"enemies":"Slaver and Parasite","floor":24,"turns":4}],"event_choices":[{"event_name":"Match and Keep!","player_choice":"1 cards matched","floor":2,"damage_taken":0},{"event_name":"Match and Keep!","player_choice":"1 cards matched","floor":2,"damage_taken":0},{"event_name":"Accursed Blacksmith","player_choice":"Rummage","floor":11,"damage_taken":0},{"event_name":"Bonfire Elementals","player_choice":"BASIC","floor":21,"damage_taken":0},{"event_name":"The Library","player_choice":"Read","floor":22,"damage_taken":0},{"event_name":"Beggar","player_choice":"Gave Gold","floor":23,"damage_taken":0}],"boss_relics":[{"not_picked":["Runic Pyramid","Tiny House"],"picked":"Velvet Choker"}],"potions_floor_spawned":[13,14,18,19],"seed_played":"89700447205308251","killed_by":"Slaver and Parasite","ascension_level":0,"is_trial":false}