{"gold_per_floor":[119,119,294,294,166,197,197,208,208,226,93,107,207,225,225,225],"floor_reached":16,"playtime":421,"items_purged":["Doubt"],"score":170,"play_id":"fa8aae5d-57bc-4b54-beca-878256dfdc85","local_time":"20190325045842","is_ascension_mode":true,"campfire_choices":[{"data":"Body Slam","floor":7,"key":"SMITH"},{"floor":15,"key":"REST"}],"neow_cost":"TEN_PERCENT_HP_LOSS","seed_source_timestamp":10992259738410,"circlet_count":0,"master_deck":["AscendersBane","Strike_R","Strike_R","Strike_R","Strike_R","Defend_R","Defend_R","Defend_R","Bash","Seeing Red","Wild Strike","Body Slam+1","Cleave","Shrug It Off","Iron Wave","Entrench","Shrug It Off","Jack Of All Trades","Shrug It Off","Dropkick"],"relics":["Burning Blood","Pen Nib","Mercury Hourglass","The Courier"],"potions_floor_usage":[],"damage_taken":[{"damage":10,"enemies":"Small Slimes","floor":1,"turns":3},{"damage":45,"enemies":"3 Sentries","floor":6,"turns":8},{"damage":7,"enemies":"Jaw Worm","floor":8,"turns":2},{"damage":6,"enemies":"2 Louse","floor":10,"turns":2},{"damage":16,"enemies":"Blue Slaver","floor":12,"turns":3},{"damage":0,"enemies":"Large Slime","floor":14,"turns":4},{"damage":48,"enemies":"The Guardian","floor":16,"turns":9}],"seed_played":"5414898642171163013","potions_obtained":[{"floor":1,"key":"SmokeBomb"},{"floor":12,"key":"Dexterity Potion"}],"is_trial":false,"path_per_floor":["M","?","?","?","$","E","R","M","T","M","$","M","?","M","R","B"],"character_chosen":"IRONCLAD","items_purchased":["Cleave","Entrench","Shrug It Off","Jack Of All Trades"],"campfire_rested":1,"item_purchase_floors":[5,11,11,11],"current_hp_per_floor":[64,61,61,66,66,27,27,26,26,26,26,16,16,22,43,0],"gold":225,"neow_bonus":"TRANSFORM_TWO_CARDS","is_prod":false,"is_daily":false,"chose_seed":false,"campfire_upgraded":1,"win_rate":0,"timestamp":1553457522,"path_taken":["M","?","?","?","?","E","R","M","T","M","$","?","?","M","R","BOSS"],"build_version":"2019-01-23","purchased_purges":1,"victory":false,"max_hp_per_floor":[68,68,68,73,73,73,73,73,73,73,73,73,73,73,73,73],"card_choices":[{"not_picked":["Sword Boomerang","Combust"],"picked":"Body Slam","floor":1},{"not_picked":["Impervious","Pommel Strike"],"picked":"Shrug It Off","floor":6},{"not_picked":["Burning Pact","Clothesline"],"picked":"Iron Wave","floor":8},{"not_picked":["Headbutt","Cleave","Havoc"],"picked":"SKIP","floor":10},{"not_picked":["Clash","Battle Trance"],"picked":"Shrug It Off","floor":12},{"not_picked":["Sword Boomerang","Clothesline"],"picked":"Dropkick","floor":14}],"player_experience":615216,"relics_obtained":[{"floor":6,"key":"Mercury Hourglass"},{"floor":9,"key":"The Courier"}],"event_choices":[{"damage_healed":0,"gold_gain":0,"player_choice":"Success","damage_taken":3,"relics_obtained":["Pen Nib"],"max_hp_gain":0,"max_hp_loss":0,"event_name":"Scrap Ooze","floor":2,"gold_loss":0},{"damage_healed":0,"gold_gain":175,"player_choice":"AGREE","damage_taken":0,"max_hp_gain":0,"max_hp_loss":0,"event_name":"Liars Game","floor":3,"gold_loss":0,"cards_obtained":["Doubt"]},{"damage_healed":0,"gold_gain":0,"player_choice":"Donut","damage_taken":0,"max_hp_gain":5,"max_hp_loss":0,"event_name":"Big Fish","floor":4,"gold_loss":0},{"damage_healed":0,"gold_gain":100,"player_choice":"Pray","damage_taken":0,"max_hp_gain":0,"max_hp_loss":0,"event_name":"Golden Shrine","floor":13,"gold_loss":0}],"is_beta":false,"boss_relics":[],"items_purged_floors":[5],"is_endless":false,"potions_floor_spawned":[1,12],"killed_by":"The Guardian","ascension_level":14}