{"gold_per_floor":[110,110,110,185,185,185,200,200,200,233,233,249,249,263,263,368,368,388,388,406,406,417,417,450,450],"floor_reached":25,"playtime":830,"items_purged":[],"score":252,"play_id":"0ba1bb64-cc61-46c7-877d-740eb2ce6c99","local_time":"20190826122044","is_ascension_mode":true,"campfire_choices":[{"data":"Dualcast","floor":6,"key":"SMITH"},{"floor":8,"key":"REST"},{"floor":11,"key":"REST"},{"data":"Streamline","floor":15,"key":"SMITH"},{"data":"Echo Form","floor":23,"key":"SMITH"}],"neow_cost":"TEN_PERCENT_HP_LOSS","seed_source_timestamp":5519845920137,"circlet_count":0,"master_deck":["Strike_B+1","Strike_B+1","Defend_B","Defend_B","Defend_B","Zap+1","Dualcast+1","Leap","Capacitor","Streamline+1","Static Discharge","Echo Form+1","Sweeping Beam+1","Loop+1","Turbo+1"],"relics":["Cracked Core","Bird Faced Urn","Bag of Marbles","Bronze Scales","Inserter","MutagenicStrength","Whetstone"],"potions_floor_usage":[10,16,24,24],"damage_taken":[{"damage":6,"enemies":"2 Louse","floor":1,"turns":2},{"damage":7,"enemies":"Jaw Worm","floor":7,"turns":2},{"damage":33,"enemies":"Gremlin Nob","floor":10,"turns":4},{"damage":1,"enemies":"Small Slimes","floor":12,"turns":2},{"damage":8,"enemies":"Blue Slaver","floor":14,"turns":2},{"damage":26,"enemies":"Slime Boss","floor":16,"turns":8},{"damage":13,"enemies":"2 Thieves","floor":18,"turns":4},{"damage":12,"enemies":"Chosen","floor":20,"turns":3},{"damage":15,"enemies":"Snecko","floor":22,"turns":4},{"damage":32,"enemies":"Slavers","floor":24,"turns":3},{"damage":24,"enemies":"Centurion and Healer","floor":25,"turns":2}],"seed_played":"-992267142104136956","potions_obtained":[{"floor":1,"key":"FearPotion"},{"floor":10,"key":"Strength Potion"},{"floor":16,"key":"SkillPotion"},{"floor":18,"key":"AttackPotion"}],"is_trial":false,"path_per_floor":["M","?","?","?","?","R","M","R","T","E","R","M","?","M","R","B",null,"M","?","M","?","M","R","E","M"],"character_chosen":"DEFECT","items_purchased":[],"campfire_rested":2,"item_purchase_floors":[],"current_hp_per_floor":[62,62,55,44,44,44,37,57,57,24,44,45,50,42,42,20,73,64,64,54,54,41,41,13,0],"gold":450,"neow_bonus":"ONE_RARE_RELIC","is_prod":false,"is_daily":false,"chose_seed":false,"campfire_upgraded":3,"win_rate":0,"timestamp":1566814844,"path_taken":["M","?","?","?","?","R","?","R","T","E","R","M","?","M","R","BOSS","M","?","M","?","?","R","E","M"],"build_version":"2019-07-17","purchased_purges":0,"victory":false,"max_hp_per_floor":[68,68,68,68,68,68,68,68,68,68,68,68,73,73,73,73,73,73,73,73,73,73,73,73,73],"card_choices":[{"not_picked":["Rip and Tear","Undo","Compile Driver"],"picked":"SKIP","floor":1},{"not_picked":["Beam Cell","Undo"],"picked":"Leap","floor":7},{"not_picked":["Beam Cell","Redo"],"picked":"Capacitor","floor":10},{"not_picked":["Beam Cell","Sweeping Beam"],"picked":"Streamline","floor":12},{"not_picked":["Gash","Conserve Battery"],"picked":"Static Discharge","floor":14},{"not_picked":["Meteor Strike","Amplify"],"picked":"Echo Form","floor":16},{"not_picked":["Steam","Redo"],"picked":"Sweeping Beam+1","floor":18},{"not_picked":["Loop","Scrape","Gash"],"picked":"SKIP","floor":20},{"not_picked":["Steam","Rainbow"],"picked":"Loop+1","floor":22},{"not_picked":["Recycle","Gash+1"],"picked":"Turbo+1","floor":24}],"player_experience":246222,"relics_obtained":[{"floor":9,"key":"Bag of Marbles"},{"floor":10,"key":"Bronze Scales"},{"floor":24,"key":"Whetstone"}],"event_choices":[{"cards_removed":["Strike_B"],"damage_healed":0,"gold_gain":0,"player_choice":"Forget","damage_taken":0,"max_hp_gain":0,"max_hp_loss":0,"event_name":"Living Wall","floor":2,"gold_loss":0},{"cards_removed":["Defend_B"],"damage_healed":0,"gold_gain":0,"player_choice":"Card Removal","damage_taken":7,"max_hp_gain":0,"max_hp_loss":0,"event_name":"Golden Wing","floor":3,"gold_loss":0},{"damage_healed":0,"gold_gain":75,"player_choice":"Gather Gold","damage_taken":11,"max_hp_gain":0,"max_hp_loss":0,"event_name":"World of Goop","floor":4,"gold_loss":0},{"damage_healed":0,"gold_gain":0,"player_choice":"Upgraded","damage_taken":0,"max_hp_gain":0,"max_hp_loss":0,"event_name":"Upgrade Shrine","floor":5,"gold_loss":0,"cards_upgraded":["Zap"]},{"damage_healed":0,"gold_gain":0,"player_choice":"Donut","damage_taken":0,"max_hp_gain":5,"max_hp_loss":0,"event_name":"Big Fish","floor":13,"gold_loss":0},{"damage_healed":0,"gold_gain":0,"player_choice":"Inject Mutagens","damage_taken":0,"relics_obtained":["MutagenicStrength"],"max_hp_gain":0,"max_hp_loss":0,"event_name":"Drug Dealer","floor":19,"gold_loss":0},{"cards_removed":["Strike_B"],"damage_healed":0,"gold_gain":0,"player_choice":"Offered Basic","damage_taken":0,"max_hp_gain":0,"max_hp_loss":0,"event_name":"Bonfire Elementals","floor":21,"gold_loss":0}],"is_beta":false,"boss_relics":[{"not_picked":["Busted Crown","Pandora\u0027s Box"],"picked":"Inserter"}],"items_purged_floors":[],"is_endless":false,"potions_floor_spawned":[1,10,16,18],"killed_by":"Centurion and Healer","ascension_level":3}