{"gold_per_floor":[109,109,109,24,36,61,61,80,80,90,101,161,174,174,174,174],"floor_reached":16,"playtime":828,"items_purged":["Regret"],"score":144,"play_id":"8cec87a6-b29a-442e-aed5-701d10a7e764","local_time":"20181210173947","is_ascension_mode":true,"campfire_choices":[{"data":"Neutralize","floor":7,"key":"SMITH"},{"floor":15,"key":"REST"}],"neow_cost":"NONE","seed_source_timestamp":2235311725797664,"circlet_count":0,"master_deck":["Defend_G","Defend_G+1","Defend_G","Defend_G","Defend_G+1","Strike_G","Strike_G","Strike_G","Strike_G","Strike_G","Survivor","Neutralize+1","Backflip","Well Laid Plans","Corpse Explosion"],"relics":["Ring of the Snake","NeowsBlessing","Ancient Tea Set","Smiling Mask","Bottled Flame","Bottled Tornado","Tiny Chest"],"potions_floor_usage":[16,16],"damage_taken":[{"damage":0,"enemies":"Cultist","floor":1,"turns":1},{"damage":0,"enemies":"Jaw Worm","floor":5,"turns":1},{"damage":0,"enemies":"Gremlin Nob","floor":6,"turns":1},{"damage":0,"enemies":"Small Slimes","floor":8,"turns":4},{"damage":0,"enemies":"3 Louse","floor":10,"turns":8},{"damage":0,"enemies":"Red Slaver","floor":11,"turns":5},{"damage":23,"enemies":"3 Sentries","floor":12,"turns":13},{"damage":9,"enemies":"Blue Slaver","floor":13,"turns":4},{"damage":54,"enemies":"Slime Boss","floor":16,"turns":13}],"seed_played":"7517173041279445034","potions_obtained":[{"floor":5,"key":"LiquidBronze"},{"floor":11,"key":"Energy Potion"},{"floor":12,"key":"Regen Potion"}],"is_trial":false,"path_per_floor":["M","?","?","$","M","E","R","M","T","M","M","E","M","?","R","B"],"character_chosen":"THE_SILENT","items_purchased":["Well Laid Plans"],"campfire_rested":1,"item_purchase_floors":[4],"current_hp_per_floor":[70,63,63,63,63,63,63,63,63,63,63,40,31,17,38,0],"gold":174,"neow_bonus":"THREE_ENEMY_KILL","is_prod":false,"is_daily":false,"chose_seed":false,"campfire_upgraded":1,"win_rate":0,"timestamp":1544459987,"path_taken":["M","?","?","$","M","E","R","M","T","M","M","E","M","?","R","BOSS"],"build_version":"2018-12-06","purchased_purges":1,"victory":false,"max_hp_per_floor":[70,70,70,70,70,70,70,70,70,70,70,70,70,70,70,70],"card_choices":[{"not_picked":["Reflex","Dagger Spray"],"picked":"Backflip","floor":1},{"not_picked":["Deflect","Dodge and Roll","Quick Slash"],"picked":"SKIP","floor":5},{"not_picked":["Acrobatics","Dagger Spray","Leg Sweep"],"picked":"SKIP","floor":6},{"not_picked":["Prepared","PiercingWail","Choke"],"picked":"SKIP","floor":8},{"not_picked":["Dagger Spray","Deflect","Prepared"],"picked":"SKIP","floor":10},{"not_picked":["Underhanded Strike","Dagger Spray","Prepared"],"picked":"SKIP","floor":11},{"not_picked":["Reflex","Backstab"],"picked":"Corpse Explosion","floor":12},{"not_picked":["Masterful Stab","Blade Dance","Tactician"],"picked":"SKIP","floor":13}],"player_experience":305709,"relics_obtained":[{"floor":6,"key":"Bottled Flame"},{"floor":9,"key":"Bottled Tornado"},{"floor":12,"key":"Tiny Chest"}],"event_choices":[{"damage_healed":0,"gold_gain":0,"player_choice":"Success","damage_taken":7,"relics_obtained":["Ancient Tea Set"],"max_hp_gain":0,"max_hp_loss":0,"event_name":"Scrap Ooze","floor":2,"gold_loss":0},{"damage_healed":0,"gold_gain":0,"player_choice":"Box","damage_taken":0,"relics_obtained":["Smiling Mask"],"max_hp_gain":0,"max_hp_loss":0,"event_name":"Big Fish","floor":3,"gold_loss":0,"cards_obtained":["Regret"]},{"damage_healed":0,"gold_gain":0,"player_choice":"Entered Light","damage_taken":14,"max_hp_gain":0,"max_hp_loss":0,"event_name":"Shining Light","floor":14,"gold_loss":0,"cards_upgraded":["Defend_G","Defend_G"]}],"is_beta":false,"boss_relics":[],"items_purged_floors":[4],"is_endless":false,"potions_floor_spawned":[5,11,12],"killed_by":"Slime Boss","ascension_level":1}