{"gold_per_floor":[117,17,17,37,55,86,105,105,153,153,153,153,168,180,180,278,278,203,203,103,103,103,103,29,29,29,29,29,29,29,29,29,29,29,29,29,29,29,29,29,29,29,29,29],"floor_reached":44,"playtime":3012,"items_purged":["Strike_B","Strike_B"],"score":744,"play_id":"cbc0ed26-b460-4059-a5d4-d03ce5fa0197","local_time":"20190101144504","is_ascension_mode":true,"campfire_choices":[{"floor":10.0,"key":"REST"},{"data":"Ball Lightning","floor":12.0,"key":"SMITH"},{"data":"Dualcast","floor":15.0,"key":"SMITH"},{"floor":27.0,"key":"REST"},{"floor":29.0,"key":"REST"},{"data":"Defragment","floor":32.0,"key":"SMITH"},{"floor":40,"key":"REST"}],"neow_cost":"NONE","seed_source_timestamp":0,"circlet_count":0,"master_deck":["AscendersBane","Strike_B","Defend_B+1","Defend_B","Defend_B","Defend_B","Zap+1","Dualcast+1","Rebound","Ball Lightning+1","Self Repair","Compile Driver","Tempest","Coolheaded","Echo Form","Stack+1","Gash+1","Compile Driver+1","Gash+1","Hologram","Rebound+1","Auto Shields","Defragment+1","Auto Shields+1","Core Surge+1","Leap","Leap+1","Chill","Coolheaded","Compile Driver+1"],"special_seed":0,"relics":["Cracked Core","NeowsBlessing","Ornamental Fan","Pen Nib","Blood Vial","Ectoplasm","Molten Egg 2","MawBank","Pantograph","Oddly Smooth Stone","Busted Crown","Calipers","Symbiotic Virus","Thread and Needle"],"potions_floor_usage":[39,41],"damage_taken":[{"damage":0.0,"enemies":"2 Louse","floor":1.0,"turns":1.0},{"damage":0.0,"enemies":"Cultist","floor":4.0,"turns":1.0},{"damage":0.0,"enemies":"Jaw Worm","floor":5.0,"turns":1.0},{"damage":30.0,"enemies":"Gremlin Nob","floor":6.0,"turns":4.0},{"damage":14.0,"enemies":"3 Louse","floor":7.0,"turns":4.0},{"damage":4.0,"enemies":"Red Slaver","floor":13.0,"turns":2.0},{"damage":6.0,"enemies":"Exordium Thugs","floor":14.0,"turns":3.0},{"damage":8.0,"enemies":"Slime Boss","floor":16.0,"turns":7.0},{"damage":19.0,"enemies":"2 Thieves","floor":18.0,"turns":4.0},{"damage":15.0,"enemies":"Shell Parasite","floor":22.0,"turns":9.0},{"damage":45.0,"enemies":"Slavers","floor":23.0,"turns":6.0},{"damage":35.0,"enemies":"Book of Stabbing","floor":25.0,"turns":6.0},{"damage":15.0,"enemies":"Chosen and Byrds","floor":28.0,"turns":5.0},{"damage":36.0,"enemies":"Snake Plant","floor":30.0,"turns":5.0},{"damage":0.0,"enemies":"3 Cultists","floor":31.0,"turns":7.0},{"damage":34.0,"enemies":"Collector","floor":33.0,"turns":13.0},{"damage":9,"enemies":"3 Shapes","floor":35,"turns":8},{"damage":52,"enemies":"2 Orb Walkers","floor":36,"turns":7},{"damage":5,"enemies":"3 Darklings","floor":37,"turns":5},{"damage":32,"enemies":"Transient","floor":38,"turns":5},{"damage":1,"enemies":"Spire Growth","floor":39,"turns":7},{"damage":16,"enemies":"Reptomancer","floor":41,"turns":6},{"damage":55,"enemies":"Giant Head","floor":44,"turns":8}],"seed_played":"5537183564348430850","potions_obtained":[{"floor":4.0,"key":"PowerPotion"},{"floor":7.0,"key":"FocusPotion"},{"floor":13.0,"key":"EssenceOfSteel"},{"floor":16.0,"key":"SteroidPotion"},{"floor":22.0,"key":"LiquidBronze"},{"floor":25.0,"key":"SkillPotion"},{"floor":30.0,"key":"LiquidBronze"},{"floor":31.0,"key":"Block Potion"},{"floor":37,"key":"Regen Potion"},{"floor":39,"key":"PowerPotion"},{"floor":41,"key":"LiquidBronze"}],"is_trial":false,"path_per_floor":["M","$","?","M","M","E","M","?","T","R","?","R","M","M","R","B",null,"M","?","$","?","M","E","$","E","T","R","M","R","M","M","R","B",null,"M","?","M","M","M","R","E","$","T","E"],"character_chosen":"DEFECT","items_purchased":["Ball Lightning","Gash+1","Hologram"],"campfire_rested":4,"item_purchase_floors":[2,24,24],"current_hp_per_floor":[68,68,53,53,53,30,23,23,23,45,45,45,43,46,46,47,68,65,65,65,65,66,37,37,4,4,26,20,42,22,38,38,45,68,75,30,41,18,34,56,49,49,49,0],"gold":29,"neow_bonus":"THREE_ENEMY_KILL","is_prod":false,"is_daily":false,"chose_seed":false,"campfire_upgraded":3,"win_rate":0,"timestamp":1546350304,"path_taken":["M","$","?","M","M","E","M","?","T","R","?","R","?","M","R","BOSS","M","?","$","?","M","E","$","E","T","R","M","R","?","M","R","BOSS","M","?","M","M","M","R","E","$","T","E"],"build_version":"2018-12-20","purchased_purges":2,"victory":false,"max_hp_per_floor":[75,75,75,75,75,75,75,75,75,75,75,75,75,75,75,75,75,75,75,75,75,75,75,75,75,75,75,75,75,75,75,75,75,75,75,75,75,75,75,75,75,75,75,75],"card_choices":[{"not_picked":["Reprogram","Force Field"],"picked":"Rebound","floor":1.0},{"not_picked":["Tempest","Storm","Beam Cell"],"picked":"SKIP","floor":4.0},{"not_picked":["Steam","Compile Driver"],"picked":"Self Repair","floor":5.0},{"not_picked":["Lockon","Turbo"],"picked":"Compile Driver","floor":6.0},{"not_picked":["Rebound","Rainbow","Redo"],"picked":"SKIP","floor":7.0},{"not_picked":["Compile Driver","Lockon"],"picked":"Coolheaded","floor":13.0},{"not_picked":["Heatsinks","Hello World","Aggregate"],"picked":"SKIP","floor":14.0},{"not_picked":["Multi-Cast","Machine Learning"],"picked":"Echo Form","floor":16.0},{"not_picked":["Streamline","Hologram"],"picked":"Stack+1","floor":18.0},{"not_picked":["Self Repair","Glacier+1"],"picked":"Gash+1","floor":22.0},{"not_picked":["Amplify","Biased Cognition"],"picked":"Compile Driver+1","floor":23.0},{"not_picked":["Recycle","Leap"],"picked":"Rebound+1","floor":25.0},{"not_picked":["Loop","Lockon+1"],"picked":"Auto Shields","floor":28.0},{"not_picked":["Recycle","Stack"],"picked":"Defragment","floor":30.0},{"not_picked":["BootSequence","Glacier"],"picked":"Auto Shields+1","floor":31.0},{"not_picked":["Amplify","Rainbow"],"picked":"Core Surge+1","floor":33.0},{"not_picked":[],"picked":"Leap","floor":35},{"not_picked":[],"picked":"Leap+1","floor":36},{"not_picked":[],"picked":"Chill","floor":37},{"not_picked":[],"picked":"Coolheaded","floor":38},{"not_picked":[],"picked":"Compile Driver+1","floor":39},{"not_picked":["Hello World"],"picked":"SKIP","floor":41}],"player_experience":418337,"relics_obtained":[{"floor":6.0,"key":"Ornamental Fan"},{"floor":9.0,"key":"Pen Nib"},{"floor":11.0,"key":"Blood Vial"},{"floor":23.0,"key":"Pantograph"},{"floor":25.0,"key":"Oddly Smooth Stone"},{"floor":36,"key":"Calipers"},{"floor":41,"key":"Symbiotic Virus"},{"floor":43,"key":"Thread and Needle"}],"event_choices":[{"damage_healed":0.0,"max_hp_gain":0.0,"max_hp_loss":0.0,"gold_gain":0.0,"event_name":"Shining Light","player_choice":"Entered Light","floor":3.0,"gold_loss":0.0,"damage_taken":15.0,"cards_upgraded":["Zap","Defend_B"]},{"damage_healed":0.0,"max_hp_gain":0.0,"max_hp_loss":0.0,"gold_gain":0.0,"cards_transformed":["Strike_B"],"event_name":"Living Wall","player_choice":"Change","floor":8.0,"gold_loss":0.0,"damage_taken":0.0,"cards_obtained":["Tempest"]},{"damage_healed":0.0,"max_hp_gain":0.0,"max_hp_loss":0.0,"gold_gain":0.0,"event_name":"Wheel of Change","player_choice":"Relic","floor":11.0,"gold_loss":0.0,"damage_taken":0.0},{"damage_healed":0.0,"max_hp_gain":0.0,"max_hp_loss":0.0,"gold_gain":0.0,"event_name":"The Mausoleum","player_choice":"Opened","floor":19.0,"gold_loss":0.0,"damage_taken":0.0,"relics_obtained":["Molten Egg 2"]},{"damage_healed":0.0,"max_hp_gain":0.0,"max_hp_loss":0.0,"gold_gain":0.0,"event_name":"WeMeetAgain","player_choice":"Gave Potion","floor":21.0,"gold_loss":0.0,"damage_taken":0.0,"relics_obtained":["MawBank"]},{"damage_healed":0,"gold_gain":0,"player_choice":"Fight","damage_taken":0,"max_hp_gain":0,"max_hp_loss":0,"event_name":"Mysterious Sphere","floor":36,"gold_loss":0}],"is_beta":false,"boss_relics":[{"not_picked":["Calling Bell","Nuclear Battery"],"picked":"Ectoplasm"},{"not_picked":["FrozenCore","Lizard Tail"],"picked":"Busted Crown"}],"items_purged_floors":[2,20],"is_endless":false,"potions_floor_spawned":[4,7,13,14,16,22,25,30,31,37,39,41],"killed_by":"Giant Head","ascension_level":11}