{"path_per_floor":["M","?","?","M","M","R","M","R","T","?","M","$","E","$","R","B",null,"M","T","?","?","M","R","E","M","T","M","M","$","R","M","R"],"character_chosen":"IRONCLAD","items_purchased":["Molten Egg 2","Spot Weakness","Meat on the Bone","Twin Strike"],"gold_per_floor":[116,191,291,304,321,321,339,339,339,339,354,38,67,31,31,136,136,146,192,192,192,209,209,243,260,286,296,316,52,52,68,68,68],"floor_reached":33,"campfire_rested":1,"playtime":1716,"current_hp_per_floor":[80,69,69,73,78,78,78,78,78,78,80,80,69,69,69,43,71,63,63,63,47,47,47,48,58,58,62,36,36,36,47,71,0],"items_purged":["Strike_R"],"gold":68,"score":365,"play_id":"69941d59-2165-4dc3-a3da-2269e750521d","local_time":"20180522114801","is_prod":false,"is_daily":false,"chose_seed":false,"is_ascension_mode":true,"campfire_upgraded":2,"timestamp":1526982481,"campfire_choices":[{"data":"Twin Strike","floor":6,"key":"SMITH"},{"data":"Bash","floor":8,"key":"SMITH"},{"data":"1","floor":15,"key":"LIFT"},{"data":"2","floor":23,"key":"LIFT"},{"data":"3","floor":30,"key":"LIFT"},{"floor":32,"key":"REST"}],"path_taken":["M","?","?","M","M","R","M","R","T","?","M","$","E","?","R","BOSS","M","?","?","?","M","R","E","M","T","M","?","$","R","M","R","BOSS"],"build_version":"2018-05-17","seed_source_timestamp":603196278062067,"purchased_purges":2,"victory":false,"master_deck":["Strike_R","Strike_R","Strike_R","Defend_R","Defend_R","Defend_R","Defend_R","Bash+1","Heavy Blade","Twin Strike+1","Thunderclap","Offering","Spot Weakness","Reaper+1","Heavy Blade+1","Battle Trance","Iron Wave+1","Spot Weakness","Sword Boomerang+1","Pummel+1","Twin Strike+1"],"max_hp_per_floor":[80,80,80,80,80,80,80,80,80,80,80,80,80,80,80,80,80,80,80,80,80,80,80,80,80,80,80,80,80,80,80,80,80],"relics":["Burning Blood","Du-Vu Doll","Girya","Molten Egg 2","Blood Vial","Orrery","Pen Nib","Enchiridion","Darkstone Periapt","Boot","Meat on the Bone"],"card_choices":[{"not_picked":["Rupture","Perfected Strike"],"picked":"Twin Strike","floor":1},{"not_picked":["Armaments","Shockwave"],"picked":"Thunderclap","floor":4},{"not_picked":["Rupture","Twin Strike","Sentinel"],"picked":"SKIP","floor":5},{"not_picked":["Feel No Pain","Clothesline","Warcry"],"picked":"SKIP","floor":7},{"not_picked":["Disarm","Warcry","Pommel Strike"],"picked":"SKIP","floor":11},{"not_picked":["Immolate+1","Clash+1"],"picked":"Offering","floor":13},{"not_picked":["Berserk","Immolate+1"],"picked":"Reaper+1","floor":16},{"not_picked":["Headbutt+1","Thunderclap+1"],"picked":"Heavy Blade+1","floor":17},{"not_picked":["Wild Strike+1","Perfected Strike+1"],"picked":"Battle Trance","floor":17},{"not_picked":["Sentinel","Wild Strike+1"],"picked":"Iron Wave+1","floor":17},{"not_picked":["Perfected Strike+1","Uppercut+1"],"picked":"Spot Weakness","floor":17},{"not_picked":["Cleave+1","True Grit","Blood for Blood+1"],"picked":"SKIP","floor":18},{"not_picked":["Fire Breathing","Shockwave"],"picked":"Sword Boomerang+1","floor":22},{"not_picked":["Disarm","Evolve+1","Havoc"],"picked":"SKIP","floor":24},{"not_picked":["Evolve","Warcry+1","Immolate+1"],"picked":"SKIP","floor":25},{"not_picked":["Shrug It Off","Cleave+1"],"picked":"Pummel+1","floor":27},{"not_picked":["Body Slam+1","Carnage+1","Power Through"],"picked":"SKIP","floor":28},{"not_picked":["Anger+1","Body Slam+1","Sword Boomerang+1"],"picked":"SKIP","floor":31}],"player_experience":244415,"potions_floor_usage":[7,24,33],"damage_taken":[{"damage":3,"enemies":"Jaw Worm","floor":1,"turns":5},{"damage":2,"enemies":"2 Louse","floor":4,"turns":2},{"damage":1,"enemies":"Cultist","floor":5,"turns":3},{"damage":6,"enemies":"Exordium Wildlife","floor":7,"turns":3},{"damage":0,"enemies":"Large Slime","floor":11,"turns":4},{"damage":17,"enemies":"3 Sentries","floor":13,"turns":6},{"damage":34,"enemies":"Slime Boss","floor":16,"turns":6},{"damage":16,"enemies":"Chosen","floor":18,"turns":3},{"damage":8,"enemies":"Shell Parasite","floor":22,"turns":3},{"damage":7,"enemies":"Book of Stabbing","floor":24,"turns":3},{"damage":18,"enemies":"Centurion and Healer","floor":25,"turns":3},{"damage":4,"enemies":"Cultist and Chosen","floor":27,"turns":4},{"damage":34,"enemies":"Slaver and Parasite","floor":28,"turns":3},{"damage":9,"enemies":"Snecko","floor":31,"turns":3},{"damage":92,"enemies":"Automaton","floor":33,"turns":6}],"relics_obtained":[{"floor":9,"key":"Du-Vu Doll"},{"floor":13,"key":"Blood Vial"},{"floor":19,"key":"Pen Nib"},{"floor":21,"key":"Enchiridion"},{"floor":24,"key":"Darkstone Periapt"},{"floor":26,"key":"Boot"}],"event_choices":[{"event_name":"World of Goop","player_choice":"Gather Gold","floor":2,"damage_taken":0},{"event_name":"Golden Shrine","player_choice":"Pray","floor":3,"damage_taken":0},{"event_name":"Wheel of Change","player_choice":"Relic","floor":10,"damage_taken":0},{"event_name":"Ghosts","player_choice":"Ignored","floor":20,"damage_taken":0},{"event_name":"Cursed Tome","player_choice":"Obtained Book","floor":21,"damage_taken":0}],"boss_relics":[{"not_picked":["Snecko Eye","Eternal Feather"],"picked":"Orrery"}],"potions_floor_spawned":[1,4,7,16,22,24,31],"seed_played":"-502014917176461522","killed_by":"Automaton","ascension_level":5,"potions_obtained":[{"floor":1,"key":"Ancient Potion"},{"floor":4,"key":"Energy Potion"},{"floor":7,"key":"BloodPotion"},{"floor":16,"key":"SpeedPotion"},{"floor":24,"key":"PowerPotion"},{"floor":31,"key":"Dexterity Potion"}],"is_trial":false}