{"path_per_floor":["M","?","$","?","M","E","M","M","T","M","?","M","R","M","R","B",null,"M","$","?","M","M","R"],"character_chosen":"IRONCLAD","items_purchased":["Heavy Blade","Inflame","Flex","Pommel Strike"],"gold_per_floor":[112,62,37,37,61,102,118,132,132,152,152,171,171,191,191,311,311,330,107,107,123,148,148],"floor_reached":24,"campfire_rested":3,"playtime":2011,"current_hp_per_floor":[75,75,75,55,61,17,20,24,24,33,16,23,49,58,85,52,95,61,61,61,47,15,37],"items_purged":["Strike_R"],"gold":148,"play_id":"388cba6d-df8b-4f07-bbc4-52be931616bf","is_prod":false,"is_daily":false,"is_ascension_mode":false,"campfire_upgraded":0,"path_taken":["M","?","$","?","M","E","M","M","T","?","?","M","R","M","R","BOSS","M","$","?","?","M","R","E"],"build_version":"2018-01-25-PROD3","purchased_purges":1,"victory":false,"master_deck":["Defend_R","Defend_R+1","Defend_R","Bash","Thunderclap","Heavy Blade","Pommel Strike","Whirlwind","Feed","Armaments","Anger+1","Flex","Twin Strike","Limit Break","Dropkick+1","Inflame","Flex","Pommel Strike","Bite_R","Bite_R","Bite_R","Bite_R","Bite_R","Anger+1","Headbutt"],"max_hp_per_floor":[80,80,80,80,80,80,80,83,83,86,86,89,89,92,92,95,95,99,99,69,73,76,76],"relics":["Burning Blood","Ancient Tea Set","Golden Idol","Bronze Scales","Champion Belt","Runic Pyramid"],"card_choices":[{"not_picked":["Combust","True Grit"],"picked":"Thunderclap"},{"not_picked":["Rampage","True Grit"],"picked":"Pommel Strike"},{"not_picked":["Clothesline","Twin Strike"],"picked":"Whirlwind"},{"not_picked":["Metallicize","Combust"],"picked":"Feed"},{"not_picked":["Thunderclap","Second Wind"],"picked":"Armaments"},{"not_picked":["Shockwave","Warcry"],"picked":"Anger"},{"not_picked":["Heavy Blade","Thunderclap"],"picked":"Flex"},{"not_picked":["Whirlwind","Burning Pact"],"picked":"Twin Strike"},{"not_picked":["Impervious","Double Tap"],"picked":"Limit Break"},{"not_picked":["Shrug It Off","Thunderclap"],"picked":"Dropkick"},{"not_picked":["Burning Pact","Clothesline"],"picked":"Anger"},{"not_picked":["Clothesline","Corruption"],"picked":"Headbutt"}],"player_experience":10981,"potions_floor_usage":[10,12],"damage_taken":[{"damage":11,"enemies":"Jaw Worm","floor":1,"turns":6},{"damage":0,"enemies":"2 Louse","floor":5,"turns":2},{"damage":50,"enemies":"Lagavulin","floor":6,"turns":8},{"damage":3,"enemies":"Small Slimes","floor":7,"turns":3},{"damage":5,"enemies":"3 Louse","floor":8,"turns":3},{"damage":0,"enemies":"Gremlin Gang","floor":10,"turns":3},{"damage":8,"enemies":"2 Fungi Beasts","floor":12,"turns":3},{"damage":0,"enemies":"3 Louse","floor":14,"turns":3},{"damage":42,"enemies":"Slime Boss","floor":16,"turns":11},{"damage":44,"enemies":"Spheric Guardian","floor":18,"turns":6},{"damage":32,"enemies":"2 Thieves","floor":21,"turns":5},{"damage":48,"enemies":"Centurion and Healer","floor":22,"turns":5},{"damage":41,"enemies":"Book of Stabbing","floor":24,"turns":4}],"event_choices":[{"event_name":"The Cleric","player_choice":"Card Removal","floor":2,"damage_taken":0},{"event_name":"Golden Idol","player_choice":"Take Damage","floor":4,"damage_taken":0},{"event_name":"Shining Light","player_choice":"Entered Light","floor":11,"damage_taken":0},{"event_name":"Vampires","player_choice":"Became a vampire","floor":20,"damage_taken":0}],"boss_relics":[{"not_picked":["White Beast Statue","Orrery"],"picked":"Runic Pyramid"}],"potions_floor_spawned":[1,5,7,8,16,21],"seed_played":"1965452900762300955","killed_by":"Book of Stabbing","ascension_level":0,"is_trial":false}