{"gold_per_floor":[109,109,125,136,147,182,192,209,209,189,189,221,241,38,38,142,142,160,172,189,189,199,199,199],"floor_reached":24,"playtime":3005,"items_purged":[],"score":275,"play_id":"c6dcf044-27f3-4b0c-acdf-3dc0e10fb607","local_time":"20190415111059","is_ascension_mode":true,"campfire_choices":[{"data":"Limit Break","floor":11,"key":"SMITH"},{"floor":15,"key":"RECALL"},{"floor":23,"key":"REST"}],"neow_cost":"NONE","seed_source_timestamp":3860798837829523,"circlet_count":0,"master_deck":["Strike_R","Strike_R","Strike_R","Strike_R","Defend_R","Defend_R","Defend_R","Bash","Limit Break+1","Pommel Strike","Clothesline","Headbutt","Heavy Blade","Shockwave","Thunderclap","Iron Wave","Cleave","Pommel Strike","Exhume","Twin Strike","Flame Barrier","Armaments","RitualDagger","Burning Pact+1"],"relics":["Burning Blood","Vajra","StoneCalendar","Boot","Brimstone","Empty Cage"],"potions_floor_usage":[6,12,12,18,20,24],"damage_taken":[{"damage":4,"enemies":"Small Slimes","floor":1,"turns":4},{"damage":1,"enemies":"Cultist","floor":3,"turns":3},{"damage":1,"enemies":"Jaw Worm","floor":4,"turns":3},{"damage":8,"enemies":"Red Slaver","floor":5,"turns":4},{"damage":19,"enemies":"Gremlin Nob","floor":6,"turns":4},{"damage":8,"enemies":"Blue Slaver","floor":7,"turns":4},{"damage":8,"enemies":"Exordium Thugs","floor":8,"turns":4},{"damage":18,"enemies":"3 Sentries","floor":12,"turns":4},{"damage":1,"enemies":"3 Louse","floor":13,"turns":3},{"damage":0,"enemies":"Slime Boss","floor":16,"turns":5},{"damage":23,"enemies":"Shell Parasite","floor":18,"turns":4},{"damage":20,"enemies":"2 Thieves","floor":19,"turns":3},{"damage":33,"enemies":"Shelled Parasite and Fungi","floor":20,"turns":4},{"damage":0,"enemies":"Snecko","floor":22,"turns":3},{"damage":56,"enemies":"Slavers","floor":24,"turns":3}],"seed_played":"8027854856393646334","potions_obtained":[{"floor":1,"key":"Swift Potion"},{"floor":4,"key":"Energy Potion"},{"floor":7,"key":"Strength Potion"},{"floor":10,"key":"EntropicBrew"},{"floor":12,"key":"Regen Potion"},{"floor":13,"key":"LiquidBronze"},{"floor":19,"key":"Strength Potion"},{"floor":20,"key":"GamblersBrew"}],"is_trial":false,"path_per_floor":["M","?","M","M","M","E","M","M","T","?","R","E","M","$","R","B",null,"M","M","M","?","M","R","E"],"character_chosen":"IRONCLAD","items_purchased":["Brimstone"],"campfire_rested":1,"item_purchase_floors":[14],"current_hp_per_floor":[80,80,80,80,78,65,63,61,61,61,61,49,54,54,54,60,80,70,56,29,23,29,53,0],"gold":199,"neow_bonus":"ONE_RANDOM_RARE_CARD","is_prod":false,"is_daily":false,"chose_seed":false,"campfire_upgraded":1,"win_rate":0,"timestamp":1555341059,"path_taken":["M","?","?","M","M","E","M","M","T","?","R","E","M","$","R","BOSS","M","?","M","?","M","R","E"],"build_version":"2019-01-23","purchased_purges":0,"victory":false,"max_hp_per_floor":[80,80,80,80,80,80,80,80,80,80,80,80,80,80,80,80,80,80,80,80,80,80,80,80],"card_choices":[{"not_picked":["Dropkick","Entrench"],"picked":"Pommel Strike","floor":1},{"not_picked":["Body Slam","Feel No Pain"],"picked":"Clothesline","floor":3},{"not_picked":["Blood for Blood","Sword Boomerang"],"picked":"Headbutt","floor":4},{"not_picked":["Searing Blow","Body Slam"],"picked":"Heavy Blade","floor":5},{"not_picked":["Pummel","Feel No Pain"],"picked":"Shockwave","floor":6},{"not_picked":["Havoc","Perfected Strike"],"picked":"Thunderclap","floor":7},{"not_picked":["Clothesline","Headbutt"],"picked":"Iron Wave","floor":8},{"not_picked":["Searing Blow","Evolve"],"picked":"Cleave","floor":12},{"not_picked":["Bloodletting","Immolate"],"picked":"Pommel Strike","floor":13},{"not_picked":["Dark Embrace","Immolate"],"picked":"Exhume","floor":16},{"not_picked":["Bloodletting","Anger+1"],"picked":"Twin Strike","floor":18},{"not_picked":["Shockwave","Body Slam"],"picked":"Flame Barrier","floor":19},{"not_picked":["Flex","Body Slam"],"picked":"Armaments","floor":20},{"not_picked":["Wild Strike","Havoc"],"picked":"Burning Pact+1","floor":22}],"player_experience":69559,"relics_obtained":[{"floor":6,"key":"StoneCalendar"},{"floor":12,"key":"Boot"}],"event_choices":[{"damage_healed":0,"gold_gain":0,"player_choice":"Gave Potion","damage_taken":0,"relics_obtained":["Vajra"],"max_hp_gain":0,"max_hp_loss":0,"event_name":"WeMeetAgain","floor":2,"gold_loss":0},{"damage_healed":0,"gold_gain":0,"player_choice":"Bought 1 Potion","damage_taken":0,"max_hp_gain":0,"max_hp_loss":0,"event_name":"The Woman in Blue","floor":10,"gold_loss":0},{"damage_healed":0,"gold_gain":0,"player_choice":"Joined the Cult","damage_taken":6,"max_hp_gain":0,"max_hp_loss":0,"event_name":"Nest","floor":21,"gold_loss":0,"cards_obtained":["RitualDagger"]}],"is_beta":false,"boss_relics":[{"not_picked":["Busted Crown","Fusion Hammer"],"picked":"Empty Cage"}],"items_purged_floors":[],"is_endless":false,"potions_floor_spawned":[1,4,7,12,13,19,20],"killed_by":"Slavers","ascension_level":1}