{"path_per_floor":["M","?","M","M","M","R","?","R","T","R","E","$","T","M","R","B",null,"M","$","?","M","M","R","?","R","T","E","R","?","?","M","R"],"character_chosen":"IRONCLAD","items_purchased":["Shrug It Off","Rage","Oddly Smooth Stone"],"gold_per_floor":[109,184,202,218,228,228,228,228,299,299,326,136,136,149,149,249,249,266,16,16,33,51,51,51,51,78,111,111,111,36,51,51,51],"floor_reached":33,"campfire_rested":1,"playtime":1433,"item_purchase_floors":[12,12,19],"current_hp_per_floor":[80,69,75,77,59,59,59,59,59,59,55,55,55,61,61,35,69,64,64,64,58,40,40,40,64,71,45,45,74,74,73,73,0],"items_purged":["Strike_R","Rage"],"gold":51,"score":329,"play_id":"2cfd4faf-46bd-4ff6-a8f6-dff7579184da","local_time":"20180528005350","is_prod":false,"is_daily":false,"chose_seed":false,"is_ascension_mode":true,"campfire_upgraded":5,"win_rate":0,"timestamp":1527461630,"campfire_choices":[{"data":"Thunderclap","floor":6,"key":"SMITH"},{"data":"Flex","floor":8,"key":"SMITH"},{"data":"Twin Strike","floor":10,"key":"SMITH"},{"data":"Shrug It Off","floor":15,"key":"SMITH"},{"data":"Limit Break","floor":23,"key":"SMITH"},{"floor":25,"key":"REST"},{"data":"Thunderclap","floor":28,"key":"PURGE"},{"data":"Heavy Blade","floor":32,"key":"PURGE"}],"path_taken":["M","?","M","?","M","R","?","R","T","R","E","$","?","M","R","BOSS","M","$","?","M","M","R","?","R","T","E","R","?","?","M","R","BOSS"],"build_version":"2018-05-24","seed_source_timestamp":1082623096541681,"purchased_purges":2,"victory":false,"master_deck":["Bash+1","Twin Strike+1","Thunderclap+1","Flex+1","Flex","Shrug It Off+1","Flex","Limit Break+1","Bloodletting","Anger","True Grit","Shrug It Off","Iron Wave","Heavy Blade+1","Iron Wave+1","Whirlwind"],"max_hp_per_floor":[80,80,80,80,80,80,80,80,80,80,80,80,80,80,80,80,80,80,80,80,80,80,80,80,80,87,87,87,87,87,87,87,87],"relics":["Burning Blood","Pantograph","Art of War","Shuriken","Pandora\u0027s Box","Oddly Smooth Stone","Strawberry","Peace Pipe"],"card_choices":[{"not_picked":["Warcry","Cleave"],"picked":"Twin Strike","floor":1},{"not_picked":["Anger","Clash","Warcry"],"picked":"SKIP","floor":3},{"not_picked":["Power Through","Warcry"],"picked":"Thunderclap","floor":4},{"not_picked":["Heavy Blade","Intimidate"],"picked":"Flex","floor":5},{"not_picked":["Feel No Pain","Metallicize"],"picked":"Flex","floor":11},{"not_picked":["Iron Wave","Clothesline"],"picked":"Flex","floor":14},{"not_picked":["Juggernaut","Demon Form"],"picked":"Limit Break","floor":16},{"not_picked":["Clothesline","Twin Strike"],"picked":"Thunderclap","floor":18},{"not_picked":["Bloodletting","Inflame"],"picked":"Heavy Blade+1","floor":21},{"not_picked":["Reckless Charge","Havoc"],"picked":"Iron Wave+1","floor":22},{"not_picked":["Dual Wield","Exhume"],"picked":"Whirlwind","floor":27},{"not_picked":["Thunderclap","Pommel Strike","Clash"],"picked":"SKIP","floor":31}],"player_experience":247511,"potions_floor_usage":[16,33],"damage_taken":[{"damage":6,"enemies":"Cultist","floor":1,"turns":3},{"damage":0,"enemies":"Small Slimes","floor":3,"turns":3},{"damage":4,"enemies":"Jaw Worm","floor":4,"turns":3},{"damage":24,"enemies":"Gremlin Gang","floor":5,"turns":7},{"damage":10,"enemies":"Gremlin Nob","floor":11,"turns":3},{"damage":0,"enemies":"Blue Slaver","floor":14,"turns":3},{"damage":51,"enemies":"The Guardian","floor":16,"turns":11},{"damage":11,"enemies":"3 Byrds","floor":18,"turns":5},{"damage":12,"enemies":"Shell Parasite","floor":21,"turns":3},{"damage":24,"enemies":"Snake Plant","floor":22,"turns":2},{"damage":32,"enemies":"Book of Stabbing","floor":27,"turns":5},{"damage":7,"enemies":"Cultist and Chosen","floor":31,"turns":3},{"damage":96,"enemies":"Automaton","floor":33,"turns":6}],"relics_obtained":[{"floor":9,"key":"Pantograph"},{"floor":11,"key":"Art of War"},{"floor":13,"key":"Shuriken"},{"floor":26,"key":"Strawberry"},{"floor":27,"key":"Peace Pipe"}],"event_choices":[{"event_name":"World of Goop","player_choice":"Gather Gold","floor":2,"damage_taken":0},{"event_name":"Bonfire Elementals","player_choice":"BASIC","floor":7,"damage_taken":0},{"event_name":"Drug Dealer","player_choice":"Ignored","floor":20,"damage_taken":0},{"event_name":"Addict","player_choice":"Ignored","floor":24,"damage_taken":0},{"event_name":"The Library","player_choice":"Heal","floor":29,"damage_taken":0},{"event_name":"Beggar","player_choice":"Gave Gold","floor":30,"damage_taken":0}],"boss_relics":[{"not_picked":["White Beast Statue","Eternal Feather"],"picked":"Pandora\u0027s Box"}],"items_purged_floors":[12,19],"potions_floor_spawned":[3,11,22,27,31],"seed_played":"4634063243863758137","killed_by":"Automaton","ascension_level":5,"potions_obtained":[{"floor":3,"key":"GamblersBrew"},{"floor":11,"key":"Explosive Potion"},{"floor":22,"key":"LiquidBronze"},{"floor":27,"key":"Energy Potion"}],"is_trial":false}