{"path_per_floor":["M","M","$","M","?","R","E","R","T","?","M","R","?","M","R","B",null,"M","?","M"],"character_chosen":"THE_SILENT","items_purchased":[],"gold_per_floor":[109,125,50,68,18,18,51,51,51,51,68,68,68,88,88,188,188,202,202,212,212],"floor_reached":21,"campfire_rested":1,"playtime":2082,"current_hp_per_floor":[32,47,47,47,47,47,30,30,30,30,31,31,31,32,56,15,75,35,35,25,0],"items_purged":["Strike_G"],"gold":212,"score":277,"play_id":"278612da-21db-49d7-a218-5c1ca70095b3","local_time":"20180408141659","is_prod":false,"is_daily":false,"is_ascension_mode":true,"campfire_upgraded":3,"timestamp":1523189819,"path_taken":["M","?","$","M","?","R","E","R","T","?","M","R","?","M","R","BOSS","M","?","M","M"],"build_version":"2018-04-05v2","purchased_purges":1,"victory":false,"master_deck":["Defend_G","Defend_G","Defend_G","Defend_G","Survivor","Neutralize+1","Grand Finale","Flechettes+1","Footwork+1","Terror","Noxious Fumes+1","After Image","Pain","Injury","Decay","Bite","Bite","Bite","Bite","Bite","Cloak And Dagger"],"max_hp_per_floor":[70,70,70,70,70,70,77,77,77,77,79,79,79,81,81,81,91,93,65,65,65],"relics":["Ring of the Snake","Strawberry","Singing Bowl","Calling Bell","Dead Branch","Pear","Oddly Smooth Stone"],"card_choices":[{"not_picked":["Calculated Gamble","Sucker Punch"],"picked":"Footwork","floor":1},{"not_picked":["Quick Slash","Escape Plan"],"picked":"Terror","floor":4},{"not_picked":["Sucker Punch","Flying Knee"],"picked":"Noxious Fumes","floor":7},{"not_picked":["Die Die Die","A Thousand Cuts"],"picked":"After Image","floor":16},{"not_picked":["Reflex","Riddle With Holes"],"picked":"Cloak And Dagger","floor":20}],"player_experience":233658,"potions_floor_usage":[2,16,20],"damage_taken":[{"damage":0,"enemies":"Cultist","floor":1,"turns":4},{"damage":0,"enemies":"Jaw Worm","floor":2,"turns":6},{"damage":0,"enemies":"2 Louse","floor":4,"turns":2},{"damage":24,"enemies":"3 Sentries","floor":7,"turns":20},{"damage":1,"enemies":"2 Fungi Beasts","floor":11,"turns":4},{"damage":1,"enemies":"Large Slime","floor":14,"turns":5},{"damage":41,"enemies":"Slime Boss","floor":16,"turns":14},{"damage":42,"enemies":"Chosen","floor":18,"turns":7},{"damage":37,"enemies":"3 Byrds","floor":20,"turns":8},{"damage":34,"enemies":"Snake Plant","floor":21,"turns":4}],"event_choices":[{"event_name":"The Cleric","player_choice":"Card Removal","floor":5,"damage_taken":0},{"event_name":"Liars Game","player_choice":"disagreed","floor":10,"damage_taken":0},{"event_name":"Upgrade Shrine","player_choice":"Upgraded","floor":13,"damage_taken":0},{"event_name":"Vampires","player_choice":"Became a vampire","floor":19,"damage_taken":0}],"boss_relics":[{"not_picked":["Philosopher\u0027s Stone","Black Star"],"picked":"Calling Bell"}],"potions_floor_spawned":[1,11,16,18],"seed_played":"5627583724164925398","killed_by":"Snake Plant","ascension_level":8,"is_trial":false}