{"gold_per_floor":[12,23,43,61,72,100,110,110,110,126,158,158,168,203,203,308,308,323,343,14,14,33,33,63,63,136,171,184,99,99,20,20,124,124,136,236,236,255,255,282,282,299,325,325,23,34,51,77,77,77],"floor_reached":51,"playtime":4338,"items_purged":["Pain","Decay"],"score":834,"play_id":"56d16efc-e1a9-4c63-86ef-d95121d45364","local_time":"20190821221911","is_ascension_mode":true,"campfire_choices":[{"data":"Defragment","floor":12.0,"key":"SMITH"},{"data":"Echo Form","floor":15.0,"key":"SMITH"},{"data":"Seek","floor":23.0,"key":"SMITH"},{"data":"Coolheaded","floor":25.0,"key":"SMITH"},{"data":"Buffer","floor":30.0,"key":"SMITH"},{"floor":32.0,"key":"REST"},{"data":"Self Repair","floor":41,"key":"SMITH"},{"data":"Rainbow","floor":44,"key":"SMITH"},{"data":"Fission","floor":49,"key":"SMITH"}],"neow_cost":"NO_GOLD","seed_source_timestamp":0,"circlet_count":0,"master_deck":["Strike_B","Strike_B+1","Strike_B","Defend_B","Defend_B","Defend_B","Zap","Dualcast","Self Repair+1","Seek+1","Chill+1","Conserve Battery","Echo Form+1","Defragment+1","Cold Snap","Coolheaded+1","Buffer+1","Multi-Cast","Regret","Writhe","Turbo+1","Ball Lightning","Capacitor","Rainbow+1","Chaos+1","White Noise+1","Coolheaded+1","Fission+1","Tempest+1"],"special_seed":0,"relics":["Cracked Core","Regal Pillow","Mummified Hand","Lantern","Happy Flower","Calling Bell","Boot","Cables","Thread and Needle","Symbiotic Virus","Singing Bowl","Turnip","Potion Belt","Coffee Dripper","Torii","Centennial Puzzle","Dream Catcher","Juzu Bracelet"],"potions_floor_usage":[40,48,50],"damage_taken":[{"damage":2.0,"enemies":"2 Louse","floor":1.0,"turns":2.0},{"damage":11.0,"enemies":"Jaw Worm","floor":2.0,"turns":3.0},{"damage":1.0,"enemies":"Cultist","floor":3.0,"turns":3.0},{"damage":8.0,"enemies":"3 Louse","floor":4.0,"turns":3.0},{"damage":9.0,"enemies":"Exordium Wildlife","floor":5.0,"turns":6.0},{"damage":13.0,"enemies":"Lagavulin","floor":6.0,"turns":4.0},{"damage":0.0,"enemies":"2 Fungi Beasts","floor":7.0,"turns":4.0},{"damage":6.0,"enemies":"Red Slaver","floor":10.0,"turns":3.0},{"damage":0.0,"enemies":"3 Sentries","floor":11.0,"turns":7.0},{"damage":0.0,"enemies":"Lots of Slimes","floor":13.0,"turns":3.0},{"damage":0.0,"enemies":"Gremlin Nob","floor":14.0,"turns":4.0},{"damage":10.0,"enemies":"Slime Boss","floor":16.0,"turns":12.0},{"damage":11.0,"enemies":"3 Byrds","floor":18.0,"turns":5.0},{"damage":14.0,"enemies":"Shell Parasite","floor":19.0,"turns":8.0},{"damage":4.0,"enemies":"Chosen and Byrds","floor":22.0,"turns":7.0},{"damage":8.0,"enemies":"Book of Stabbing","floor":24.0,"turns":6.0},{"damage":58.0,"enemies":"Gremlin Leader","floor":27.0,"turns":8.0},{"damage":9.0,"enemies":"Centurion and Healer","floor":28.0,"turns":7.0},{"damage":24.0,"enemies":"Automaton","floor":33.0,"turns":11.0},{"damage":0,"enemies":"3 Darklings","floor":35,"turns":6},{"damage":0,"enemies":"Mind Bloom Boss Battle","floor":36,"turns":5},{"damage":11,"enemies":"Orb Walker","floor":38,"turns":3},{"damage":32,"enemies":"Nemesis","floor":40,"turns":5},{"damage":10,"enemies":"Writhing Mass","floor":42,"turns":6},{"damage":4,"enemies":"Sphere and 2 Shapes","floor":46,"turns":4},{"damage":2,"enemies":"4 Shapes","floor":47,"turns":6},{"damage":0,"enemies":"Reptomancer","floor":48,"turns":8},{"damage":19,"enemies":"Donu and Deca","floor":50,"turns":9}],"seed_played":"2323712889445302128","potions_obtained":[{"floor":1.0,"key":"AttackPotion"},{"floor":2.0,"key":"Fire Potion"},{"floor":4.0,"key":"Swift Potion"},{"floor":7.0,"key":"FearPotion"},{"floor":13.0,"key":"Ancient Potion"},{"floor":14.0,"key":"SkillPotion"},{"floor":21.0,"key":"Block Potion"},{"floor":21.0,"key":"SkillPotion"},{"floor":21.0,"key":"Dexterity Potion"},{"floor":27.0,"key":"Regen Potion"},{"floor":35,"key":"Energy Potion"},{"floor":38,"key":"AttackPotion"},{"floor":46,"key":"SkillPotion"},{"floor":47,"key":"Poison Potion"},{"floor":48,"key":"Poison Potion"}],"is_trial":false,"path_per_floor":["M","M","M","M","M","E","M","?","T","M","E","R","M","E","R","B",null,"M","M","$","?","M","R","E","R","T","E","M","?","R","$","R","B",null,"M","?","?","M","?","E","R","M","T","R","$","M","M","E","R","B",null],"character_chosen":"DEFECT","items_purchased":["Symbiotic Virus","Capacitor","Fission","Block Potion"],"campfire_rested":1,"item_purchase_floors":[20,31,45,45],"current_hp_per_floor":[73,69,75,74,72,66,73,58,58,59,66,66,73,75,75,72,75,75,68,68,68,71,71,72,72,72,23,43,43,43,43,79,62,79,79,81,77,66,66,43,43,43,43,43,43,51,69,81,81,72],"gold":77,"neow_bonus":"REMOVE_TWO","is_prod":false,"is_daily":false,"chose_seed":false,"campfire_upgraded":8,"win_rate":0,"timestamp":1566418751,"path_taken":["M","M","M","M","M","E","M","?","T","M","E","R","M","E","R","BOSS","M","M","$","?","M","R","E","R","T","E","?","?","R","$","R","BOSS","M","?","?","M","?","E","R","M","T","R","$","M","?","E","R","BOSS"],"build_version":"2019-07-17","purchased_purges":2,"victory":true,"max_hp_per_floor":[75,75,75,75,75,75,75,75,75,75,75,75,75,75,75,75,75,75,75,75,75,75,75,77,77,77,79,79,79,79,79,79,79,79,79,81,77,77,77,79,79,79,79,79,79,81,81,83,83,83],"card_choices":[{"not_picked":["Hello World","Conserve Battery"],"picked":"Self Repair","floor":1.0},{"not_picked":["Barrage","FTL","Stack"],"picked":"SKIP","floor":2.0},{"not_picked":["Hello World","Streamline"],"picked":"Seek","floor":3.0},{"not_picked":["Coolheaded","Stack"],"picked":"Chill","floor":4.0},{"not_picked":["Steam","Go for the Eyes"],"picked":"Conserve Battery","floor":5.0},{"not_picked":["Stack","Auto Shields"],"picked":"Echo Form","floor":6.0},{"not_picked":["Ball Lightning","Barrage"],"picked":"Defragment","floor":7.0},{"not_picked":["Barrage","Sunder"],"picked":"Cold Snap","floor":10.0},{"not_picked":["Gash","Chill","Barrage"],"picked":"SKIP","floor":11.0},{"not_picked":["Streamline","Gash"],"picked":"Coolheaded","floor":13.0},{"not_picked":["Rebound","Coolheaded"],"picked":"Buffer","floor":14.0},{"not_picked":["Amplify","Thunder Strike"],"picked":"Multi-Cast","floor":16.0},{"not_picked":["Leap","Coolheaded","Gash"],"picked":"SKIP","floor":18.0},{"not_picked":["Genetic Algorithm","Steam","Gash"],"picked":"SKIP","floor":19.0},{"not_picked":["Rebound","Go for the Eyes"],"picked":"Turbo+1","floor":22.0},{"not_picked":["Rebound+1","Aggregate","Barrage+1"],"picked":"Singing Bowl","floor":24.0},{"not_picked":["Steam","Hologram","Barrage"],"picked":"Singing Bowl","floor":27.0},{"not_picked":["Hologram","Rip and Tear"],"picked":"Ball Lightning","floor":28.0},{"not_picked":["Echo Form","Buffer"],"picked":"Rainbow","floor":33.0},{"not_picked":["Redo","Rebound"],"picked":"Chaos+1","floor":35},{"not_picked":["Steam+1","Conserve Battery+1","Stack+1"],"picked":"Singing Bowl","floor":36},{"not_picked":["Cold Snap+1","Auto Shields+1"],"picked":"White Noise+1","floor":38},{"not_picked":["Rebound+1","Core Surge","Compile Driver+1"],"picked":"Singing Bowl","floor":40},{"not_picked":["Stack","Gash"],"picked":"Coolheaded+1","floor":42},{"not_picked":["Gash","Conserve Battery+1","Go for the Eyes"],"picked":"Singing Bowl","floor":46},{"not_picked":["Sunder","Rebound"],"picked":"Tempest+1","floor":47},{"not_picked":["Gash","Rebound","Coolheaded+1"],"picked":"Singing Bowl","floor":48}],"player_experience":219126,"relics_obtained":[{"floor":6.0,"key":"Regal Pillow"},{"floor":9.0,"key":"Mummified Hand"},{"floor":11.0,"key":"Lantern"},{"floor":14.0,"key":"Happy Flower"},{"floor":17.0,"key":"Boot"},{"floor":17.0,"key":"Cables"},{"floor":17.0,"key":"Thread and Needle"},{"floor":24.0,"key":"Singing Bowl"},{"floor":27.0,"key":"Turnip"},{"floor":36,"key":"Torii"},{"floor":40,"key":"Centennial Puzzle"},{"floor":43,"key":"Dream Catcher"},{"floor":48,"key":"Juzu Bracelet"}],"event_choices":[{"damage_healed":0.0,"max_hp_gain":0.0,"max_hp_loss":0.0,"gold_gain":0.0,"event_name":"Shining Light","player_choice":"Entered Light","floor":8.0,"gold_loss":0.0,"damage_taken":15.0,"cards_upgraded":["Chill","Strike_B"]},{"damage_healed":0.0,"max_hp_gain":0.0,"max_hp_loss":0.0,"gold_gain":0.0,"event_name":"Lab","player_choice":"Got Potions","floor":21.0,"gold_loss":0.0,"damage_taken":0.0},{"damage_healed":0.0,"max_hp_gain":0.0,"max_hp_loss":0.0,"gold_gain":0.0,"event_name":"Addict","player_choice":"Obtained Relic","floor":29.0,"gold_loss":85.0,"damage_taken":0.0,"relics_obtained":["Potion Belt"]},{"damage_healed":0,"gold_gain":0,"player_choice":"Fight","damage_taken":0,"max_hp_gain":0,"max_hp_loss":0,"event_name":"MindBloom","floor":36,"gold_loss":0},{"damage_healed":0,"gold_gain":0,"player_choice":"Max HP","damage_taken":0,"max_hp_gain":0,"max_hp_loss":4,"event_name":"Winding Halls","floor":37,"gold_loss":0},{"damage_healed":0,"gold_gain":0,"player_choice":"Cursed","damage_taken":0,"max_hp_gain":0,"max_hp_loss":0,"event_name":"Wheel of Change","floor":39,"gold_loss":0,"cards_obtained":["Decay"]}],"is_beta":false,"boss_relics":[{"not_picked":["Busted Crown","Snecko Eye"],"picked":"Calling Bell"},{"not_picked":["Astrolabe","Lizard Tail"],"picked":"Coffee Dripper"}],"items_purged_floors":[20,45],"is_endless":false,"potions_floor_spawned":[1,2,4,7,13,14,22,27,35,38,46,47,48],"ascension_level":1}