{"path_per_floor":["M","?","?","M","M","R","M","R","T","?","E","?","$","M","R"],"character_chosen":"DEFECT","items_purchased":["Static Discharge"],"gold_per_floor":[111,111,111,124,143,143,163,163,163,163,195,195,43,60,60,60],"floor_reached":16,"campfire_rested":0,"playtime":889,"current_hp_per_floor":[74,67,67,57,57,57,44,44,54,54,22,27,27,30,30,0],"items_purged":["Strike_B"],"gold":60,"score":125,"play_id":"bbc4fd38-b40c-4591-a603-78a06256aafe","local_time":"20180503004729","is_prod":false,"is_daily":false,"chose_seed":false,"is_ascension_mode":false,"campfire_upgraded":3,"timestamp":1525301249,"path_taken":["M","?","?","M","M","R","M","R","T","?","E","?","$","M","R","BOSS"],"build_version":"2018-05-01v2","seed_source_timestamp":341844603441900,"purchased_purges":1,"victory":false,"master_deck":["Strike_B","Strike_B","Defend_B","Defend_B","Defend_B","Zap+1","Dualcast","Leap","Storm+1","Reprieve+1","Capacitor","Steam Power","Genetic Algorithm","Static Discharge+1","Leap"],"max_hp_per_floor":[75,75,75,75,75,75,75,75,85,85,85,90,90,90,90,90],"relics":["Cracked Core","Juzu Bracelet","Pear","Happy Flower"],"card_choices":[{"not_picked":["Impulse","Barrage"],"picked":"Leap","floor":1},{"not_picked":["Auto Shields","Hologram"],"picked":"Storm","floor":4},{"not_picked":["Sweeping Beam","Impulse"],"picked":"Reprieve","floor":5},{"not_picked":["Darkness","Cold Snap"],"picked":"Capacitor","floor":7},{"not_picked":["Thunder Strike","Skim"],"picked":"Genetic Algorithm","floor":11},{"not_picked":["Streamline","Skim"],"picked":"Leap","floor":14}],"player_experience":4735,"potions_floor_usage":[14,16],"damage_taken":[{"damage":1,"enemies":"Jaw Worm","floor":1,"turns":3},{"damage":10,"enemies":"Small Slimes","floor":4,"turns":2},{"damage":0,"enemies":"2 Louse","floor":5,"turns":2},{"damage":13,"enemies":"Red Slaver","floor":7,"turns":3},{"damage":32,"enemies":"3 Sentries","floor":11,"turns":8},{"damage":9,"enemies":"Large Slime","floor":14,"turns":5},{"damage":30,"enemies":"Slime Boss","floor":16,"turns":8}],"event_choices":[{"event_name":"Golden Wing","player_choice":"Card Removal","floor":2,"damage_taken":0},{"event_name":"Upgrade Shrine","player_choice":"Upgraded","floor":3,"damage_taken":0},{"event_name":"Living Wall","player_choice":"Change","floor":10,"damage_taken":0},{"event_name":"Big Fish","player_choice":"Donut","floor":12,"damage_taken":0}],"boss_relics":[],"potions_floor_spawned":[4,11,14],"seed_played":"-8831166945284328733","killed_by":"Slime Boss","ascension_level":0,"is_trial":false}