{"gold_per_floor":[112,131,131,155,2,2,20,53,53,53,77,77],"floor_reached":12,"playtime":1053,"items_purged":["Defend_R"],"score":88,"play_id":"c61b8525-9027-4b6b-8733-63dd311ae545","local_time":"20190422123439","is_ascension_mode":true,"campfire_choices":[{"floor":6,"key":"RECALL"}],"neow_cost":"NONE","seed_source_timestamp":4472651438993877,"circlet_count":0,"master_deck":["Strike_R","Strike_R","Strike_R","Strike_R","Defend_R","Defend_R","Defend_R","Bash","Impervious","Cleave","Headbutt","Shrug It Off","Battle Trance","Cleave","Inflame","Cleave","Feel No Pain"],"relics":["Burning Blood","Golden Idol","Letter Opener"],"potions_floor_usage":[7,12],"damage_taken":[{"damage":6,"enemies":"Cultist","floor":1,"turns":3},{"damage":10,"enemies":"2 Louse","floor":2,"turns":3},{"damage":0,"enemies":"Small Slimes","floor":4,"turns":3},{"damage":10,"enemies":"Exordium Thugs","floor":7,"turns":5},{"damage":32,"enemies":"Gremlin Nob","floor":8,"turns":5},{"damage":8,"enemies":"Lots of Slimes","floor":11,"turns":2},{"damage":33,"enemies":"Lagavulin","floor":12,"turns":6}],"seed_played":"6736858457531652099","potions_obtained":[{"floor":2,"key":"AttackPotion"},{"floor":8,"key":"PowerPotion"}],"is_trial":false,"path_per_floor":["M","M","?","M","$","R","M","E","T","?","M","E"],"character_chosen":"IRONCLAD","items_purchased":["Battle Trance"],"campfire_rested":0,"item_purchase_floors":[5],"current_hp_per_floor":[80,76,56,62,62,62,58,32,32,32,30,0],"gold":77,"neow_bonus":"ONE_RANDOM_RARE_CARD","is_prod":false,"is_daily":false,"chose_seed":false,"campfire_upgraded":0,"win_rate":0,"timestamp":1555950879,"path_taken":["M","M","?","M","$","R","M","E","T","?","?","E"],"build_version":"2019-01-23","purchased_purges":1,"victory":false,"max_hp_per_floor":[80,80,80,80,80,80,80,80,80,80,80,80],"card_choices":[{"not_picked":["Searing Blow","True Grit"],"picked":"Cleave","floor":1},{"not_picked":["Anger","Hemokinesis"],"picked":"Headbutt","floor":2},{"not_picked":["Armaments","Rupture"],"picked":"Shrug It Off","floor":4},{"not_picked":["Immolate","Sword Boomerang"],"picked":"Cleave","floor":7},{"not_picked":["Dropkick","Shockwave"],"picked":"Inflame","floor":8},{"not_picked":["Second Wind","Iron Wave"],"picked":"Feel No Pain","floor":11}],"player_experience":174794,"relics_obtained":[{"floor":8,"key":"Letter Opener"}],"event_choices":[{"damage_healed":0,"gold_gain":0,"player_choice":"Take Damage","damage_taken":20,"relics_obtained":["Golden Idol"],"max_hp_gain":0,"max_hp_loss":0,"event_name":"Golden Idol","floor":3,"gold_loss":0},{"damage_healed":0,"gold_gain":0,"cards_transformed":["Strike_R"],"player_choice":"Transformed","damage_taken":0,"max_hp_gain":0,"max_hp_loss":0,"event_name":"Transmorgrifier","floor":10,"gold_loss":0,"cards_obtained":["Cleave"]}],"is_beta":false,"boss_relics":[],"items_purged_floors":[5],"is_endless":false,"potions_floor_spawned":[2,8],"killed_by":"Lagavulin","ascension_level":2}