{"gold_per_floor":[114,3,17,28,46,46,11,44,68,80,103,133,125,165,177,268,280,305,277,70,70,88,88,88,88,88,103,53,68,86,101,101,101],"floor_reached":33,"playtime":2140,"items_purged":["Strike_B"],"score":496,"play_id":"e1c13d51-8127-4cfd-b1ce-f7bd196920e7","local_time":"20190914224103","is_ascension_mode":true,"campfire_choices":[{"data":"Streamline","floor":6.0,"key":"SMITH"},{"data":"Static Discharge","floor":10.0,"key":"SMITH"},{"data":"Coolheaded","floor":15.0,"key":"SMITH"},{"data":"Chill","floor":23.0,"key":"SMITH"},{"data":"Buffer","floor":25.0,"key":"SMITH"},{"floor":32,"key":"REST"}],"neow_cost":"NONE","seed_source_timestamp":0,"circlet_count":0,"master_deck":["AscendersBane","Strike_B","Strike_B","Defend_B","Defend_B","Defend_B","Defend_B","Zap","Dualcast","Purity","Cold Snap","Self Repair","Coolheaded+1","Static Discharge+1","Streamline+1","Conserve Battery","Rebound","Cold Snap","Buffer+1","Chill+1","Auto Shields","Storm+1","Buffer"],"special_seed":0,"relics":["Cracked Core","Centennial Puzzle","MawBank","PreservedInsect","Sozu","OrangePellets","Bird Faced Urn"],"potions_floor_usage":[30],"damage_taken":[{"damage":9.0,"enemies":"Jaw Worm","floor":1.0,"turns":4.0},{"damage":2.0,"enemies":"Small Slimes","floor":3.0,"turns":5.0},{"damage":1.0,"enemies":"Cultist","floor":4.0,"turns":4.0},{"damage":13.0,"enemies":"Blue Slaver","floor":5.0,"turns":6.0},{"damage":11.0,"enemies":"Lagavulin","floor":8.0,"turns":6.0},{"damage":14.0,"enemies":"Gremlin Gang","floor":11.0,"turns":4.0},{"damage":0.0,"enemies":"2 Fungi Beasts","floor":12.0,"turns":4.0},{"damage":26.0,"enemies":"Gremlin Nob","floor":14.0,"turns":4.0},{"damage":12.0,"enemies":"The Guardian","floor":16.0,"turns":11.0},{"damage":21.0,"enemies":"3 Byrds","floor":18.0,"turns":3.0},{"damage":24.0,"enemies":"2 Thieves","floor":19.0,"turns":5.0},{"damage":19.0,"enemies":"Cultist and Chosen","floor":22.0,"turns":7.0},{"damage":31,"enemies":"Centurion and Healer","floor":27,"turns":11},{"damage":7,"enemies":"Snecko","floor":29,"turns":7},{"damage":23,"enemies":"Snake Plant","floor":30,"turns":4},{"damage":15,"enemies":"Sentry and Sphere","floor":31,"turns":6},{"damage":68,"enemies":"Collector","floor":33,"turns":16}],"seed_played":"7076033764538457613","potions_obtained":[{"floor":3.0,"key":"Block Potion"},{"floor":5.0,"key":"SteroidPotion"},{"floor":8.0,"key":"Regen Potion"},{"floor":11.0,"key":"Strength Potion"},{"floor":13.0,"key":"EssenceOfSteel"}],"is_trial":false,"path_per_floor":["M","$","M","M","M","R","?","E","T","R","M","M","?","E","R","B",null,"M","M","$","$","M","R","?","R","T","M","?","M","M","M","R","B"],"character_chosen":"DEFECT","items_purchased":["Self Repair","OrangePellets"],"campfire_rested":1,"item_purchase_floors":[2,20],"current_hp_per_floor":[55,55,60,66,60,60,71,67,67,67,60,67,67,41,41,36,62,48,46,46,46,34,34,34,34,34,18,18,26,18,20,41,0],"gold":101,"neow_bonus":"RANDOM_COLORLESS","is_prod":false,"is_daily":false,"chose_seed":false,"campfire_upgraded":5,"win_rate":0,"timestamp":1568518863,"path_taken":["M","$","M","M","M","R","?","E","T","R","M","M","?","E","R","BOSS","M","M","?","$","M","R","?","R","T","?","?","M","?","M","R","BOSS"],"build_version":"2019-07-17","purchased_purges":1,"victory":false,"max_hp_per_floor":[71,71,71,71,71,71,71,71,71,71,71,71,71,71,71,71,71,71,71,71,71,71,71,71,71,71,71,71,71,71,71,71,71],"card_choices":[{"not_picked":["Conserve Battery","FTL"],"picked":"Cold Snap","floor":1.0},{"not_picked":["Compile Driver","Redo"],"picked":"Coolheaded","floor":3.0},{"not_picked":["Echo Form","Tempest"],"picked":"Static Discharge","floor":4.0},{"not_picked":["Chill","Go for the Eyes"],"picked":"Streamline","floor":5.0},{"not_picked":["Barrage","Turbo"],"picked":"Conserve Battery","floor":8.0},{"not_picked":["Storm","Rebound","Double Energy"],"picked":"SKIP","floor":11.0},{"not_picked":["Storm","Double Energy"],"picked":"Rebound","floor":11.0},{"not_picked":["Undo","Streamline"],"picked":"Cold Snap","floor":12.0},{"not_picked":["Reinforced Body","Rebound","Steam"],"picked":"SKIP","floor":14.0},{"not_picked":["Machine Learning","Core Surge"],"picked":"Buffer","floor":16.0},{"not_picked":["Double Energy","Coolheaded+1"],"picked":"Chill","floor":18.0},{"not_picked":["Consume","Ball Lightning"],"picked":"Auto Shields","floor":19.0},{"not_picked":["Hologram","Beam Cell"],"picked":"Storm+1","floor":22.0},{"not_picked":["Rebound","Steam","Sweeping Beam"],"picked":"SKIP","floor":27},{"not_picked":["Sweeping Beam","Chaos","Cold Snap"],"picked":"SKIP","floor":29},{"not_picked":["Go for the Eyes","Turbo"],"picked":"Buffer","floor":30},{"not_picked":["Rebound","Turbo","Gash"],"picked":"SKIP","floor":31}],"player_experience":301114,"relics_obtained":[{"floor":8.0,"key":"Centennial Puzzle"},{"floor":9.0,"key":"MawBank"},{"floor":14.0,"key":"PreservedInsect"},{"floor":26.0,"key":"Bird Faced Urn"}],"event_choices":[{"damage_healed":17.0,"max_hp_gain":0.0,"max_hp_loss":0.0,"gold_gain":0.0,"event_name":"The Cleric","player_choice":"Healed","floor":7.0,"gold_loss":35.0,"damage_taken":0.0},{"damage_healed":0.0,"max_hp_gain":0.0,"max_hp_loss":0.0,"gold_gain":0.0,"event_name":"The Woman in Blue","player_choice":"Bought 1 Potion","floor":13.0,"gold_loss":0.0,"damage_taken":0.0},{"cards_removed":["Strike_B"],"damage_healed":0.0,"max_hp_gain":0.0,"max_hp_loss":0.0,"gold_gain":0.0,"event_name":"Bonfire Elementals","player_choice":"Offered Basic","floor":24.0,"gold_loss":0.0,"damage_taken":0.0},{"damage_healed":0,"gold_gain":0,"player_choice":"Bet on Owner","damage_taken":0,"max_hp_gain":0,"max_hp_loss":0,"event_name":"The Joust","floor":28,"gold_loss":50}],"is_beta":false,"boss_relics":[{"not_picked":["White Beast Statue","Tiny House"],"picked":"Sozu"}],"items_purged_floors":[2],"is_endless":false,"potions_floor_spawned":[3,5,8,11,16,19,27,30,31],"killed_by":"Collector","ascension_level":18}