{"gold_per_floor":[114,114,189,208,225,256,211,211,211,240,415,415,415],"floor_reached":13,"playtime":836,"items_purged":[],"score":100,"play_id":"61391401-8272-4f53-b05b-e9ac1c341fd3","local_time":"20191003144344","is_ascension_mode":true,"campfire_choices":[{"floor":8,"key":"REST"},{"floor":12,"key":"RECALL"}],"neow_cost":"NONE","seed_source_timestamp":1738026272169017,"circlet_count":0,"master_deck":["Strike_R","Strike_R","Strike_R","Strike_R","Defend_R","Defend_R","Defend_R","Defend_R","Bash","Feel No Pain","Burning Pact","Sentinel","Shrug It Off","Infernal Blade","Pommel Strike","Doubt"],"relics":["Burning Blood","NeowsBlessing","Paper Frog","Blue Candle"],"potions_floor_usage":[],"damage_taken":[{"damage":0,"enemies":"2 Louse","floor":1,"turns":1},{"damage":0,"enemies":"Jaw Worm","floor":4,"turns":1},{"damage":0,"enemies":"Small Slimes","floor":5,"turns":1},{"damage":65,"enemies":"Gremlin Nob","floor":6,"turns":6},{"damage":8,"enemies":"Looter","floor":7,"turns":5},{"damage":38,"enemies":"Lagavulin","floor":10,"turns":7},{"damage":17,"enemies":"Gremlin Nob","floor":13,"turns":2}],"seed_played":"212157403835200110","potions_obtained":[{"floor":5,"key":"Ancient Potion"},{"floor":10,"key":"Weak Potion"}],"is_trial":false,"path_per_floor":["M","?","?","M","M","E","M","R","T","E","?","R","E"],"character_chosen":"IRONCLAD","items_purchased":[],"campfire_rested":1,"item_purchase_floors":[],"current_hp_per_floor":[80,80,69,75,80,21,19,43,43,11,11,11,0],"gold":415,"neow_bonus":"THREE_ENEMY_KILL","is_prod":false,"is_daily":false,"chose_seed":false,"campfire_upgraded":0,"win_rate":0,"timestamp":1570128224,"path_taken":["M","?","?","?","M","E","M","R","T","E","?","R","E"],"build_version":"2019-07-17","purchased_purges":0,"victory":false,"max_hp_per_floor":[80,80,80,80,80,80,80,80,80,80,80,80,80],"card_choices":[{"not_picked":["Clash","Spot Weakness","Perfected Strike"],"picked":"SKIP","floor":1},{"not_picked":["Reckless Charge","Armaments"],"picked":"Burning Pact","floor":4},{"not_picked":["Perfected Strike","Iron Wave"],"picked":"Sentinel","floor":5},{"not_picked":["Perfected Strike","Uppercut"],"picked":"Shrug It Off","floor":6},{"not_picked":["Bludgeon","Rampage"],"picked":"Infernal Blade","floor":7},{"not_picked":["Armaments","Rage"],"picked":"Pommel Strike","floor":10}],"player_experience":214342,"relics_obtained":[{"floor":6,"key":"Paper Frog"},{"floor":10,"key":"Blue Candle"}],"event_choices":[{"damage_healed":0,"gold_gain":0,"cards_transformed":["Strike_R"],"player_choice":"Change","damage_taken":0,"max_hp_gain":0,"max_hp_loss":0,"event_name":"Living Wall","floor":2,"gold_loss":0,"cards_obtained":["Feel No Pain"]},{"damage_healed":0,"gold_gain":75,"player_choice":"Gather Gold","damage_taken":11,"max_hp_gain":0,"max_hp_loss":0,"event_name":"World of Goop","floor":3,"gold_loss":0},{"damage_healed":0,"gold_gain":175,"player_choice":"AGREE","damage_taken":0,"max_hp_gain":0,"max_hp_loss":0,"event_name":"Liars Game","floor":11,"gold_loss":0,"cards_obtained":["Doubt"]}],"is_beta":false,"boss_relics":[],"items_purged_floors":[],"is_endless":false,"potions_floor_spawned":[5,10],"killed_by":"Gremlin Nob","ascension_level":2}