{"gold_per_floor":[113,113,129,144,144,144,170,170,170,19,52,67,67,98,98,176,176,195,195,195,208,224,224,244,244],"floor_reached":25,"playtime":1234,"items_purged":["Strike_G"],"score":442,"play_id":"7ba4e7ce-1de6-4eb1-8202-a5315e8c1a17","local_time":"20191006214023","is_ascension_mode":true,"campfire_choices":[{"data":"Neutralize","floor":6.0,"key":"SMITH"},{"floor":8.0,"key":"REST"},{"floor":13.0,"key":"REST"},{"floor":15,"key":"REST"},{"data":"Tools of the Trade","floor":23,"key":"SMITH"}],"neow_cost":"NONE","seed_source_timestamp":2074519740174900,"circlet_count":0,"master_deck":["AscendersBane","Strike_G","Strike_G","Strike_G","Strike_G","Defend_G","Defend_G","Defend_G","Defend_G","Defend_G","Survivor","Neutralize+1","Deadly Poison","Backflip","Backstab","Footwork","Crippling Poison","Caltrops","Dodge and Roll","Tools of the Trade+1","Catalyst","Well Laid Plans","Deadly Poison"],"special_seed":0,"relics":["Ring of the Snake","NeowsBlessing","CultistMask","Blue Candle","Ginger","InkBottle","Incense Burner","Velvet Choker","Ornamental Fan","Letter Opener"],"potions_floor_usage":[16,24],"damage_taken":[{"damage":0.0,"enemies":"2 Louse","floor":1.0,"turns":1.0},{"damage":0.0,"enemies":"Cultist","floor":3.0,"turns":1.0},{"damage":0.0,"enemies":"Jaw Worm","floor":4.0,"turns":1.0},{"damage":27.0,"enemies":"3 Sentries","floor":7.0,"turns":14.0},{"damage":50.0,"enemies":"Gremlin Nob","floor":11.0,"turns":6.0},{"damage":0.0,"enemies":"Gremlin Gang","floor":12.0,"turns":4.0},{"damage":19.0,"enemies":"3 Sentries","floor":14.0,"turns":14.0},{"damage":7,"enemies":"Hexaghost","floor":16,"turns":9},{"damage":2,"enemies":"Chosen","floor":18,"turns":8},{"damage":0,"enemies":"3 Byrds","floor":21,"turns":2},{"damage":8,"enemies":"Centurion and Healer","floor":22,"turns":10},{"damage":55,"enemies":"3 Cultists","floor":24,"turns":8},{"damage":12,"enemies":"Shelled Parasite and Fungi","floor":25,"turns":1}],"seed_played":"-8426718538410933823","potions_obtained":[{"floor":1.0,"key":"LiquidBronze"},{"floor":5.0,"key":"Block Potion"},{"floor":11.0,"key":"SteroidPotion"},{"floor":12.0,"key":"Swift Potion"},{"floor":16,"key":"SpeedPotion"},{"floor":21,"key":"Regen Potion"}],"is_trial":false,"path_per_floor":["M","?","M","M","?","R","E","R","T","$","E","M","R","E","R","B",null,"M","T","?","M","M","R","M","M"],"character_chosen":"THE_SILENT","items_purchased":["Footwork"],"campfire_rested":3,"item_purchase_floors":[10],"current_hp_per_floor":[59,59,59,59,59,59,32,51,51,51,1,1,20,1,20,13,53,51,51,51,51,43,43,3,0],"gold":244,"neow_bonus":"THREE_ENEMY_KILL","is_prod":false,"is_daily":false,"chose_seed":false,"campfire_upgraded":2,"win_rate":0,"timestamp":1570423223,"path_taken":["M","?","M","?","?","R","E","R","T","$","E","?","R","E","R","BOSS","M","?","?","M","M","R","?","M"],"build_version":"2019-10-04","purchased_purges":1,"victory":false,"max_hp_per_floor":[66,66,66,66,66,66,66,66,66,66,66,66,66,66,66,66,66,66,66,66,66,66,66,66,66],"card_choices":[{"not_picked":["Heel Hook","Bane"],"picked":"Deadly Poison","floor":1.0},{"not_picked":["Blade Dance","Acrobatics"],"picked":"Backflip","floor":3.0},{"not_picked":["Blur","Cloak And Dagger"],"picked":"Backstab","floor":4.0},{"not_picked":["Prepared","Night Terror","Distraction"],"picked":"SKIP","floor":7.0},{"not_picked":["Predator","Blade Dance"],"picked":"Crippling Poison","floor":11.0},{"not_picked":["Dodge and Roll","Deadly Poison"],"picked":"Caltrops","floor":12.0},{"not_picked":["Dagger Throw","Blade Dance"],"picked":"Dodge and Roll","floor":14},{"not_picked":["Storm of Steel","Grand Finale"],"picked":"Tools of the Trade","floor":16},{"not_picked":["PiercingWail","Tactician"],"picked":"Catalyst","floor":18},{"not_picked":["Eviscerate","Deflect","Backflip"],"picked":"SKIP","floor":21},{"not_picked":["Heel Hook","Deflect"],"picked":"Well Laid Plans","floor":22},{"not_picked":["Acrobatics","Backstab"],"picked":"Deadly Poison","floor":24}],"player_experience":1540085,"relics_obtained":[{"floor":7.0,"key":"Blue Candle"},{"floor":9.0,"key":"Ginger"},{"floor":11.0,"key":"InkBottle"},{"floor":14,"key":"Incense Burner"},{"floor":19,"key":"Ornamental Fan"}],"event_choices":[{"damage_healed":0.0,"max_hp_gain":0.0,"max_hp_loss":0.0,"gold_gain":0.0,"event_name":"FaceTrader","player_choice":"Trade","floor":2.0,"gold_loss":0.0,"damage_taken":0.0,"relics_obtained":["CultistMask"]},{"damage_healed":0.0,"max_hp_gain":0.0,"max_hp_loss":0.0,"gold_gain":0.0,"event_name":"Lab","player_choice":"Got Potions","floor":5.0,"gold_loss":0.0,"damage_taken":0.0},{"damage_healed":0,"gold_gain":0,"player_choice":"Gave Potion","damage_taken":0,"relics_obtained":["Letter Opener"],"max_hp_gain":0,"max_hp_loss":0,"event_name":"WeMeetAgain","floor":20,"gold_loss":0}],"is_beta":true,"boss_relics":[{"not_picked":["Tiny House","Coffee Dripper"],"picked":"Velvet Choker"}],"items_purged_floors":[10],"is_endless":false,"potions_floor_spawned":[1,11,12,16,21],"killed_by":"Shelled Parasite and Fungi","ascension_level":20}