{"gold_per_floor":[118,118,136,61,61,94,94,117,117,150,150,202,236,60,60,185,185,174,189,189,210,229,229,253,267,267,16,16,16,16,39,39,168,168,188,27,41,41,41,41,57,57,80,80,93,117,117],"floor_reached":47,"playtime":7681,"items_purged":["Strike_B","Defend_B","Strike_B","Defend_B"],"score":445,"play_id":"e1e7216f-e0fe-4a89-b956-9aa55983d5a7","local_time":"20191005010126","is_ascension_mode":false,"campfire_choices":[{"floor":7.0,"key":"REST"},{"floor":11.0,"key":"REST"},{"data":"Creative AI","floor":15.0,"key":"SMITH"},{"data":"Auto Shields","floor":23,"key":"SMITH"},{"data":"Defragment","floor":28,"key":"SMITH"},{"floor":30,"key":"REST"},{"floor":32,"key":"REST"},{"data":"Storm","floor":40,"key":"SMITH"},{"data":"Zap","floor":42,"key":"SMITH"}],"neow_cost":"NONE","seed_source_timestamp":1394944865069717,"circlet_count":0,"master_deck":["Strike_B","Defend_B","Zap+1","Dualcast","Auto Shields+1","Gash","Gash","Ball Lightning","Creative AI+1","Storm+1","Conserve Battery","Conserve Battery","Sweeping Beam","Leap","Leap","Amplify","Gash","Defragment+1","Scrape+1","Fusion+1","Panache","Cold Snap+1","Electrodynamics","Coolheaded","Self Repair","Madness","Madness","Dark Shackles","Beam Cell+1","Doubt","Stack","Coolheaded+1"],"special_seed":0,"relics":["Orrery","Golden Idol","Mercury Hourglass","Ornamental Fan","Gambling Chip","Oddly Smooth Stone","Meat on the Bone","Black Star","The Courier","Eternal Feather","Happy Flower"],"potions_floor_usage":[33,37,47,47,47],"damage_taken":[{"damage":1.0,"enemies":"2 Louse","floor":1.0,"turns":2.0},{"damage":6.0,"enemies":"Jaw Worm","floor":3.0,"turns":4.0},{"damage":8.0,"enemies":"Lagavulin","floor":6.0,"turns":6.0},{"damage":0.0,"enemies":"Small Slimes","floor":8.0,"turns":4.0},{"damage":17.0,"enemies":"3 Sentries","floor":10.0,"turns":4.0},{"damage":28.0,"enemies":"Gremlin Nob","floor":13.0,"turns":5.0},{"damage":8.0,"enemies":"The Guardian","floor":16.0,"turns":8.0},{"damage":2,"enemies":"2 Thieves","floor":18,"turns":4},{"damage":0,"enemies":"3 Byrds","floor":19,"turns":4},{"damage":28,"enemies":"Sentry and Sphere","floor":21,"turns":6},{"damage":14,"enemies":"Snake Plant","floor":22,"turns":4},{"damage":35,"enemies":"Cultist and Chosen","floor":24,"turns":5},{"damage":2,"enemies":"Centurion and Healer","floor":25,"turns":6},{"damage":16,"enemies":"Colosseum Slavers","floor":29,"turns":5},{"damage":15,"enemies":"Snecko","floor":31,"turns":8},{"damage":30,"enemies":"Automaton","floor":33,"turns":9},{"damage":24,"enemies":"Orb Walker","floor":35,"turns":5},{"damage":28,"enemies":"3 Darklings","floor":37,"turns":5},{"damage":23,"enemies":"Sphere and 2 Shapes","floor":41,"turns":4},{"damage":30,"enemies":"4 Shapes","floor":45,"turns":5},{"damage":21,"enemies":"3 Darklings","floor":46,"turns":4},{"damage":43,"enemies":"Reptomancer","floor":47,"turns":4}],"seed_played":"4746435263435452117","potions_obtained":[{"floor":6.0,"key":"FearPotion"},{"floor":13.0,"key":"SpeedPotion"},{"floor":16.0,"key":"GamblersBrew"},{"floor":18,"key":"Strength Potion"},{"floor":25,"key":"PowerPotion"},{"floor":31,"key":"Dexterity Potion"},{"floor":33,"key":"SpeedPotion"},{"floor":35,"key":"Weak Potion"},{"floor":46,"key":"EssenceOfSteel"}],"is_trial":false,"path_per_floor":["M","?","M","$","?","E","R","M","T","E","R","T","E","$","R","B",null,"M","M","?","M","M","R","M","M","T","$","R","?","R","M","R","B",null,"M","$","M","?","?","R","M","R","T","?","M","M","E"],"character_chosen":"DEFECT","items_purchased":["Regen Potion","Panache","Coolheaded"],"campfire_rested":4,"item_purchase_floors":[14,27,36],"current_hp_per_floor":[74,67,61,61,43,35,57,57,57,40,62,62,34,34,34,41,75,73,73,73,45,43,43,20,30,30,30,30,26,48,45,67,49,75,51,51,35,26,26,41,30,45,45,75,52,43,0],"gold":117,"neow_bonus":"BOSS_RELIC","is_prod":false,"is_daily":false,"chose_seed":false,"campfire_upgraded":5,"win_rate":0,"timestamp":1570230086,"path_taken":["M","?","M","$","?","E","R","M","T","E","R","?","E","$","R","BOSS","M","M","?","M","M","R","M","M","T","$","R","?","R","M","R","BOSS","M","$","M","?","?","R","M","R","T","?","M","M","E"],"build_version":"2019-07-17","purchased_purges":4,"victory":false,"max_hp_per_floor":[75,75,75,75,75,75,75,75,75,75,75,75,75,75,75,75,75,75,75,75,75,75,75,75,75,75,75,75,75,75,75,75,75,75,75,75,75,75,75,75,75,75,75,75,75,75,75],"card_choices":[{"not_picked":["Sweeping Beam","Hologram"],"picked":"Auto Shields","floor":0.0},{"not_picked":["Auto Shields","Rebound"],"picked":"Gash","floor":0.0},{"not_picked":["Beam Cell","Static Discharge"],"picked":"Gash","floor":0.0},{"not_picked":["Sweeping Beam","Steam"],"picked":"Ball Lightning","floor":0.0},{"not_picked":["Blizzard","Genetic Algorithm"],"picked":"Creative AI","floor":0.0},{"not_picked":["Leap","Streamline"],"picked":"Storm","floor":1.0},{"not_picked":["Coolheaded","Redo"],"picked":"Conserve Battery","floor":3.0},{"not_picked":["Compile Driver","Reprogram"],"picked":"Conserve Battery","floor":6.0},{"not_picked":["Scrape","Cold Snap"],"picked":"Sweeping Beam","floor":8.0},{"not_picked":["Rebound","Machine Learning"],"picked":"Leap","floor":10.0},{"not_picked":["Auto Shields","Hello World"],"picked":"Leap","floor":13.0},{"not_picked":["Creative AI","Buffer"],"picked":"Amplify","floor":16.0},{"not_picked":["Ball Lightning","Recycle"],"picked":"Gash","floor":18},{"not_picked":["Barrage","Sweeping Beam"],"picked":"Defragment","floor":19},{"not_picked":["Turbo+1","Steam Power","Redo"],"picked":"SKIP","floor":21},{"not_picked":["Conserve Battery","Compile Driver","Ball Lightning"],"picked":"SKIP","floor":22},{"not_picked":["Ball Lightning","Gash"],"picked":"Scrape+1","floor":24},{"not_picked":["Scrape+1","Darkness"],"picked":"Fusion+1","floor":25},{"not_picked":["Ball Lightning","Doom and Gloom"],"picked":"Cold Snap+1","floor":31},{"not_picked":["Fission","Echo Form"],"picked":"Electrodynamics","floor":33},{"not_picked":["Ball Lightning","Cold Snap","Steam"],"picked":"SKIP","floor":35},{"not_picked":["Hologram+1","Compile Driver"],"picked":"Self Repair","floor":37},{"not_picked":["Madness","Purity"],"picked":"Dark Shackles","floor":39},{"not_picked":["Chill","Streamline"],"picked":"Beam Cell+1","floor":41},{"not_picked":["Steam+1","Rebound"],"picked":"Stack","floor":45},{"not_picked":["Barrage","Defragment"],"picked":"Coolheaded+1","floor":46}],"player_experience":337017,"relics_obtained":[{"floor":6.0,"key":"Mercury Hourglass"},{"floor":9.0,"key":"Ornamental Fan"},{"floor":10.0,"key":"Gambling Chip"},{"floor":12.0,"key":"Oddly Smooth Stone"},{"floor":13.0,"key":"Meat on the Bone"},{"floor":26,"key":"The Courier"},{"floor":43,"key":"Happy Flower"}],"event_choices":[{"cards_removed":["Strike_B"],"damage_healed":0.0,"max_hp_gain":0.0,"max_hp_loss":0.0,"gold_gain":0.0,"event_name":"Golden Wing","player_choice":"Card Removal","floor":2.0,"gold_loss":0.0,"damage_taken":7.0},{"damage_healed":0.0,"max_hp_gain":0.0,"max_hp_loss":0.0,"gold_gain":0.0,"event_name":"Golden Idol","player_choice":"Take Damage","floor":5.0,"gold_loss":0.0,"damage_taken":18.0,"relics_obtained":["Golden Idol"]},{"cards_removed":["Defend_B"],"damage_healed":0,"gold_gain":0,"player_choice":"Elegance","damage_taken":0,"max_hp_gain":0,"max_hp_loss":0,"event_name":"Back to Basics","floor":20,"gold_loss":0},{"damage_healed":0,"gold_gain":0,"player_choice":"Fight","damage_taken":0,"max_hp_gain":0,"max_hp_loss":0,"event_name":"Colosseum","floor":29,"gold_loss":0},{"damage_healed":0,"gold_gain":0,"player_choice":"Fled From Nobs","damage_taken":0,"max_hp_gain":0,"max_hp_loss":0,"event_name":"Colosseum","floor":29,"gold_loss":0},{"damage_healed":0,"gold_gain":0,"player_choice":"Embrace Madness","damage_taken":9,"max_hp_gain":0,"max_hp_loss":0,"event_name":"Winding Halls","floor":38,"gold_loss":0,"cards_obtained":["Madness","Madness"]},{"damage_healed":0,"gold_gain":0,"player_choice":"Memory 1","damage_taken":0,"max_hp_gain":0,"max_hp_loss":0,"event_name":"SensoryStone","floor":39,"gold_loss":0},{"damage_healed":30,"gold_gain":0,"player_choice":"Heal","damage_taken":0,"max_hp_gain":0,"max_hp_loss":0,"event_name":"MindBloom","floor":44,"gold_loss":0,"cards_obtained":["Doubt"]}],"is_beta":false,"boss_relics":[{"not_picked":["White Beast Statue","Ectoplasm"],"picked":"Black Star"},{"not_picked":["Astrolabe","Calling Bell"],"picked":"Eternal Feather"}],"items_purged_floors":[4,14,27,36],"is_endless":false,"potions_floor_spawned":[6,13,16,18,19,25,31,33,35,46],"killed_by":"Reptomancer","ascension_level":0}