{"gold_per_floor":[11,11,22,32,32,32,62,82,82,82,98,123,123,138,138,242,242,261,441,267,279,40,69,69,69,69,69,81,81,111,26,26,129,129,144,144,154,169,269,301,301,327,327,327,339,350,385,93,93,93],"floor_reached":51,"playtime":3259,"items_purged":["Strike_G","Strike_G","Strike_G"],"score":922,"play_id":"84847afa-1422-48ca-b868-8742faf756d3","local_time":"20181210171722","is_ascension_mode":true,"campfire_choices":[{"data":"Sucker Punch","floor":6,"key":"SMITH"},{"floor":10,"key":"REST"},{"data":"Footwork","floor":13,"key":"SMITH"},{"data":"Footwork","floor":15,"key":"SMITH"},{"data":"Catalyst","floor":25,"key":"SMITH"},{"floor":27,"key":"REST"},{"floor":32,"key":"RECALL"},{"floor":41,"key":"REST"},{"floor":44,"key":"REST"},{"data":"Footwork","floor":49,"key":"SMITH"}],"neow_cost":"NO_GOLD","seed_source_timestamp":2231525784795407,"circlet_count":0,"master_deck":["Defend_G","Defend_G","Defend_G","Survivor","Neutralize","Sucker Punch","Dodge and Roll","Dodge and Roll","Sucker Punch+1","Heel Hook","Footwork+1","Corpse Explosion","Flying Knee","Footwork+1","Die Die Die","Backflip","Adrenaline","Footwork","Footwork","Flying Knee","Deadly Poison+1","Footwork+1","Catalyst+1","RitualDagger","Noxious Fumes","Dodge and Roll","Deadly Poison+1","Dodge and Roll+1","Noxious Fumes+1","Cloak And Dagger+1","Noxious Fumes+1","Blur+1","Noxious Fumes+1"],"relics":["Ring of the Snake","Prayer Wheel","Darkstone Periapt","Mummified Hand","Centennial Puzzle","Velvet Choker","Omamori","Mercury Hourglass","Toxic Egg 2","Frozen Egg 2","Empty Cage","Ice Cream","Kunai","Happy Flower","Bag of Preparation","MawBank","Anchor"],"potions_floor_usage":[],"damage_taken":[{"damage":0,"enemies":"Small Slimes","floor":1,"turns":3},{"damage":0,"enemies":"2 Louse","floor":3,"turns":4},{"damage":2,"enemies":"Cultist","floor":4,"turns":4},{"damage":12,"enemies":"Gremlin Nob","floor":7,"turns":6},{"damage":9,"enemies":"Exordium Thugs","floor":8,"turns":6},{"damage":0,"enemies":"Blue Slaver","floor":11,"turns":4},{"damage":3,"enemies":"Lagavulin","floor":12,"turns":8},{"damage":2,"enemies":"2 Fungi Beasts","floor":14,"turns":2},{"damage":31,"enemies":"Slime Boss","floor":16,"turns":12},{"damage":0,"enemies":"Spheric Guardian","floor":18,"turns":4},{"damage":0,"enemies":"Chosen","floor":21,"turns":7},{"damage":0,"enemies":"Book of Stabbing","floor":23,"turns":7},{"damage":1,"enemies":"Centurion and Healer","floor":28,"turns":7},{"damage":4,"enemies":"Slavers","floor":30,"turns":3},{"damage":14,"enemies":"Automaton","floor":33,"turns":9},{"damage":5,"enemies":"Orb Walker","floor":35,"turns":4},{"damage":2,"enemies":"3 Shapes","floor":37,"turns":3},{"damage":2,"enemies":"Spire Growth","floor":38,"turns":7},{"damage":0,"enemies":"Mind Bloom Boss Battle","floor":39,"turns":6},{"damage":23,"enemies":"Nemesis","floor":40,"turns":7},{"damage":22,"enemies":"Giant Head","floor":42,"turns":8},{"damage":0,"enemies":"Transient","floor":45,"turns":5},{"damage":0,"enemies":"Writhing Mass","floor":46,"turns":5},{"damage":3,"enemies":"Nemesis","floor":47,"turns":7},{"damage":1,"enemies":"Donu and Deca","floor":50,"turns":8}],"seed_played":"914926640220783601","potions_obtained":[{"floor":3,"key":"Ancient Potion"},{"floor":8,"key":"SpeedPotion"},{"floor":14,"key":"SteroidPotion"},{"floor":16,"key":"AttackPotion"},{"floor":23,"key":"Poison Potion"},{"floor":30,"key":"Energy Potion"},{"floor":35,"key":"Poison Potion"},{"floor":39,"key":"FairyPotion"}],"is_trial":false,"path_per_floor":["M","?","M","M","?","R","E","M","T","R","M","E","R","M","R","B",null,"M","?","$","M","$","E","?","R","T","R","M","?","E","?","R","B",null,"M","?","M","M","?","E","R","E","T","R","M","M","E","$","R","B",null],"character_chosen":"THE_SILENT","items_purchased":["Footwork","Flying Knee","Footwork","Catalyst","Anchor","Noxious Fumes+1"],"campfire_rested":4,"item_purchase_floors":[20,20,22,22,48,48],"current_hp_per_floor":[70,63,63,61,61,61,49,40,40,61,61,58,58,56,56,25,70,70,49,49,49,49,49,43,43,43,64,63,63,59,59,59,45,70,65,65,63,61,61,38,57,35,35,54,54,54,51,51,51,50],"gold":93,"neow_bonus":"ONE_RARE_RELIC","is_prod":false,"is_daily":false,"chose_seed":false,"campfire_upgraded":5,"win_rate":0,"timestamp":1544458642,"path_taken":["M","?","M","M","?","R","E","M","T","R","M","E","R","M","R","BOSS","M","?","?","M","$","E","?","R","T","R","M","?","E","?","R","BOSS","M","?","M","M","?","E","R","E","T","R","M","M","E","?","R","BOSS"],"build_version":"2018-12-06","purchased_purges":3,"victory":true,"max_hp_per_floor":[70,70,70,70,70,70,70,70,70,70,70,70,70,70,70,70,70,70,70,70,70,70,70,70,70,70,70,70,70,70,70,70,70,70,70,66,66,66,66,66,66,66,66,66,66,66,66,66,66,66],"card_choices":[{"not_picked":["Acrobatics","Tactician"],"picked":"Sucker Punch","floor":1},{"not_picked":["Quick Slash","Deflect"],"picked":"Dodge and Roll","floor":1},{"not_picked":["Underhanded Strike","PiercingWail"],"picked":"Dodge and Roll","floor":3},{"not_picked":["Choke","Cloak And Dagger"],"picked":"Sucker Punch","floor":3},{"not_picked":["Blade Dance","Unload"],"picked":"Heel Hook","floor":4},{"not_picked":["Underhanded Strike","Acrobatics","Prepared"],"picked":"SKIP","floor":4},{"not_picked":["Underhanded Strike","Dagger Throw","Leg Sweep"],"picked":"SKIP","floor":7},{"not_picked":["Catalyst","Backstab"],"picked":"Footwork","floor":8},{"not_picked":["Quick Slash","Underhanded Strike","Deflect"],"picked":"SKIP","floor":8},{"not_picked":["Slice","Infinite Blades"],"picked":"Corpse Explosion","floor":11},{"not_picked":["Acrobatics","Slice"],"picked":"Flying Knee","floor":11},{"not_picked":["Slice","Dodge and Roll"],"picked":"Footwork","floor":12},{"not_picked":["Prepared","Eviscerate"],"picked":"Die Die Die","floor":14},{"not_picked":["Accuracy","Deadly Poison"],"picked":"Backflip","floor":14},{"not_picked":["Malaise","Night Terror"],"picked":"Adrenaline","floor":16},{"not_picked":["Calculated Gamble+1","Catalyst"],"picked":"Footwork","floor":18},{"not_picked":["Acrobatics+1","Caltrops","Skewer"],"picked":"SKIP","floor":18},{"not_picked":["Quick Slash","Masterful Stab"],"picked":"Deadly Poison+1","floor":21},{"not_picked":["Outmaneuver","Dagger Throw","Blade Dance"],"picked":"SKIP","floor":21},{"not_picked":["Choke","Heel Hook+1","All Out Attack"],"picked":"SKIP","floor":23},{"not_picked":["Dagger Spray","Sucker Punch"],"picked":"Noxious Fumes","floor":28},{"not_picked":["Sucker Punch","Slice"],"picked":"Dodge and Roll","floor":28},{"not_picked":["Prepared+1","Riddle With Holes+1","Predator+1"],"picked":"SKIP","floor":30},{"not_picked":["Eviscerate","Dagger Spray"],"picked":"Deadly Poison+1","floor":35},{"not_picked":["Acrobatics+1","Blade Dance+1","Distraction+1"],"picked":"SKIP","floor":35},{"not_picked":["Tactician+1","Prepared+1","Unload"],"picked":"SKIP","floor":37},{"not_picked":["Underhanded Strike","Tactician+1","Deflect+1"],"picked":"SKIP","floor":37},{"not_picked":["Deadly Poison+1","Dagger Spray+1","Crippling Poison+1"],"picked":"SKIP","floor":38},{"not_picked":["Underhanded Strike+1","Distraction+1","Quick Slash"],"picked":"SKIP","floor":38},{"not_picked":["Bane","Unload"],"picked":"Dodge and Roll+1","floor":39},{"not_picked":["Slice+1","Dodge and Roll+1"],"picked":"Noxious Fumes+1","floor":40},{"not_picked":["Underhanded Strike+1","Deflect+1"],"picked":"Cloak And Dagger+1","floor":42},{"not_picked":["Skewer","Flying Knee","Dagger Spray"],"picked":"SKIP","floor":45},{"not_picked":["Blade Dance+1","Flying Knee","PiercingWail+1"],"picked":"SKIP","floor":45},{"not_picked":["Setup+1","Sucker Punch+1"],"picked":"Noxious Fumes+1","floor":46},{"not_picked":["Distraction+1","Acrobatics+1","Finisher"],"picked":"SKIP","floor":46},{"not_picked":["Backflip+1","Underhanded Strike"],"picked":"Blur+1","floor":47}],"player_experience":302052,"relics_obtained":[{"floor":7,"key":"Darkstone Periapt"},{"floor":9,"key":"Mummified Hand"},{"floor":12,"key":"Centennial Puzzle"},{"floor":23,"key":"Omamori"},{"floor":30,"key":"Toxic Egg 2"},{"floor":39,"key":"Ice Cream"},{"floor":40,"key":"Kunai"},{"floor":42,"key":"Happy Flower"},{"floor":43,"key":"Bag of Preparation"},{"floor":47,"key":"MawBank"}],"event_choices":[{"cards_removed":["Defend_G"],"damage_healed":0,"gold_gain":0,"player_choice":"Card Removal","damage_taken":7,"max_hp_gain":0,"max_hp_loss":0,"event_name":"Golden Wing","floor":2,"gold_loss":0},{"cards_removed":["Strike_G"],"damage_healed":0,"gold_gain":0,"player_choice":"Card Removal","damage_taken":0,"max_hp_gain":0,"max_hp_loss":0,"event_name":"Wheel of Change","floor":5,"gold_loss":0},{"damage_healed":0,"gold_gain":180,"player_choice":"GOLD GOLD ","damage_taken":21,"max_hp_gain":0,"max_hp_loss":0,"event_name":"Knowing Skull","floor":19,"potions_obtained":[],"gold_loss":0,"cards_obtained":[]},{"damage_healed":0,"gold_gain":0,"player_choice":"Joined the Cult","damage_taken":6,"max_hp_gain":0,"max_hp_loss":0,"event_name":"Nest","floor":24,"gold_loss":0,"cards_obtained":["RitualDagger"]},{"damage_healed":0,"gold_gain":0,"player_choice":"Opened","damage_taken":0,"relics_obtained":["Mercury Hourglass"],"max_hp_gain":0,"max_hp_loss":0,"event_name":"The Mausoleum","floor":29,"gold_loss":0,"cards_obtained":["Writhe"]},{"damage_healed":0,"gold_gain":0,"player_choice":"Obtained Relic","damage_taken":0,"relics_obtained":["Frozen Egg 2"],"max_hp_gain":0,"max_hp_loss":0,"event_name":"Addict","floor":31,"gold_loss":85},{"damage_healed":0,"gold_gain":0,"player_choice":"Max HP","damage_taken":0,"max_hp_gain":0,"max_hp_loss":4,"event_name":"Winding Halls","floor":36,"gold_loss":0},{"damage_healed":0,"gold_gain":0,"player_choice":"Fight","damage_taken":0,"max_hp_gain":0,"max_hp_loss":0,"event_name":"MindBloom","floor":39,"gold_loss":0}],"is_beta":false,"boss_relics":[{"not_picked":["White Beast Statue","Tiny House"],"picked":"Velvet Choker"},{"not_picked":["Runic Dome","Coffee Dripper"],"picked":"Empty Cage"}],"items_purged_floors":[20,22,48],"is_endless":false,"potions_floor_spawned":[3,8,14,16,23,30,35,39,47],"ascension_level":1}