{"gold_per_floor":[118,135,135,210,222,255,255,287,287,287,299,299,314,93,93,191,191,203,49,65,65,65,65,98,8,8,8,21,33,43,43,43,43],"floor_reached":33,"playtime":1780,"items_purged":["Strike_R"],"score":275,"play_id":"7611a434-b6c1-40cf-bed7-7fcc669f5d75","local_time":"20190728074052","is_ascension_mode":false,"campfire_choices":[{"data":"Blood for Blood","floor":7,"key":"SMITH"},{"data":"Infernal Blade","floor":10,"key":"SMITH"},{"data":"Rampage","floor":12,"key":"SMITH"},{"data":"Intimidate","floor":15,"key":"SMITH"},{"data":"Double Tap","floor":23,"key":"SMITH"},{"data":"Evolve","floor":27,"key":"SMITH"},{"data":"Deep Breath","floor":32,"key":"SMITH"}],"neow_cost":"NONE","seed_source_timestamp":50493475475435,"circlet_count":0,"master_deck":["Strike_R","Strike_R+1","Strike_R","Defend_R","Defend_R","Defend_R","Defend_R","Bash","Deep Breath+1","Blood for Blood+1","Rampage+1","Infernal Blade+1","Cleave","Evolve+1","Intimidate+1","Double Tap+1","Armaments+1","RitualDagger","Headbutt+1","Shockwave+1","Hemokinesis+1","Pain"],"relics":["Black Blood","Pen Nib","Meat on the Bone","Happy Flower","Strawberry","Bag of Preparation","Boot","Orichalcum","WarpedTongs"],"potions_floor_usage":[8,8,24,24,30,33,33,33],"damage_taken":[{"damage":14,"enemies":"Small Slimes","floor":1,"turns":4},{"damage":6,"enemies":"Jaw Worm","floor":2,"turns":6},{"damage":1,"enemies":"Cultist","floor":5,"turns":3},{"damage":30,"enemies":"Gremlin Nob","floor":6,"turns":4},{"damage":24,"enemies":"Lagavulin","floor":8,"turns":5},{"damage":7,"enemies":"Blue Slaver","floor":11,"turns":3},{"damage":11,"enemies":"Red Slaver","floor":13,"turns":3},{"damage":33,"enemies":"Hexaghost","floor":16,"turns":7},{"damage":10,"enemies":"Chosen","floor":18,"turns":4},{"damage":26,"enemies":"Shell Parasite","floor":20,"turns":4},{"damage":39,"enemies":"Book of Stabbing","floor":24,"turns":5},{"damage":18,"enemies":"Shelled Parasite and Fungi","floor":28,"turns":3},{"damage":14,"enemies":"Sentry and Sphere","floor":29,"turns":4},{"damage":17,"enemies":"Centurion and Healer","floor":30,"turns":3},{"damage":88,"enemies":"Automaton","floor":33,"turns":10}],"seed_played":"-7313269204565571978","potions_obtained":[{"floor":5,"key":"Dexterity Potion"},{"floor":6,"key":"EntropicBrew"},{"floor":13,"key":"Strength Potion"},{"floor":24,"key":"PowerPotion"},{"floor":28,"key":"BloodPotion"},{"floor":29,"key":"PowerPotion"},{"floor":30,"key":"Block Potion"}],"is_trial":false,"path_per_floor":["M","M","?","?","M","E","R","E","T","R","M","R","M","$","R","B",null,"M","$","M","?","?","R","E","?","T","R","M","M","M","?","R","B"],"character_chosen":"IRONCLAD","items_purchased":["Strawberry","Bag of Preparation"],"campfire_rested":0,"item_purchase_floors":[14,19],"current_hp_per_floor":[72,72,77,66,71,47,47,29,29,29,40,40,47,54,54,39,92,92,92,76,70,70,70,53,53,53,53,57,65,58,58,58,0],"gold":43,"neow_bonus":"RANDOM_COLORLESS","is_prod":false,"is_daily":false,"chose_seed":false,"campfire_upgraded":7,"win_rate":0,"timestamp":1564292452,"path_taken":["M","M","?","?","M","E","R","E","T","R","M","R","M","$","R","BOSS","M","$","M","?","?","R","E","?","T","R","M","?","M","?","R","BOSS"],"build_version":"2019-07-17","purchased_purges":1,"victory":false,"max_hp_per_floor":[80,80,85,85,85,85,85,85,85,85,85,85,85,92,92,92,92,92,92,92,92,92,92,92,92,92,92,92,92,92,92,92,92],"card_choices":[{"not_picked":["Anger","Headbutt"],"picked":"Blood for Blood","floor":1},{"not_picked":["True Grit","Fire Breathing","Body Slam"],"picked":"SKIP","floor":2},{"not_picked":["Searing Blow","Headbutt"],"picked":"Rampage","floor":5},{"not_picked":["Armaments","Disarm"],"picked":"Infernal Blade","floor":6},{"not_picked":["Heavy Blade","Clash"],"picked":"Cleave","floor":8},{"not_picked":["Shrug It Off","Havoc"],"picked":"Evolve","floor":11},{"not_picked":["Thunderclap","Cleave"],"picked":"Intimidate","floor":13},{"not_picked":["Impervious","Juggernaut"],"picked":"Double Tap","floor":16},{"not_picked":["Havoc","Iron Wave","Inflame"],"picked":"SKIP","floor":18},{"not_picked":["Warcry","Havoc"],"picked":"Armaments+1","floor":20},{"not_picked":["Pommel Strike","Headbutt","Dropkick"],"picked":"SKIP","floor":24},{"not_picked":["Searing Blow","Warcry"],"picked":"Headbutt+1","floor":28},{"not_picked":["Cleave","Inflame"],"picked":"Shockwave+1","floor":29},{"not_picked":["Body Slam","Berserk"],"picked":"Hemokinesis+1","floor":30}],"player_experience":142709,"relics_obtained":[{"floor":6,"key":"Pen Nib"},{"floor":8,"key":"Meat on the Bone"},{"floor":9,"key":"Happy Flower"},{"floor":24,"key":"Boot"},{"floor":26,"key":"Orichalcum"}],"event_choices":[{"damage_healed":0,"gold_gain":0,"player_choice":"Donut","damage_taken":0,"max_hp_gain":5,"max_hp_loss":0,"event_name":"Big Fish","floor":3,"gold_loss":0},{"damage_healed":0,"gold_gain":75,"player_choice":"Gather Gold","damage_taken":11,"max_hp_gain":0,"max_hp_loss":0,"event_name":"World of Goop","floor":4,"gold_loss":0},{"damage_healed":0,"gold_gain":0,"player_choice":"Joined the Cult","damage_taken":6,"max_hp_gain":0,"max_hp_loss":0,"event_name":"Nest","floor":21,"gold_loss":0,"cards_obtained":["RitualDagger"]},{"cards_removed":["Strike_R"],"damage_healed":0,"gold_gain":0,"player_choice":"Upgrade and Remove","damage_taken":0,"max_hp_gain":0,"max_hp_loss":0,"event_name":"Designer","floor":25,"gold_loss":90,"cards_upgraded":["Strike_R"]},{"damage_healed":0,"gold_gain":0,"player_choice":"Rummage","damage_taken":0,"relics_obtained":["WarpedTongs"],"max_hp_gain":0,"max_hp_loss":0,"event_name":"Accursed Blacksmith","floor":31,"gold_loss":0,"cards_obtained":["Pain"]}],"is_beta":false,"boss_relics":[{"not_picked":["Empty Cage","Eternal Feather"],"picked":"Black Blood"}],"items_purged_floors":[14],"is_endless":false,"potions_floor_spawned":[5,6,13,24,28,29,30],"killed_by":"Automaton","ascension_level":0}