{"gold_per_floor":[118,118,118,135,60,60,89,89,89,108,125,157,172,183,183,282,282,301,301,153,171,171,171,188,188],"floor_reached":25,"playtime":8603,"items_purged":["Regret"],"score":262,"play_id":"91bd242f-f157-45a1-868d-3aea44145749","local_time":"20191003142658","is_ascension_mode":true,"campfire_choices":[{"floor":6,"key":"RECALL"},{"data":"Shrug It Off","floor":8,"key":"SMITH"},{"data":"Pommel Strike","floor":15,"key":"SMITH"},{"floor":23,"key":"REST"}],"neow_cost":"NONE","seed_source_timestamp":1729250959437996,"circlet_count":0,"master_deck":["Strike_R","Strike_R","Strike_R","Defend_R","Defend_R","Defend_R","Bash","Ghostly Armor","Shrug It Off+1","Infernal Blade","Rampage","Warcry","Flame Barrier","Pommel Strike+1","Ghostly Armor","Body Slam+1","Ghostly Armor+1","Bloodletting+1","Body Slam+1","Writhe","Flame Barrier","Shockwave"],"relics":["Burning Blood","NeowsBlessing","Happy Flower","Ornamental Fan","Blue Candle","Astrolabe","Dream Catcher","Pen Nib"],"potions_floor_usage":[12,12,16,24,25,25],"damage_taken":[{"damage":0,"enemies":"Jaw Worm","floor":1,"turns":1},{"damage":0,"enemies":"Small Slimes","floor":4,"turns":1},{"damage":0,"enemies":"Lagavulin","floor":7,"turns":1},{"damage":1,"enemies":"Cultist","floor":10,"turns":4},{"damage":6,"enemies":"Blue Slaver","floor":11,"turns":4},{"damage":20,"enemies":"3 Sentries","floor":12,"turns":8},{"damage":0,"enemies":"3 Louse","floor":13,"turns":3},{"damage":12,"enemies":"Exordium Thugs","floor":14,"turns":6},{"damage":55,"enemies":"Hexaghost","floor":16,"turns":14},{"damage":19,"enemies":"3 Byrds","floor":18,"turns":5},{"damage":45,"enemies":"Spheric Guardian","floor":21,"turns":8},{"damage":26,"enemies":"Snake Plant","floor":24,"turns":4},{"damage":51,"enemies":"Slavers","floor":25,"turns":4}],"seed_played":"6306749776727765322","potions_obtained":[{"floor":1,"key":"Strength Potion"},{"floor":3,"key":"BloodPotion"},{"floor":3,"key":"PowerPotion"},{"floor":14,"key":"Fire Potion"},{"floor":21,"key":"FearPotion"},{"floor":24,"key":"GamblersBrew"}],"is_trial":false,"path_per_floor":["M","?","?","M","$","R","E","R","T","M","M","E","M","M","R","B",null,"M","?","?","M","?","R","M","E"],"character_chosen":"IRONCLAD","items_purchased":[],"campfire_rested":1,"item_purchase_floors":[],"current_hp_per_floor":[80,80,80,80,80,80,80,80,80,80,80,66,72,66,66,17,80,67,67,67,28,13,38,18,0],"gold":188,"neow_bonus":"THREE_ENEMY_KILL","is_prod":false,"is_daily":false,"chose_seed":false,"campfire_upgraded":2,"win_rate":0,"timestamp":1570127218,"path_taken":["M","?","?","?","$","R","E","R","T","M","M","E","M","M","R","BOSS","M","?","?","?","?","R","M","E"],"build_version":"2019-07-17","purchased_purges":1,"victory":false,"max_hp_per_floor":[80,80,80,80,80,80,80,80,80,80,80,80,80,80,80,80,80,80,80,80,80,85,85,85,85],"card_choices":[{"not_picked":["Bloodletting","True Grit"],"picked":"Ghostly Armor","floor":1},{"not_picked":["Fire Breathing","True Grit"],"picked":"Shrug It Off","floor":4},{"not_picked":["Warcry","Twin Strike"],"picked":"Infernal Blade","floor":7},{"not_picked":["Pommel Strike","Spot Weakness"],"picked":"Rampage","floor":10},{"not_picked":["Heavy Blade","Rage"],"picked":"Warcry","floor":11},{"not_picked":["Uppercut","Rupture"],"picked":"Flame Barrier","floor":12},{"not_picked":["Berserk","Anger"],"picked":"Pommel Strike","floor":13},{"not_picked":["Second Wind","Clothesline"],"picked":"Ghostly Armor","floor":14},{"not_picked":["Headbutt","Rupture+1"],"picked":"Body Slam+1","floor":18},{"not_picked":["Dropkick","Pommel Strike"],"picked":"Flame Barrier","floor":21},{"not_picked":["Twin Strike+1","Sword Boomerang"],"picked":"Shockwave","floor":24}],"player_experience":205739,"relics_obtained":[{"floor":7,"key":"Ornamental Fan"},{"floor":12,"key":"Blue Candle"}],"event_choices":[{"damage_healed":0,"gold_gain":0,"player_choice":"Box","damage_taken":0,"relics_obtained":["Happy Flower"],"max_hp_gain":0,"max_hp_loss":0,"event_name":"Big Fish","floor":2,"gold_loss":0,"cards_obtained":["Regret"]},{"damage_healed":0,"gold_gain":0,"player_choice":"Got Potions","damage_taken":0,"max_hp_gain":0,"max_hp_loss":0,"event_name":"Lab","floor":3,"gold_loss":0},{"damage_healed":0,"gold_gain":0,"player_choice":"Opened","damage_taken":0,"relics_obtained":["Dream Catcher"],"max_hp_gain":0,"max_hp_loss":0,"event_name":"The Mausoleum","floor":19,"gold_loss":0,"cards_obtained":["Writhe"]},{"damage_healed":0,"gold_gain":0,"player_choice":"Paid Gold","damage_taken":0,"relics_obtained":["Pen Nib"],"max_hp_gain":0,"max_hp_loss":0,"event_name":"WeMeetAgain","floor":20,"gold_loss":148},{"damage_healed":0,"gold_gain":0,"player_choice":"Shed Blood","damage_taken":20,"max_hp_gain":5,"max_hp_loss":0,"event_name":"Forgotten Altar","floor":22,"gold_loss":0}],"is_beta":false,"boss_relics":[{"not_picked":["Runic Dome","Lizard Tail"],"picked":"Astrolabe"}],"items_purged_floors":[5],"is_endless":false,"potions_floor_spawned":[1,4,14,21,24],"killed_by":"Slavers","ascension_level":2}