{"path_per_floor":["M","?","?","$","M","E","M","E","T","M","R","?","R","E","R","B",null,"M","$","?","M","T","R","M","E","T","E","?","E","?","$","R","B",null,"M","M","M","$","?","R","E","M","T","E","R","E","R","E","R","B"],"character_chosen":"THE_SILENT","items_purchased":["Whetstone"],"gold_per_floor":[116,116,116,41,53,86,98,129,129,147,147,147,147,178,178,280,280,291,36,36,47,47,47,65,98,148,181,181,216,141,16,16,117,117,135,150,166,16,16,16,43,56,108,143,143,169,169,196,196,196],"floor_reached":51,"campfire_rested":2,"playtime":5104,"current_hp_per_floor":[70,70,70,70,68,62,62,61,61,61,61,54,54,50,50,41,70,70,70,70,68,68,68,68,68,68,66,34,34,34,34,34,34,70,56,56,56,56,70,70,70,64,64,59,59,41,62,55,70,28],"items_purged":["Strike_G","Strike_G","Defend_G","Defend_G"],"gold":196,"score":800,"play_id":"ca44e6cd-cab9-4a3f-8eba-dc69b974a2d6","is_prod":false,"is_daily":false,"is_ascension_mode":true,"campfire_upgraded":7,"path_taken":["M","?","?","$","M","E","M","E","T","M","R","?","R","E","R","BOSS","M","$","?","?","?","R","M","E","T","E","?","E","?","?","R","BOSS","M","M","M","$","?","R","E","M","T","E","R","E","R","E","R","BOSS"],"build_version":"2018-02-08-PROD1","purchased_purges":4,"victory":true,"master_deck":["Defend_G","Defend_G+1","Strike_G","Strike_G","Survivor","Neutralize+1","Skewer+1","Quick Slash+1","Neutralize","Footwork+1","Leg Sweep+1","Backflip+1","Bane+1","Envenom+1","Dodge and Roll","Dodge and Roll","Outmaneuver+1","Footwork+1","Blind+1","Panacea","Swift Strike","Dodge and Roll+1","Burst+1","Dagger Throw","Bane+1","Dagger Throw+1","Writhe","Terror+1","Skewer+1","Flying Knee+1","Well Laid Plans+1","Skewer+1"],"max_hp_per_floor":[70,70,70,70,70,70,70,70,70,70,70,70,70,70,70,70,70,70,70,70,70,70,70,70,70,70,70,70,70,70,70,70,70,70,70,70,70,70,70,70,70,70,70,70,70,70,70,70,70,70],"relics":["Ring of the Snake","Happy Flower","Bottled Tornado","Pen Nib","Oddly Smooth Stone","Velvet Choker","Whetstone","Thread and Needle","Bag of Marbles","Juzu Bracelet","Bronze Scales","Ice Cream","Sozu","Mummified Hand","Dream Catcher","War Paint","Bag of Preparation","Omamori"],"card_choices":[{"not_picked":["Catalyst","Poisoned Stab"],"picked":"Quick Slash"},{"not_picked":["Dagger Throw","Leg Sweep"],"picked":"Footwork"},{"not_picked":["Blade Dance","Eviscerate"],"picked":"Leg Sweep"},{"not_picked":["Die Die Die","Dagger Spray"],"picked":"Backflip"},{"not_picked":["Deflect","Unload"],"picked":"Bane"},{"not_picked":["Wraith Form","Die Die Die"],"picked":"Envenom"},{"not_picked":["Flechettes","Prepared"],"picked":"Dodge and Roll"},{"not_picked":["Sucker Punch","Expertise"],"picked":"Dodge and Roll"},{"not_picked":["Calculated Gamble","Deadly Poison"],"picked":"Outmaneuver"},{"not_picked":["Outmaneuver","Backflip"],"picked":"Footwork"},{"not_picked":["Distraction","Leg Sweep"],"picked":"Dodge and Roll"},{"not_picked":["Envenom","Night Terror"],"picked":"Burst"},{"not_picked":["PiercingWail","Backflip"],"picked":"Dagger Throw"},{"not_picked":["Outmaneuver","Sucker Punch"],"picked":"Bane"},{"not_picked":["Prepared","Bouncing Flask"],"picked":"Dagger Throw"},{"not_picked":["Wraith Form","Deadly Poison"],"picked":"Terror"},{"not_picked":["Bane","Bouncing Flask"],"picked":"Skewer"},{"not_picked":["Outmaneuver","Burst"],"picked":"Flying Knee"},{"not_picked":["Flechettes","Finisher"],"picked":"Well Laid Plans"},{"not_picked":["Blur","Bane"],"picked":"Skewer"}],"player_experience":64818,"potions_floor_usage":[14,16],"damage_taken":[{"damage":0,"enemies":"Small Slimes","floor":1,"turns":3},{"damage":2,"enemies":"Blue Slaver","floor":5,"turns":3},{"damage":6,"enemies":"Lagavulin","floor":6,"turns":8},{"damage":0,"enemies":"Cultist","floor":7,"turns":2},{"damage":1,"enemies":"3 Sentries","floor":8,"turns":12},{"damage":0,"enemies":"Red Slaver","floor":10,"turns":4},{"damage":4,"enemies":"Lagavulin","floor":14,"turns":5},{"damage":9,"enemies":"The Guardian","floor":16,"turns":7},{"damage":0,"enemies":"Spheric Guardian","floor":18,"turns":3},{"damage":2,"enemies":"2 Thieves","floor":21,"turns":5},{"damage":0,"enemies":"Snake Plant","floor":24,"turns":3},{"damage":0,"enemies":"Book of Stabbing","floor":25,"turns":4},{"damage":2,"enemies":"Gremlin Leader","floor":27,"turns":8},{"damage":0,"enemies":"Book of Stabbing","floor":29,"turns":5},{"damage":0,"enemies":"Champ","floor":33,"turns":11},{"damage":14,"enemies":"3 Shapes","floor":35,"turns":6},{"damage":0,"enemies":"3 Darklings","floor":36,"turns":6},{"damage":0,"enemies":"Maw","floor":37,"turns":6},{"damage":0,"enemies":"Nemesis","floor":41,"turns":4},{"damage":6,"enemies":"Sphere and 2 Shapes","floor":42,"turns":7},{"damage":5,"enemies":"Giant Head","floor":44,"turns":6},{"damage":18,"enemies":"Nemesis","floor":46,"turns":7},{"damage":7,"enemies":"2 Orb Walkers","floor":48,"turns":6},{"damage":42,"enemies":"Awakened One","floor":50,"turns":11}],"event_choices":[{"event_name":"Match and Keep!","player_choice":"1 cards matched","floor":2,"damage_taken":0},{"event_name":"Upgrade Shrine","player_choice":"Upgraded","floor":3,"damage_taken":0},{"event_name":"Wheel of Change","player_choice":"Damage","floor":12,"damage_taken":0},{"event_name":"Addict","player_choice":"Ignored","floor":20,"damage_taken":0},{"event_name":"Knowing Skull","player_choice":"CARD CARD CARD ","floor":28,"damage_taken":0},{"event_name":"Beggar","player_choice":"Gave Gold","floor":30,"damage_taken":0},{"event_name":"Winding Halls","player_choice":"Writhe","floor":39,"damage_taken":0}],"boss_relics":[{"not_picked":["Eternal Feather","Snecko Eye"],"picked":"Velvet Choker"},{"not_picked":["Lizard Tail","Runic Dome"],"picked":"Sozu"}],"potions_floor_spawned":[1,5,8,16,25,29,37,41,42,46,48],"seed_played":"-6325233715138283732","ascension_level":1,"is_trial":false}