{"gold_per_floor":[109,284,284,300,320,320,363,376,376,399,83,108,108,124,124,248,248,272,296,1,1,1,1,0,0,0,0,0,0],"floor_reached":29,"playtime":1240,"items_purged":["Doubt","Strike_R"],"score":256,"play_id":"85e87d33-a03a-4f44-aea3-186908e6a8e1","local_time":"20190823163318","is_ascension_mode":true,"campfire_choices":[{"data":"Fiend Fire","floor":6,"key":"SMITH"},{"floor":13,"key":"REST"},{"data":"Apotheosis","floor":15,"key":"SMITH"},{"data":"Battle Trance","floor":23,"key":"SMITH"},{"floor":25,"key":"RECALL"},{"data":"Burning Pact","floor":28,"key":"SMITH"}],"neow_cost":"NONE","seed_source_timestamp":2408086991540,"circlet_count":0,"master_deck":["Strike_R+1","Strike_R","Strike_R","Strike_R+1","Defend_R","Defend_R","Defend_R","Defend_R","Bash","Fiend Fire+1","True Grit","Sever Soul","Second Wind","Clash","Burning Pact+1","Seeing Red","Apotheosis+1","Warcry","Carnage","Shockwave","Double Tap","True Grit+1","Battle Trance+1","Sentinel","Bandage Up"],"relics":["Burning Blood","Bloody Idol","Whetstone","Sozu","Peace Pipe","Matryoshka"],"potions_floor_usage":[7,16],"damage_taken":[{"damage":12,"enemies":"2 Louse","floor":1,"turns":3},{"damage":0,"enemies":"Jaw Worm","floor":4,"turns":5},{"damage":0,"enemies":"Small Slimes","floor":5,"turns":2},{"damage":36,"enemies":"Gremlin Nob","floor":7,"turns":5},{"damage":13,"enemies":"3 Louse","floor":8,"turns":3},{"damage":26,"enemies":"Gremlin Gang","floor":10,"turns":5},{"damage":0,"enemies":"Exordium Wildlife","floor":12,"turns":3},{"damage":14,"enemies":"3 Louse","floor":14,"turns":3},{"damage":17,"enemies":"Hexaghost","floor":16,"turns":8},{"damage":18,"enemies":"Shell Parasite","floor":18,"turns":5},{"damage":17,"enemies":"2 Thieves","floor":19,"turns":4},{"damage":63,"enemies":"Book of Stabbing","floor":29,"turns":5}],"seed_played":"-8646369961526603004","potions_obtained":[{"floor":1,"key":"LiquidBronze"},{"floor":5,"key":"SkillPotion"},{"floor":7,"key":"Dexterity Potion"},{"floor":12,"key":"SteroidPotion"},{"floor":16,"key":"Energy Potion"}],"is_trial":false,"path_per_floor":["M","?","?","M","M","R","E","M","T","M","$","M","R","M","R","B",null,"M","M","$","?","?","R","?","R","T","?","R","E"],"character_chosen":"IRONCLAD","items_purchased":["Apotheosis","Warcry","Battle Trance","Sentinel","Bandage Up"],"campfire_rested":1,"item_purchase_floors":[11,11,20,20,20],"current_hp_per_floor":[74,74,54,60,66,66,36,29,29,9,9,15,39,31,31,20,80,68,57,57,57,57,57,57,57,57,57,57,0],"gold":0,"neow_bonus":"ONE_RANDOM_RARE_CARD","is_prod":false,"is_daily":false,"chose_seed":false,"campfire_upgraded":4,"win_rate":0,"timestamp":1566570798,"path_taken":["M","?","?","M","M","R","E","M","T","?","$","M","R","M","R","BOSS","M","M","$","?","?","R","?","R","T","?","R","E"],"build_version":"2019-07-17","purchased_purges":2,"victory":false,"max_hp_per_floor":[80,80,80,80,80,80,80,80,80,80,80,80,80,80,80,80,80,80,80,80,80,80,80,80,80,80,80,80,80],"card_choices":[{"not_picked":["Dual Wield","Heavy Blade"],"picked":"True Grit","floor":1},{"not_picked":["Body Slam","Wild Strike"],"picked":"Sever Soul","floor":4},{"not_picked":["Inflame","Armaments"],"picked":"Second Wind","floor":5},{"not_picked":["Pummel","Entrench"],"picked":"Clash","floor":7},{"not_picked":["Uppercut","Wild Strike"],"picked":"Burning Pact","floor":8},{"not_picked":["Pummel","Rampage"],"picked":"Seeing Red","floor":10},{"not_picked":["Cleave","Entrench"],"picked":"Carnage","floor":12},{"not_picked":["True Grit","Flex"],"picked":"Shockwave","floor":14},{"not_picked":["Juggernaut","Reaper"],"picked":"Double Tap","floor":16},{"not_picked":["Combust","Havoc"],"picked":"True Grit+1","floor":18},{"not_picked":["Clothesline","Sever Soul+1","Twin Strike"],"picked":"SKIP","floor":19}],"player_experience":231447,"relics_obtained":[{"floor":7,"key":"Whetstone"},{"floor":26,"key":"Peace Pipe"}],"event_choices":[{"damage_healed":0,"gold_gain":175,"player_choice":"AGREE","damage_taken":0,"max_hp_gain":0,"max_hp_loss":0,"event_name":"Liars Game","floor":2,"gold_loss":0,"cards_obtained":["Doubt"]},{"damage_healed":0,"gold_gain":0,"player_choice":"Take Damage","damage_taken":20,"relics_obtained":["Golden Idol"],"max_hp_gain":0,"max_hp_loss":0,"event_name":"Golden Idol","floor":3,"gold_loss":0},{"damage_healed":0,"gold_gain":0,"player_choice":"Ignored","damage_taken":0,"max_hp_gain":0,"max_hp_loss":0,"event_name":"Vampires","floor":21,"gold_loss":0},{"damage_healed":0,"gold_gain":0,"player_choice":"Gave Idol","damage_taken":0,"relics_obtained":["Bloody Idol"],"max_hp_gain":0,"max_hp_loss":0,"event_name":"Forgotten Altar","floor":22,"relics_lost":["Golden Idol"],"gold_loss":0},{"damage_healed":0,"gold_gain":0,"player_choice":"Paid Fearfully","damage_taken":0,"max_hp_gain":0,"max_hp_loss":0,"event_name":"Masked Bandits","floor":24,"gold_loss":1},{"damage_healed":0,"gold_gain":0,"player_choice":"Opened","damage_taken":0,"relics_obtained":["Matryoshka"],"max_hp_gain":0,"max_hp_loss":0,"event_name":"The Mausoleum","floor":27,"gold_loss":0}],"is_beta":false,"boss_relics":[{"not_picked":["Snecko Eye","Tiny House"],"picked":"Sozu"}],"items_purged_floors":[11,20],"is_endless":false,"potions_floor_spawned":[1,5,7,12,16,19],"killed_by":"Book of Stabbing","ascension_level":3}