{"path_per_floor":["M","M","?","M","$","R","E","R","T","R","M","?","?","M","R","B",null,"M","?","?","$","?","E","R","M","T","$","?","E","?","$","R","B",null,"M","?","?","M","?","R","$"],"character_chosen":"THE_SILENT","items_purchased":["Footwork","Blur","Cloak And Dagger","Energy Potion","Regen Potion","Energy Potion"],"gold_per_floor":[118,138,138,154,5,5,32,32,32,32,49,49,49,65,65,166,166,150,150,75,3,3,35,35,53,79,7,7,33,33,33,33,133,133,149,203,203,217,217,217,19,19],"floor_reached":42,"campfire_rested":5,"playtime":2327,"current_hp_per_floor":[57,51,48,47,47,47,13,34,34,34,29,52,38,38,59,36,62,52,52,52,52,52,6,27,19,19,19,42,34,34,34,55,44,64,64,4,4,6,6,27,27,0],"items_purged":["Strike_G","Strike_G"],"gold":19,"score":599,"play_id":"a9472e51-682c-40b7-9ce2-8cbf2d6dccac","local_time":"20180331234532","is_prod":false,"is_daily":false,"is_ascension_mode":true,"campfire_upgraded":2,"timestamp":1522532732,"path_taken":["M","M","?","M","$","R","E","R","T","R","M","?","?","M","R","BOSS","M","?","?","$","?","E","R","M","T","$","?","E","?","?","R","BOSS","M","?","?","M","?","R","$","E"],"build_version":"2018-03-29v2","purchased_purges":3,"victory":false,"master_deck":["Defend_G+1","Defend_G+1","Defend_G+1","Defend_G+1","Strike_G+1","Strike_G+1","Neutralize+1","Quick Slash","Cloak And Dagger","Footwork+1","Escape Plan","Burst","Escape Plan","Unload","Noxious Fumes+1","Blur","Adrenaline","Flying Knee+1","Cloak And Dagger","Envenom","Bullet Time","Escape Plan","Dodge and Roll+1"],"max_hp_per_floor":[70,70,70,70,70,70,70,70,70,70,70,70,70,70,70,70,70,70,70,70,70,70,70,70,70,70,70,70,70,70,70,70,70,70,70,70,70,70,70,70,70,70],"relics":["Ring of the Snake","Juzu Bracelet","Question Card","Letter Opener","Black Star","Mercury Hourglass","Bottled Lightning","Pen Nib","Blood Vial","Happy Flower","The Specimen","Peace Pipe"],"card_choices":[{"not_picked":["Slice","Flechettes"],"picked":"Quick Slash","floor":1.0},{"not_picked":["Slice","Backflip"],"picked":"Cloak And Dagger","floor":4.0},{"not_picked":["Deadly Poison","Skewer"],"picked":"Escape Plan","floor":7.0},{"not_picked":["Predator","Acrobatics","Deflect"],"picked":"Burst","floor":11.0},{"not_picked":["Acrobatics","Sucker Punch","Deadly Poison"],"picked":"Escape Plan","floor":14.0},{"not_picked":["Glass Knife","Doppelganger","Grand Finale"],"picked":"Unload","floor":16.0},{"not_picked":["Concentrate","Quick Slash","Bane"],"picked":"Noxious Fumes","floor":18.0},{"not_picked":["Calculated Gamble","Deadly Poison","Prepared"],"picked":"Adrenaline","floor":23.0},{"not_picked":["Crippling Poison","Heel Hook","Prepared"],"picked":"Flying Knee","floor":25.0},{"not_picked":["Sucker Punch","Backflip","All Out Attack"],"picked":"Envenom","floor":29.0},{"not_picked":["Die Die Die","Venomology","Corpse Explosion"],"picked":"Bullet Time","floor":33.0},{"not_picked":["Catalyst","Outmaneuver","Skewer"],"picked":"Escape Plan","floor":35},{"not_picked":["Skewer","Outmaneuver","Deflect"],"picked":"Dodge and Roll","floor":36}],"player_experience":226708,"potions_floor_usage":[36,38,42,42],"damage_taken":[{"damage":6.0,"enemies":"2 Louse","floor":1.0,"turns":2.0},{"damage":6.0,"enemies":"Small Slimes","floor":2.0,"turns":3.0},{"damage":1.0,"enemies":"Cultist","floor":4.0,"turns":3.0},{"damage":34.0,"enemies":"Lagavulin","floor":7.0,"turns":10.0},{"damage":5.0,"enemies":"3 Louse","floor":11.0,"turns":4.0},{"damage":0.0,"enemies":"Blue Slaver","floor":14.0,"turns":4.0},{"damage":23.0,"enemies":"The Guardian","floor":16.0,"turns":18.0},{"damage":10.0,"enemies":"2 Thieves","floor":18.0,"turns":4.0},{"damage":46.0,"enemies":"Gremlin Leader","floor":23.0,"turns":8.0},{"damage":8.0,"enemies":"Spheric Guardian","floor":25.0,"turns":4.0},{"damage":8.0,"enemies":"Slavers","floor":29.0,"turns":5.0},{"damage":13.0,"enemies":"Collector","floor":33.0,"turns":11.0},{"damage":2,"enemies":"3 Darklings","floor":35,"turns":7},{"damage":62,"enemies":"Mysterious Sphere","floor":36,"turns":6},{"damage":0,"enemies":"Orb Walker","floor":38,"turns":3},{"damage":46,"enemies":"Giant Head","floor":42,"turns":9}],"event_choices":[{"event_name":"Scrap Ooze","player_choice":"success","floor":3.0,"damage_taken":3.0},{"event_name":"Big Fish","player_choice":"Banana","floor":12.0,"damage_taken":0.0},{"event_name":"Shining Light","player_choice":"Entered Light","floor":13.0,"damage_taken":0.0},{"event_name":"Back to Basics","player_choice":"Simplicity","floor":19.0,"damage_taken":0.0},{"event_name":"Beggar","player_choice":"Gave Gold","floor":20.0,"damage_taken":0.0},{"event_name":"Wheel of Change","player_choice":"Card Removal","floor":22.0,"damage_taken":0.0},{"event_name":"The Library","player_choice":"Heal","floor":28.0,"damage_taken":0.0},{"event_name":"Cursed Tome","player_choice":"Ignored","floor":30.0,"damage_taken":0.0},{"event_name":"Mysterious Sphere","player_choice":"Fight","floor":36,"damage_taken":0},{"event_name":"Tomb of Lord Red Mask","player_choice":"Ignored","floor":39,"damage_taken":0}],"boss_relics":[{"not_picked":["Snecko Eye","Calling Bell"],"picked":"The Specimen"}],"potions_floor_spawned":[2,4,7,14,16,29,36],"seed_played":"5767586729624353105","killed_by":"Giant Head","ascension_level":8,"is_trial":false}