{"gold_per_floor":[116,136,136,155,175,175,203,203,274,274,286,351,351,351,351,482,482,498,498,521,53,53,65,77,122,160,172,283,295],"floor_reached":29,"playtime":1267,"items_purged":["Strike_B"],"score":239,"play_id":"e77a2531-98df-43a8-9cd2-a340e0ff8e73","local_time":"20190814183139","is_ascension_mode":false,"campfire_choices":[{"data":"Zap","floor":6.0,"key":"SMITH"},{"data":"Coolheaded","floor":8.0,"key":"SMITH"},{"data":"Dualcast","floor":10.0,"key":"SMITH"},{"floor":13.0,"key":"REST"},{"data":"Biased Cognition","floor":15.0,"key":"SMITH"},{"data":"Echo Form","floor":23,"key":"SMITH"},{"floor":27,"key":"REST"}],"neow_cost":"NONE","seed_source_timestamp":0,"circlet_count":0,"master_deck":["Strike_B","Defend_B","Defend_B","Defend_B","Zap+1","Dualcast+1","Hologram","Coolheaded+1","Biased Cognition+1","Echo Form+1","Creative AI","Double Energy","Writhe","Skim"],"special_seed":0,"relics":["Cracked Core","PreservedInsect","Emotion Chip","Pen Nib","Blue Candle","Golden Idol","Empty Cage","Happy Flower","MawBank","Pantograph","Lantern"],"potions_floor_usage":[25,25],"damage_taken":[{"damage":0.0,"enemies":"2 Louse","floor":1.0,"turns":3.0},{"damage":4.0,"enemies":"Small Slimes","floor":2.0,"turns":3.0},{"damage":6.0,"enemies":"Jaw Worm","floor":4.0,"turns":2.0},{"damage":11.0,"enemies":"3 Louse","floor":5.0,"turns":2.0},{"damage":11.0,"enemies":"Lagavulin","floor":7.0,"turns":6.0},{"damage":0.0,"enemies":"Blue Slaver","floor":11.0,"turns":4.0},{"damage":22.0,"enemies":"Lagavulin Event","floor":12.0,"turns":4.0},{"damage":39.0,"enemies":"The Guardian","floor":16.0,"turns":13.0},{"damage":26,"enemies":"2 Thieves","floor":18,"turns":4},{"damage":5,"enemies":"Shell Parasite","floor":20,"turns":5},{"damage":36,"enemies":"Slavers","floor":25,"turns":5},{"damage":28,"enemies":"3 Cultists","floor":29,"turns":3}],"seed_played":"-2348551405202447666","potions_obtained":[{"floor":1.0,"key":"SmokeBomb"},{"floor":2.0,"key":"Block Potion"},{"floor":7.0,"key":"Regen Potion"},{"floor":11.0,"key":"FearPotion"},{"floor":16.0,"key":"Explosive Potion"},{"floor":18,"key":"FearPotion"},{"floor":20,"key":"Weak Potion"}],"is_trial":false,"path_per_floor":["M","M","?","M","M","R","E","R","T","R","M","?","R","?","R","B",null,"M","?","M","$","?","R","?","E","T","R","?","M"],"character_chosen":"DEFECT","items_purchased":["Creative AI","Double Energy","Happy Flower"],"campfire_rested":2,"item_purchase_floors":[21,21,21],"current_hp_per_floor":[75,71,64,58,47,47,36,36,36,36,36,14,36,36,36,12,69,43,43,38,38,38,38,38,2,2,22,22,0],"gold":295,"neow_bonus":"RANDOM_COMMON_RELIC","is_prod":false,"is_daily":false,"chose_seed":false,"campfire_upgraded":5,"win_rate":0,"timestamp":1565800299,"path_taken":["M","M","?","M","M","R","E","R","T","R","M","?","R","?","R","BOSS","M","?","M","$","?","R","?","E","T","R","?","M"],"build_version":"2019-07-17","purchased_purges":1,"victory":false,"max_hp_per_floor":[75,75,75,75,75,75,75,75,75,75,75,75,75,69,69,69,69,69,69,69,69,69,69,69,69,69,69,69,69],"card_choices":[{"not_picked":["Force Field","Gash"],"picked":"Hologram","floor":1.0},{"not_picked":["Sweeping Beam","Compile Driver","Recycle"],"picked":"SKIP","floor":2.0},{"not_picked":["Hologram","Turbo","Reprogram"],"picked":"SKIP","floor":4.0},{"not_picked":["Blizzard","Hologram","Melter"],"picked":"SKIP","floor":5.0},{"not_picked":["Rip and Tear","BootSequence"],"picked":"Coolheaded","floor":7.0},{"not_picked":["Stack","Lockon","Beam Cell"],"picked":"SKIP","floor":11.0},{"not_picked":["Self Repair","Sweeping Beam"],"picked":"Biased Cognition","floor":12.0},{"not_picked":["Biased Cognition","Hyperbeam"],"picked":"Echo Form","floor":16.0},{"not_picked":["Coolheaded","Stack","Leap"],"picked":"SKIP","floor":18},{"not_picked":["Turbo","FTL+1","Beam Cell"],"picked":"SKIP","floor":20},{"not_picked":["Heatsinks","Hyperbeam"],"picked":"Skim","floor":25}],"player_experience":203313,"relics_obtained":[{"floor":7.0,"key":"Pen Nib"},{"floor":12.0,"key":"Blue Candle"},{"floor":25,"key":"Pantograph"},{"floor":26,"key":"Lantern"}],"event_choices":[{"damage_healed":0.0,"max_hp_gain":0.0,"max_hp_loss":0.0,"gold_gain":0.0,"event_name":"Scrap Ooze","player_choice":"Success","floor":3.0,"gold_loss":0.0,"damage_taken":7.0,"relics_obtained":["Emotion Chip"]},{"damage_healed":0.0,"max_hp_gain":0.0,"max_hp_loss":0.0,"gold_gain":30.0,"event_name":"Dead Adventurer","player_choice":"Searched \u00273\u0027 times","floor":12.0,"gold_loss":0.0,"damage_taken":0.0},{"damage_healed":0.0,"max_hp_gain":0.0,"max_hp_loss":6.0,"gold_gain":0.0,"event_name":"Golden Idol","player_choice":"Lose Max HP","floor":14.0,"gold_loss":0.0,"damage_taken":0.0,"relics_obtained":["Golden Idol"]},{"cards_removed":["Defend_B"],"damage_healed":0,"gold_gain":0,"player_choice":"Elegance","damage_taken":0,"max_hp_gain":0,"max_hp_loss":0,"event_name":"Back to Basics","floor":19,"gold_loss":0},{"damage_healed":0,"gold_gain":0,"player_choice":"Opened","damage_taken":0,"relics_obtained":["MawBank"],"max_hp_gain":0,"max_hp_loss":0,"event_name":"The Mausoleum","floor":22,"gold_loss":0,"cards_obtained":["Writhe"]},{"damage_healed":0,"gold_gain":99,"player_choice":"Stole From Cult","damage_taken":0,"max_hp_gain":0,"max_hp_loss":0,"event_name":"Nest","floor":28,"gold_loss":0}],"is_beta":false,"boss_relics":[{"not_picked":["Lizard Tail","Pandora\u0027s Box"],"picked":"Empty Cage"}],"items_purged_floors":[21],"is_endless":false,"potions_floor_spawned":[1,2,7,11,16,18,20],"killed_by":"3 Cultists","ascension_level":0}