{"gold_per_floor":[113,124,141,157,332,332,364,376,400,3,3,15,45,67,67,162,162,181,199,210,59,69,69,69,96,96,96,120,120,133,133,133,133],"floor_reached":33,"playtime":1305,"items_purged":["Doubt","Strike_B"],"score":334,"play_id":"c0e9f02b-b963-4f64-84b0-45a6798898df","local_time":"20190924005349","is_ascension_mode":true,"campfire_choices":[{"data":"Tempest","floor":6,"key":"SMITH"},{"data":"Static Discharge","floor":11,"key":"SMITH"},{"data":"Reinforced Body","floor":15,"key":"SMITH"},{"floor":23,"key":"REST"},{"floor":29,"key":"REST"},{"floor":32,"key":"REST"}],"neow_cost":"NONE","seed_source_timestamp":982993640964120,"circlet_count":0,"master_deck":["Strike_B","Defend_B","Defend_B","Defend_B","Defend_B","Zap","Dualcast","Tempest+1","Undo","Reinforced Body+1","Conserve Battery","Static Discharge+1","Conserve Battery","Creative AI","Leap+1","Cold Snap+1","Storm","FTL"],"relics":["FrozenCore","Bag of Marbles","Art of War","Potion Belt","Mummified Hand","Odd Mushroom","Lantern","Darkstone Periapt","PreservedInsect","Calipers"],"potions_floor_usage":[7,14,16,22,30,33],"damage_taken":[{"damage":1,"enemies":"Cultist","floor":1,"turns":3},{"damage":7,"enemies":"Jaw Worm","floor":2,"turns":3},{"damage":0,"enemies":"2 Louse","floor":3,"turns":2},{"damage":0,"enemies":"Large Slime","floor":4,"turns":4},{"damage":5,"enemies":"Gremlin Nob","floor":7,"turns":4},{"damage":6,"enemies":"Looter","floor":8,"turns":3},{"damage":1,"enemies":"Blue Slaver","floor":12,"turns":3},{"damage":6,"enemies":"The Mushroom Lair","floor":14,"turns":3},{"damage":34,"enemies":"Slime Boss","floor":16,"turns":9},{"damage":7,"enemies":"3 Byrds","floor":18,"turns":4},{"damage":11,"enemies":"Spheric Guardian","floor":19,"turns":5},{"damage":21,"enemies":"Centurion and Healer","floor":20,"turns":7},{"damage":17,"enemies":"Snake Plant","floor":22,"turns":4},{"damage":25,"enemies":"Slavers","floor":25,"turns":6},{"damage":6,"enemies":"Snecko","floor":30,"turns":4},{"damage":61,"enemies":"Collector","floor":33,"turns":7}],"seed_played":"-337758480852199959","potions_obtained":[{"floor":1,"key":"AttackPotion"},{"floor":2,"key":"Fire Potion"},{"floor":3,"key":"Energy Potion"},{"floor":25,"key":"AttackPotion"},{"floor":30,"key":"Regen Potion"}],"is_trial":false,"path_per_floor":["M","M","M","M","?","R","E","M","T","$","R","M","?","?","R","B",null,"M","M","M","$","M","R","?","E","T","?","T","R","M","T","R","B"],"character_chosen":"DEFECT","items_purchased":["Mummified Hand","Static Discharge","SkillPotion"],"campfire_rested":3,"item_purchase_floors":[10,10,21],"current_hp_per_floor":[74,67,67,67,67,67,62,56,56,56,56,55,55,49,49,15,60,53,42,21,21,4,26,26,1,1,1,1,23,17,17,39,0],"gold":133,"neow_bonus":"RANDOM_COMMON_RELIC","is_prod":false,"is_daily":false,"chose_seed":false,"campfire_upgraded":3,"win_rate":0,"timestamp":1569279229,"path_taken":["M","?","M","M","?","R","E","M","T","$","R","M","?","?","R","BOSS","M","M","M","$","M","R","?","E","T","?","?","R","?","?","R","BOSS"],"build_version":"2019-07-17","purchased_purges":2,"victory":false,"max_hp_per_floor":[75,75,75,75,75,75,75,75,75,75,75,75,75,75,75,75,75,75,75,75,75,75,75,75,75,75,75,75,75,75,75,75,75],"card_choices":[{"not_picked":["Barrage","Leap"],"picked":"Tempest","floor":1},{"not_picked":["Stack","Hologram"],"picked":"Undo","floor":2},{"not_picked":["Conserve Battery","Sweeping Beam"],"picked":"Reinforced Body","floor":3},{"not_picked":["Tempest","Fusion","Steam"],"picked":"SKIP","floor":4},{"not_picked":["Rebound","Coolheaded","Compile Driver"],"picked":"SKIP","floor":7},{"not_picked":["Gash","Hello World"],"picked":"Conserve Battery","floor":8},{"not_picked":["Go for the Eyes","Hello World","Redo"],"picked":"SKIP","floor":12},{"not_picked":["Go for the Eyes","Hello World","Redo"],"picked":"SKIP","floor":12},{"not_picked":["Cold Snap","Barrage"],"picked":"Conserve Battery","floor":14},{"not_picked":["Reboot","Meteor Strike"],"picked":"Creative AI","floor":16},{"not_picked":["Rebound","Stack"],"picked":"Leap+1","floor":18},{"not_picked":["Stack+1","Gash+1","Barrage"],"picked":"SKIP","floor":19},{"not_picked":["Compile Driver","Chaos","Rip and Tear"],"picked":"SKIP","floor":20},{"not_picked":["Turbo","Barrage"],"picked":"Cold Snap+1","floor":22},{"not_picked":["Beam Cell","Meteor Strike","Darkness+1"],"picked":"SKIP","floor":25},{"not_picked":["Hologram","Lockon+1","Darkness+1"],"picked":"SKIP","floor":30}],"player_experience":294675,"relics_obtained":[{"floor":7,"key":"Art of War"},{"floor":9,"key":"Potion Belt"},{"floor":14,"key":"Odd Mushroom"},{"floor":25,"key":"Lantern"},{"floor":26,"key":"Darkstone Periapt"},{"floor":28,"key":"PreservedInsect"},{"floor":31,"key":"Calipers"}],"event_choices":[{"damage_healed":0,"gold_gain":175,"player_choice":"AGREE","damage_taken":0,"max_hp_gain":0,"max_hp_loss":0,"event_name":"Liars Game","floor":5,"gold_loss":0,"cards_obtained":["Doubt"]},{"damage_healed":0,"gold_gain":30,"player_choice":"Searched \u00272\u0027 times","damage_taken":0,"max_hp_gain":0,"max_hp_loss":0,"event_name":"Dead Adventurer","floor":13,"gold_loss":0},{"damage_healed":0,"gold_gain":0,"player_choice":"Fought Mushrooms","damage_taken":0,"max_hp_gain":0,"max_hp_loss":0,"event_name":"Mushrooms","floor":14,"gold_loss":0},{"damage_healed":0,"gold_gain":0,"player_choice":"Ignored","damage_taken":0,"max_hp_gain":0,"max_hp_loss":0,"event_name":"Cursed Tome","floor":24,"gold_loss":0},{"damage_healed":0,"gold_gain":0,"cards_transformed":["Strike_B","Strike_B"],"player_choice":"Became Test Subject","damage_taken":0,"max_hp_gain":0,"max_hp_loss":0,"event_name":"Drug Dealer","floor":27,"gold_loss":0,"cards_obtained":["Storm","FTL"]}],"is_beta":false,"boss_relics":[{"not_picked":["Velvet Choker","Black Star"],"picked":"FrozenCore"}],"items_purged_floors":[10,21],"is_endless":false,"potions_floor_spawned":[1,2,3,25,30],"killed_by":"Collector","ascension_level":5}