{"gold_per_floor":[113,113,131,131,142,142,15,77,103,33,53,73,84,98,98,171,171,190,201,17,17,36,36,54,54,54,54,86,104,128,128],"floor_reached":31,"playtime":1531,"items_purged":["Regret","Strike_R"],"score":427,"play_id":"02deaa09-1691-4cbb-8e01-a274e181ff5b","local_time":"20190322033306","is_ascension_mode":true,"campfire_choices":[{"data":"Disarm","floor":6.0,"key":"SMITH"},{"data":"True Grit","floor":15.0,"key":"SMITH"},{"data":"Limit Break","floor":23,"key":"SMITH"},{"data":"Seeing Red","floor":25,"key":"SMITH"},{"data":"Spot Weakness","floor":27,"key":"SMITH"}],"neow_cost":"TEN_PERCENT_HP_LOSS","seed_source_timestamp":0,"circlet_count":0,"master_deck":["AscendersBane","Strike_R","Strike_R","Defend_R","Defend_R","Bash","Seeing Red+1","Cleave","Disarm+1","Intimidate","Shrug It Off","True Grit+1","Armaments","Pommel Strike","Limit Break+1","Reaper","Carnage","Spot Weakness+1","Trip","J.A.X.","Shrug It Off","Heavy Blade+1","Flex"],"special_seed":0,"relics":["Burning Blood","Pear","Vajra","Tiny Chest","Oddly Smooth Stone","Empty Cage","Boot","Art of War","Strawberry"],"potions_floor_usage":[28,28,31],"damage_taken":[{"damage":7.0,"enemies":"2 Louse","floor":1.0,"turns":3.0},{"damage":15.0,"enemies":"Jaw Worm","floor":3.0,"turns":3.0},{"damage":1.0,"enemies":"Cultist","floor":5.0,"turns":3.0},{"damage":29.0,"enemies":"Gremlin Nob","floor":8.0,"turns":4.0},{"damage":0.0,"enemies":"3 Louse","floor":11.0,"turns":2.0},{"damage":13.0,"enemies":"Large Slime","floor":12.0,"turns":5.0},{"damage":5.0,"enemies":"Looter","floor":13.0,"turns":3.0},{"damage":0.0,"enemies":"Red Slaver","floor":14.0,"turns":5.0},{"damage":42.0,"enemies":"The Guardian","floor":16.0,"turns":16.0},{"damage":15.0,"enemies":"Chosen","floor":18.0,"turns":10.0},{"damage":26.0,"enemies":"3 Byrds","floor":19.0,"turns":7.0},{"damage":36,"enemies":"Centurion and Healer","floor":22,"turns":5},{"damage":29,"enemies":"Cultist and Chosen","floor":24,"turns":8},{"damage":65,"enemies":"Slavers","floor":28,"turns":5},{"damage":13,"enemies":"Snecko","floor":29,"turns":3},{"damage":28,"enemies":"Centurion and Healer","floor":31,"turns":3}],"seed_played":"-2575538742933149169","potions_obtained":[{"floor":3.0,"key":"Poison Potion"},{"floor":12.0,"key":"EntropicBrew"},{"floor":16.0,"key":"SteroidPotion"},{"floor":18.0,"key":"SteroidPotion"},{"floor":19.0,"key":"Energy Potion"},{"floor":29,"key":"AttackPotion"}],"is_trial":false,"path_per_floor":["M","?","M","T","M","R","$","E","T","$","M","M","M","M","R","B",null,"M","M","$","?","M","R","M","R","T","R","E","M","T","M"],"character_chosen":"IRONCLAD","items_purchased":["Fire Potion","Shrug It Off","True Grit","Trip"],"campfire_rested":0,"item_purchase_floors":[7,10,10,20],"current_hp_per_floor":[71,81,72,72,77,77,77,54,54,54,60,53,54,60,60,24,68,68,48,48,48,63,63,68,68,68,68,25,18,25,0],"gold":128,"neow_bonus":"REMOVE_TWO","is_prod":false,"is_daily":false,"chose_seed":false,"campfire_upgraded":5,"win_rate":0,"timestamp":1553193186,"path_taken":["M","?","M","?","M","R","$","E","T","?","M","M","M","?","R","BOSS","M","M","$","?","M","R","M","R","T","R","E","M","?","?"],"build_version":"2019-01-23","purchased_purges":2,"victory":false,"max_hp_per_floor":[72,82,82,82,82,82,82,82,82,82,82,82,82,82,82,82,82,82,82,82,82,82,82,82,82,82,82,82,82,89,89],"card_choices":[{"not_picked":["Perfected Strike","Pommel Strike"],"picked":"Seeing Red","floor":1.0},{"not_picked":["Disarm","Dropkick"],"picked":"Cleave","floor":3.0},{"not_picked":["Thunderclap","Intimidate"],"picked":"Disarm","floor":5.0},{"not_picked":["Inflame","Twin Strike"],"picked":"Intimidate","floor":8.0},{"not_picked":["Anger","Rupture","Perfected Strike"],"picked":"SKIP","floor":11.0},{"not_picked":["Sever Soul","Shrug It Off"],"picked":"Armaments","floor":12.0},{"not_picked":["Seeing Red","Twin Strike"],"picked":"Pommel Strike","floor":13.0},{"not_picked":["Perfected Strike","Clothesline"],"picked":"Limit Break","floor":14.0},{"not_picked":["Bludgeon","Brutality"],"picked":"Reaper","floor":16.0},{"not_picked":["Twin Strike","True Grit"],"picked":"Carnage","floor":18.0},{"not_picked":["Hemokinesis","Ghostly Armor"],"picked":"Spot Weakness","floor":19.0},{"not_picked":["Iron Wave","Clash","Clothesline"],"picked":"SKIP","floor":22},{"not_picked":["Iron Wave","Fire Breathing"],"picked":"Shrug It Off","floor":24},{"not_picked":["Entrench","Thunderclap"],"picked":"Heavy Blade+1","floor":28},{"not_picked":["Corruption","Thunderclap"],"picked":"Flex","floor":29}],"player_experience":589323,"relics_obtained":[{"floor":4.0,"key":"Vajra"},{"floor":8.0,"key":"Tiny Chest"},{"floor":9.0,"key":"Oddly Smooth Stone"},{"floor":26,"key":"Boot"},{"floor":28,"key":"Art of War"},{"floor":30,"key":"Strawberry"}],"event_choices":[{"damage_healed":0.0,"max_hp_gain":0.0,"max_hp_loss":0.0,"gold_gain":0.0,"event_name":"Big Fish","player_choice":"Box","floor":2.0,"gold_loss":0.0,"damage_taken":0.0,"relics_obtained":["Pear"],"cards_obtained":["Regret"]},{"damage_healed":0,"gold_gain":0,"player_choice":"Obtain J.A.X.","damage_taken":0,"max_hp_gain":0,"max_hp_loss":0,"event_name":"Drug Dealer","floor":21,"gold_loss":0,"cards_obtained":["J.A.X."]}],"is_beta":false,"boss_relics":[{"not_picked":["Runic Dome","Ectoplasm"],"picked":"Empty Cage"}],"items_purged_floors":[7,20],"is_endless":false,"potions_floor_spawned":[3,12,16,18,19,29],"killed_by":"Centurion and Healer","ascension_level":13}