{"gold_per_floor":[19,19,30,205,221,221,239,239,316,316,344,354,367,50,50,148,198,211,228,240,253,9,9,36,36,108,108,136,154,154,174,174,274,274,285,97,145,160,160,160,191,191,236,37,69,87,121,140,140,140],"floor_reached":50,"playtime":2782,"items_purged":["Doubt","Strike_B","Defend_B"],"score":712,"play_id":"a52f2539-fc2f-417a-8cb0-bed362a53606","local_time":"20190829210827","is_ascension_mode":true,"campfire_choices":[{"data":"Dualcast","floor":6,"key":"SMITH"},{"data":"Seek","floor":8,"key":"SMITH"},{"data":"Auto Shields","floor":10,"key":"SMITH"},{"data":"Hologram","floor":15,"key":"SMITH"},{"data":"Defragment","floor":23,"key":"SMITH"},{"data":"Gash","floor":27,"key":"SMITH"},{"floor":30,"key":"REST"},{"data":"Gash","floor":32,"key":"SMITH"},{"data":"Streamline","floor":40,"key":"SMITH"},{"floor":42,"key":"RECALL"},{"floor":49,"key":"REST"}],"neow_cost":"NO_GOLD","seed_source_timestamp":294451405527625,"circlet_count":0,"master_deck":["Strike_B","Strike_B","Strike_B","Defend_B","Defend_B","Defend_B","Zap+1","Dualcast+1","Cold Snap","Auto Shields+1","Seek+1","Hologram+1","Melter","BootSequence","Electrodynamics+1","Gash+1","Glacier","Beam Cell+1","Coolheaded+1","Defragment+1","Chill","Gash+1","Tempest+1","Shrug It Off+1","Reboot","Acrobatics+1","Streamline+1","Pommel Strike+1","Core Surge","Intimidate","Noxious Fumes+1"],"relics":["Cracked Core","Blue Candle","Vajra","Membership Card","Tiny House","Oddly Smooth Stone","PrismaticShard","Mercury Hourglass","Frozen Egg 2","Red Mask","Philosopher\u0027s Stone","PreservedInsect","Pocketwatch","Lantern","ClockworkSouvenir","Gremlin Horn","Juzu Bracelet"],"potions_floor_usage":[11,11,16,16,16,21,24,46],"damage_taken":[{"damage":0,"enemies":"2 Louse","floor":1,"turns":2},{"damage":2,"enemies":"Jaw Worm","floor":3,"turns":4},{"damage":0,"enemies":"Small Slimes","floor":5,"turns":2},{"damage":10,"enemies":"2 Fungi Beasts","floor":7,"turns":3},{"damage":14,"enemies":"Lagavulin","floor":11,"turns":5},{"damage":0,"enemies":"3 Louse","floor":12,"turns":3},{"damage":1,"enemies":"Large Slime","floor":13,"turns":5},{"damage":18,"enemies":"The Guardian","floor":16,"turns":11},{"damage":0,"enemies":"3 Byrds","floor":18,"turns":2},{"damage":1,"enemies":"2 Thieves","floor":19,"turns":3},{"damage":16,"enemies":"Cultist and Chosen","floor":20,"turns":6},{"damage":20,"enemies":"Centurion and Healer","floor":21,"turns":4},{"damage":56,"enemies":"Book of Stabbing","floor":24,"turns":5},{"damage":0,"enemies":"Masked Bandits","floor":28,"turns":2},{"damage":5,"enemies":"3 Cultists","floor":29,"turns":4},{"damage":0,"enemies":"Snake Plant","floor":31,"turns":3},{"damage":37,"enemies":"Automaton","floor":33,"turns":8},{"damage":0,"enemies":"Orb Walker","floor":35,"turns":3},{"damage":4,"enemies":"2 Orb Walkers","floor":37,"turns":2},{"damage":0,"enemies":"3 Darklings","floor":38,"turns":3},{"damage":9,"enemies":"Nemesis","floor":41,"turns":7},{"damage":11,"enemies":"Reptomancer","floor":45,"turns":4},{"damage":0,"enemies":"4 Shapes","floor":46,"turns":1},{"damage":33,"enemies":"Giant Head","floor":47,"turns":7},{"damage":2,"enemies":"Jaw Worm Horde","floor":48,"turns":3},{"damage":67,"enemies":"Time Eater","floor":50,"turns":6}],"seed_played":"190031787808266889","potions_obtained":[{"floor":3,"key":"Ancient Potion"},{"floor":7,"key":"LiquidBronze"},{"floor":11,"key":"SteroidPotion"},{"floor":12,"key":"PowerPotion"},{"floor":13,"key":"Poison Potion"},{"floor":17,"key":"FocusPotion"},{"floor":20,"key":"Weak Potion"},{"floor":28,"key":"Strength Potion"},{"floor":33,"key":"SpeedPotion"},{"floor":37,"key":"Explosive Potion"},{"floor":47,"key":"FearPotion"}],"is_trial":false,"path_per_floor":["M","?","M","?","M","R","M","R","T","R","E","M","M","$","R","B",null,"M","M","M","M","$","R","E","?","T","R","?","M","R","M","R","B",null,"M","$","?","M","?","R","E","R","T","$","E","M","E","M","R","B"],"character_chosen":"DEFECT","items_purchased":["Membership Card","BootSequence","Defragment","Oddly Smooth Stone","Chill","PrismaticShard","PreservedInsect","Double Energy","Streamline","Core Surge","ClockworkSouvenir"],"campfire_rested":2,"item_purchase_floors":[14,14,22,22,22,22,36,36,36,44,44],"current_hp_per_floor":[89,89,87,87,87,87,77,77,77,77,63,63,62,62,62,44,94,94,93,77,57,57,57,1,32,32,32,32,27,55,55,55,18,94,94,94,90,90,90,90,81,81,81,81,70,70,37,35,63,0],"gold":140,"neow_bonus":"TWENTY_PERCENT_HP_BONUS","is_prod":false,"is_daily":false,"chose_seed":false,"campfire_upgraded":8,"win_rate":0,"timestamp":1567105707,"path_taken":["M","?","M","?","M","R","M","R","T","R","E","M","M","$","R","BOSS","M","M","M","M","$","R","E","?","T","R","?","M","R","M","R","BOSS","M","$","?","M","?","R","E","R","T","$","E","M","E","M","R","BOSS"],"build_version":"2019-07-17","purchased_purges":3,"victory":false,"max_hp_per_floor":[89,89,89,89,89,89,89,89,89,89,89,89,89,89,89,89,94,94,94,94,94,94,94,94,94,94,94,94,94,94,94,94,94,94,94,94,94,94,94,94,94,94,94,94,94,94,94,94,94,94],"card_choices":[{"not_picked":["Barrage","Streamline"],"picked":"Cold Snap","floor":1},{"not_picked":["Barrage","Gash"],"picked":"Auto Shields","floor":3},{"not_picked":["Beam Cell","Conserve Battery","Compile Driver"],"picked":"SKIP","floor":5},{"not_picked":["Leap","Rebound"],"picked":"Seek","floor":7},{"not_picked":["Aggregate","Cold Snap"],"picked":"Hologram","floor":11},{"not_picked":["Leap","Go for the Eyes","Conserve Battery"],"picked":"SKIP","floor":12},{"not_picked":["Doom and Gloom","Barrage"],"picked":"Melter","floor":13},{"not_picked":["Buffer","All For One"],"picked":"Electrodynamics","floor":16},{"not_picked":["Rip and Tear","Turbo"],"picked":"Gash","floor":17},{"not_picked":["Blizzard","Turbo"],"picked":"Glacier","floor":18},{"not_picked":["Turbo","Redo+1"],"picked":"Beam Cell+1","floor":19},{"not_picked":["Chill","Steam"],"picked":"Coolheaded+1","floor":20},{"not_picked":["Leap+1","Coolheaded","Rebound"],"picked":"SKIP","floor":21},{"not_picked":["Aggregate","Sucker Punch","Rebound"],"picked":"SKIP","floor":24},{"not_picked":["Warcry","Hyperbeam"],"picked":"Gash","floor":28},{"not_picked":["Deadly Poison","Double Energy"],"picked":"Tempest+1","floor":29},{"not_picked":["Double Energy","Purity"],"picked":"Shrug It Off+1","floor":31},{"not_picked":["Seek","Chrysalis"],"picked":"Reboot","floor":33},{"not_picked":["Rebound","Finisher"],"picked":"Acrobatics+1","floor":35},{"not_picked":["Sweeping Beam","Setup+1","Sword Boomerang+1"],"picked":"SKIP","floor":38},{"not_picked":["Hologram+1","Ball Lightning"],"picked":"Pommel Strike+1","floor":41},{"not_picked":["Quick Slash+1","Impatience+1","Blade Dance+1"],"picked":"SKIP","floor":45},{"not_picked":["Rage+1","BootSequence"],"picked":"Intimidate","floor":46},{"not_picked":["Headbutt","Cloak And Dagger"],"picked":"Noxious Fumes+1","floor":47},{"not_picked":["Dodge and Roll+1","Burning Pact+1","Blade Dance"],"picked":"SKIP","floor":48}],"player_experience":254468,"relics_obtained":[{"floor":9,"key":"Blue Candle"},{"floor":11,"key":"Vajra"},{"floor":24,"key":"Mercury Hourglass"},{"floor":26,"key":"Frozen Egg 2"},{"floor":28,"key":"Red Mask"},{"floor":37,"key":"Pocketwatch"},{"floor":41,"key":"Lantern"},{"floor":45,"key":"Gremlin Horn"},{"floor":47,"key":"Juzu Bracelet"}],"event_choices":[{"damage_healed":0,"gold_gain":0,"player_choice":"Grow","damage_taken":0,"max_hp_gain":0,"max_hp_loss":0,"event_name":"Living Wall","floor":2,"gold_loss":0,"cards_upgraded":["Zap"]},{"damage_healed":0,"gold_gain":175,"player_choice":"AGREE","damage_taken":0,"max_hp_gain":0,"max_hp_loss":0,"event_name":"Liars Game","floor":4,"gold_loss":0,"cards_obtained":["Doubt"]},{"damage_healed":31,"gold_gain":0,"player_choice":"Heal","damage_taken":0,"max_hp_gain":0,"max_hp_loss":0,"event_name":"The Library","floor":25,"gold_loss":0},{"damage_healed":0,"gold_gain":0,"player_choice":"Fought Bandits","damage_taken":0,"max_hp_gain":0,"max_hp_loss":0,"event_name":"Masked Bandits","floor":28,"gold_loss":0},{"damage_healed":0,"gold_gain":0,"player_choice":"Fight","damage_taken":0,"max_hp_gain":0,"max_hp_loss":0,"event_name":"Mysterious Sphere","floor":37,"gold_loss":0},{"cards_removed":["Double Energy"],"damage_healed":0,"gold_gain":0,"player_choice":"Removed Skill","damage_taken":0,"max_hp_gain":0,"max_hp_loss":0,"event_name":"Falling","floor":39,"gold_loss":0}],"is_beta":false,"boss_relics":[{"not_picked":["Runic Dome","Busted Crown"],"picked":"Tiny House"},{"not_picked":["Lizard Tail","Coffee Dripper"],"picked":"Philosopher\u0027s Stone"}],"items_purged_floors":[14,36,44],"is_endless":false,"potions_floor_spawned":[3,7,11,12,13,20,28,33,37,45,47,48],"killed_by":"Time Eater","ascension_level":4}