{"gold_per_floor":[119,119,119,119,44,72,86,86,86,86,100,134,150,163,163,258,258,277,292,46,56,56,56,68,86,86,86],"floor_reached":27,"playtime":7277,"items_purged":["Defend_B","Defend_B"],"score":388,"play_id":"04e4a2db-8ae9-4617-ba5c-3da3494c6ff5","local_time":"20181230232710","is_ascension_mode":true,"campfire_choices":[{"data":"Zap","floor":8,"key":"SMITH"},{"data":"Barrage","floor":10,"key":"SMITH"},{"data":"Creative AI","floor":15,"key":"SMITH"},{"floor":23,"key":"REST"}],"neow_cost":"NONE","seed_source_timestamp":860029759814802,"circlet_count":0,"master_deck":["AscendersBane","Strike_B","Strike_B+1","Strike_B","Defend_B","Defend_B+1","Zap+1","Dualcast","BootSequence","Barrage+1","Coolheaded","White Noise","Glacier","Creative AI+1","Echo Form","Conserve Battery","Coolheaded","Force Field","Chill","Leap+1"],"relics":["Cracked Core","NeowsBlessing","Juzu Bracelet","Happy Flower","Omamori","Turnip","Cursed Key","DataDisk"],"potions_floor_usage":[16,16,19,21,25],"damage_taken":[{"damage":0,"enemies":"Jaw Worm","floor":1,"turns":1},{"damage":0,"enemies":"Gremlin Nob","floor":6,"turns":1},{"damage":0,"enemies":"Small Slimes","floor":7,"turns":1},{"damage":1,"enemies":"2 Louse","floor":11,"turns":3},{"damage":16,"enemies":"3 Sentries","floor":12,"turns":7},{"damage":1,"enemies":"Exordium Thugs","floor":13,"turns":4},{"damage":4,"enemies":"Exordium Wildlife","floor":14,"turns":4},{"damage":27,"enemies":"The Guardian","floor":16,"turns":11},{"damage":23,"enemies":"3 Byrds","floor":18,"turns":4},{"damage":3,"enemies":"Shell Parasite","floor":19,"turns":5},{"damage":0,"enemies":"Cultist and Chosen","floor":21,"turns":9},{"damage":8,"enemies":"Colosseum Slavers","floor":22,"turns":6},{"damage":6,"enemies":"Chosen and Byrds","floor":24,"turns":7},{"damage":31,"enemies":"Shelled Parasite and Fungi","floor":25,"turns":6},{"damage":11,"enemies":"3 Cultists","floor":27,"turns":7}],"seed_played":"5782340706933927770","potions_obtained":[{"floor":1,"key":"GamblersBrew"},{"floor":14,"key":"Regen Potion"},{"floor":16,"key":"Block Potion"},{"floor":18,"key":"Swift Potion"},{"floor":21,"key":"Fire Potion"}],"is_trial":false,"path_per_floor":["M","?","?","?","$","E","M","R","T","R","M","E","M","M","R","B",null,"M","M","$","M","?","R","M","M","T","M"],"character_chosen":"DEFECT","items_purchased":["DataDisk"],"campfire_rested":1,"item_purchase_floors":[20],"current_hp_per_floor":[68,56,41,41,41,41,41,41,41,41,40,24,23,19,19,7,58,35,32,32,32,24,46,40,9,9,0],"gold":86,"neow_bonus":"THREE_ENEMY_KILL","is_prod":false,"is_daily":false,"chose_seed":false,"campfire_upgraded":3,"win_rate":0,"timestamp":1546208830,"path_taken":["M","?","?","?","$","E","M","R","T","R","M","E","M","M","R","BOSS","M","M","$","M","?","R","M","M","T","M"],"build_version":"2018-12-20","purchased_purges":2,"victory":false,"max_hp_per_floor":[75,75,75,75,75,75,75,75,75,75,75,75,75,75,75,75,75,75,75,75,75,75,75,75,75,75,75],"card_choices":[{"not_picked":["Redo","Leap"],"picked":"BootSequence","floor":1},{"not_picked":["Stack","Beam Cell"],"picked":"Barrage","floor":6},{"not_picked":["Glacier","Recycle"],"picked":"Coolheaded","floor":7},{"not_picked":["Rebound","Coolheaded"],"picked":"White Noise","floor":11},{"not_picked":["Sunder","Force Field"],"picked":"Glacier","floor":12},{"not_picked":["White Noise","Gash"],"picked":"Creative AI","floor":13},{"not_picked":["Streamline","Stack","Gash"],"picked":"SKIP","floor":14},{"not_picked":["Thunder Strike","Machine Learning"],"picked":"Echo Form","floor":16},{"not_picked":["Ball Lightning","Scrape"],"picked":"Conserve Battery","floor":18},{"not_picked":["Redo","Stack"],"picked":"Coolheaded","floor":19},{"not_picked":["Reprogram+1","Go for the Eyes"],"picked":"Force Field","floor":21},{"not_picked":["Darkness","Rip and Tear"],"picked":"Chill","floor":24},{"not_picked":["Reinforced Body","Rebound"],"picked":"Leap+1","floor":25}],"player_experience":409474,"relics_obtained":[{"floor":6,"key":"Happy Flower"},{"floor":9,"key":"Omamori"},{"floor":12,"key":"Turnip"}],"event_choices":[{"damage_healed":0,"gold_gain":0,"player_choice":"Success","damage_taken":12,"relics_obtained":["Juzu Bracelet"],"max_hp_gain":0,"max_hp_loss":0,"event_name":"Scrap Ooze","floor":2,"gold_loss":0},{"damage_healed":0,"gold_gain":0,"player_choice":"Entered Light","damage_taken":15,"max_hp_gain":0,"max_hp_loss":0,"event_name":"Shining Light","floor":3,"gold_loss":0,"cards_upgraded":["Strike_B","Defend_B"]},{"cards_removed":["Strike_B"],"damage_healed":0,"gold_gain":0,"player_choice":"Forget","damage_taken":0,"max_hp_gain":0,"max_hp_loss":0,"event_name":"Living Wall","floor":4,"gold_loss":0},{"damage_healed":0,"gold_gain":0,"player_choice":"Fight","damage_taken":0,"max_hp_gain":0,"max_hp_loss":0,"event_name":"Colosseum","floor":22,"gold_loss":0},{"damage_healed":0,"gold_gain":0,"player_choice":"Fled From Nobs","damage_taken":0,"max_hp_gain":0,"max_hp_loss":0,"event_name":"Colosseum","floor":22,"gold_loss":0}],"is_beta":false,"boss_relics":[{"not_picked":["Coffee Dripper","Astrolabe"],"picked":"Cursed Key"}],"items_purged_floors":[5,20],"is_endless":false,"potions_floor_spawned":[1,14,16,18,21,22],"killed_by":"3 Cultists","ascension_level":11}