{"gold_per_floor":[213,213,213,21,41,41,112,112,135,147,159,186,168,218,230,332,344,376,413,439,471,483,495,521,567,630,666,678,705,108,126,126,219,219,239,6,6,22,42,42,65,99,123,123,148,182,307,332,332,332],"floor_reached":51,"playtime":4855,"items_purged":["Defend_G","Defend_G","Defend_G"],"score":1456,"play_id":"d8600b76-a93c-4fe3-8618-ba8cf331e518","local_time":"20190113191037","is_ascension_mode":true,"campfire_choices":[{"data":"Footwork","floor":6,"key":"SMITH"},{"data":"Neutralize","floor":8,"key":"SMITH"},{"data":"Blur","floor":10,"key":"SMITH"},{"data":"Tools of the Trade","floor":15,"key":"SMITH"},{"floor":23,"key":"REST"},{"floor":28,"key":"REST"},{"floor":32,"key":"REST"},{"floor":40,"key":"REST"},{"floor":44,"key":"REST"},{"floor":49,"key":"REST"}],"neow_cost":"NONE","seed_source_timestamp":56933525758454,"circlet_count":0,"master_deck":["AscendersBane","Defend_G+1","Defend_G","Strike_G+1","Strike_G+1","Survivor","Neutralize+1","Escape Plan+1","Footwork+1","Blur+1","Tools of the Trade+1","Terror","Well Laid Plans","Adrenaline","Cloak And Dagger","Dodge and Roll","A Thousand Cuts","Underhanded Strike","Backstab","Leg Sweep","Dash","Master of Strategy","Accuracy","Footwork+1","Accuracy","Envenom","Infinite Blades","Dodge and Roll","Finisher","Blade Dance","Deflect","Blade Dance","Backflip+1","Escape Plan","PiercingWail+1"],"relics":["Ring of the Snake","Golden Idol","Letter Opener","MawBank","War Paint","Fusion Hammer","Whetstone","Art of War","DollysMirror","Philosopher\u0027s Stone","Centennial Puzzle","Oddly Smooth Stone","Blood Vial","Mango"],"potions_floor_usage":[14,20,24,25,35,41,42],"damage_taken":[{"damage":0,"enemies":"Small Slimes","floor":1,"turns":3},{"damage":1,"enemies":"Jaw Worm","floor":5,"turns":8},{"damage":0,"enemies":"2 Louse","floor":12,"turns":4},{"damage":11,"enemies":"Exordium Thugs","floor":13,"turns":7},{"damage":9,"enemies":"Lagavulin","floor":14,"turns":10},{"damage":7,"enemies":"The Guardian","floor":16,"turns":15},{"damage":0,"enemies":"Shell Parasite","floor":18,"turns":7},{"damage":0,"enemies":"Spheric Guardian","floor":19,"turns":8},{"damage":0,"enemies":"Snecko","floor":20,"turns":7},{"damage":2,"enemies":"Sentry and Sphere","floor":21,"turns":12},{"damage":3,"enemies":"Centurion and Healer","floor":24,"turns":8},{"damage":0,"enemies":"Slavers","floor":25,"turns":6},{"damage":3,"enemies":"Snecko","floor":27,"turns":7},{"damage":18,"enemies":"Snake Plant","floor":29,"turns":6},{"damage":4,"enemies":"Chosen and Byrds","floor":31,"turns":4},{"damage":0,"enemies":"Automaton","floor":33,"turns":18},{"damage":18,"enemies":"3 Darklings","floor":35,"turns":6},{"damage":0,"enemies":"3 Shapes","floor":38,"turns":5},{"damage":13,"enemies":"Transient","floor":39,"turns":5},{"damage":2,"enemies":"3 Darklings","floor":41,"turns":5},{"damage":13,"enemies":"Reptomancer","floor":42,"turns":6},{"damage":0,"enemies":"Maw","floor":45,"turns":7},{"damage":0,"enemies":"Nemesis","floor":46,"turns":5},{"damage":5,"enemies":"Mind Bloom Boss Battle","floor":47,"turns":5},{"damage":6,"enemies":"4 Shapes","floor":48,"turns":4},{"damage":26,"enemies":"Donu and Deca","floor":50,"turns":10}],"seed_played":"7039100996882937570","potions_obtained":[{"floor":5,"key":"Weak Potion"},{"floor":12,"key":"Ancient Potion"},{"floor":18,"key":"Poison Potion"},{"floor":20,"key":"Block Potion"},{"floor":27,"key":"SmokeBomb"},{"floor":29,"key":"Energy Potion"},{"floor":35,"key":"Swift Potion"},{"floor":41,"key":"Swift Potion"},{"floor":42,"key":"GhostInAJar"},{"floor":47,"key":"SteroidPotion"}],"is_trial":false,"path_per_floor":["M","?","?","$","M","R","T","R","T","R","?","M","M","E","R","B",null,"M","M","M","M","$","R","M","E","T","M","R","M","$","M","R","B",null,"M","$","?","M","M","R","M","E","T","R","M","E","?","M","R","B",null],"character_chosen":"THE_SILENT","items_purchased":["Footwork","Blur","Master of Strategy","Accuracy","DollysMirror","Infinite Blades","Dodge and Roll"],"campfire_rested":6,"item_purchase_floors":[4,4,30,30,30,36,36],"current_hp_per_floor":[59,59,52,52,51,51,51,51,51,51,51,51,40,31,31,24,51,51,51,51,49,49,60,57,57,57,54,60,42,42,38,56,56,59,41,41,41,41,28,46,44,31,31,49,49,49,60,56,74,48],"gold":332,"neow_bonus":"HUNDRED_GOLD","is_prod":false,"is_daily":false,"chose_seed":false,"campfire_upgraded":4,"win_rate":0,"timestamp":1547403037,"path_taken":["M","?","?","$","M","R","?","R","T","R","?","?","M","E","R","BOSS","M","?","M","M","$","R","M","E","T","M","R","M","$","M","R","BOSS","M","$","?","M","M","R","?","E","T","R","M","E","?","M","R","BOSS"],"build_version":"2019-01-10","purchased_purges":3,"victory":true,"max_hp_per_floor":[66,60,60,60,60,60,60,60,60,60,60,60,60,60,60,60,60,60,60,60,60,60,60,60,60,60,60,60,60,60,60,60,60,60,60,60,60,60,60,60,60,60,60,60,60,60,74,74,74,74],"card_choices":[{"not_picked":["Outmaneuver","Acrobatics"],"picked":"Escape Plan","floor":1},{"not_picked":["Dagger Throw","Blade Dance","Sucker Punch"],"picked":"SKIP","floor":5},{"not_picked":["Eviscerate","Dagger Spray"],"picked":"Tools of the Trade","floor":12},{"not_picked":["Blade Dance","Backflip"],"picked":"Terror","floor":13},{"not_picked":["Skewer","Deadly Poison"],"picked":"Well Laid Plans","floor":14},{"not_picked":["Storm of Steel","Wraith Form v2"],"picked":"Adrenaline","floor":16},{"not_picked":["All Out Attack","Accuracy"],"picked":"Cloak And Dagger","floor":18},{"not_picked":["Distraction","PiercingWail"],"picked":"Dodge and Roll","floor":19},{"not_picked":["Terror","Tactician"],"picked":"A Thousand Cuts","floor":20},{"not_picked":["Sucker Punch","Terror"],"picked":"Underhanded Strike","floor":21},{"not_picked":["Quick Slash","Outmaneuver","Deflect"],"picked":"SKIP","floor":24},{"not_picked":["Setup","Quick Slash"],"picked":"Backstab","floor":25},{"not_picked":["Catalyst","Concentrate"],"picked":"Leg Sweep","floor":27},{"not_picked":["Glass Knife","Eviscerate"],"picked":"Dash","floor":29},{"not_picked":["Skewer","Underhanded Strike"],"picked":"Accuracy","floor":31},{"not_picked":["Venomology","Bullet Time"],"picked":"Envenom","floor":33},{"not_picked":["Deflect","Dagger Throw","Deadly Poison"],"picked":"SKIP","floor":35},{"not_picked":["Deadly Poison+1","Dagger Throw"],"picked":"Blade Dance","floor":38},{"not_picked":["Unload","Flying Knee"],"picked":"Deflect","floor":39},{"not_picked":["Dodge and Roll","Sucker Punch"],"picked":"Blade Dance","floor":41},{"not_picked":["Dash","Dagger Spray","Dagger Throw"],"picked":"SKIP","floor":42},{"not_picked":["Bouncing Flask+1","Deadly Poison"],"picked":"Backflip+1","floor":45},{"not_picked":["Reflex","Heel Hook","Bane"],"picked":"SKIP","floor":46},{"not_picked":["Backstab","Expertise"],"picked":"Escape Plan","floor":47},{"not_picked":["Deadly Poison","Dodge and Roll"],"picked":"PiercingWail+1","floor":48}],"player_experience":520722,"relics_obtained":[{"floor":7,"key":"Letter Opener"},{"floor":9,"key":"MawBank"},{"floor":14,"key":"War Paint"},{"floor":25,"key":"Whetstone"},{"floor":26,"key":"Art of War"},{"floor":42,"key":"Centennial Puzzle"},{"floor":43,"key":"Oddly Smooth Stone"},{"floor":46,"key":"Blood Vial"},{"floor":47,"key":"Mango"}],"event_choices":[{"damage_healed":0,"gold_gain":0,"player_choice":"Lose Max HP","damage_taken":0,"relics_obtained":["Golden Idol"],"max_hp_gain":0,"max_hp_loss":6,"event_name":"Golden Idol","floor":2,"gold_loss":0},{"cards_removed":["Strike_G"],"damage_healed":0,"gold_gain":0,"player_choice":"Card Removal","damage_taken":7,"max_hp_gain":0,"max_hp_loss":0,"event_name":"Golden Wing","floor":3,"gold_loss":0},{"cards_removed":["Strike_G"],"damage_healed":0,"gold_gain":0,"player_choice":"Offered Basic","damage_taken":0,"max_hp_gain":0,"max_hp_loss":0,"event_name":"Bonfire Elementals","floor":11,"gold_loss":0},{"damage_healed":0,"gold_gain":0,"cards_transformed":["Strike_G"],"player_choice":"Transformed","damage_taken":0,"max_hp_gain":0,"max_hp_loss":0,"event_name":"Transmorgrifier","floor":37,"gold_loss":0,"cards_obtained":["Finisher"]},{"damage_healed":0,"gold_gain":0,"player_choice":"Fight","damage_taken":0,"max_hp_gain":0,"max_hp_loss":0,"event_name":"MindBloom","floor":47,"gold_loss":0}],"is_beta":false,"boss_relics":[{"not_picked":["Black Star","Ectoplasm"],"picked":"Fusion Hammer"},{"not_picked":["Calling Bell","Coffee Dripper"],"picked":"Philosopher\u0027s Stone"}],"items_purged_floors":[4,30,36],"is_endless":false,"potions_floor_spawned":[5,12,18,20,27,29,35,41,42,47],"ascension_level":16}