{"path_per_floor":["M","?","M","$","M","E","R","E","T","?","$","M","E","M","R","B",null,"M","$","?","M","?","R","M","?","T","R","M","M","E","M","R"],"character_chosen":"THE_SILENT","items_purchased":["Sucker Punch","Calculated Gamble","Bane","Finisher"],"gold_per_floor":[117,117,136,13,26,54,54,88,88,88,48,61,86,106,106,209,209,227,22,22,41,41,41,54,54,77,77,96,115,146,160,160],"floor_reached":33,"campfire_rested":3,"playtime":2925,"current_hp_per_floor":[70,70,69,69,69,54,54,38,38,35,35,51,46,45,45,10,70,69,69,49,39,23,37,18,18,18,32,44,49,34,7,36],"items_purged":["Strike_G","Defend_G"],"gold":160,"play_id":"cb3d3ede-6022-45a9-814d-e5600ed75bbe","is_prod":false,"is_daily":false,"is_ascension_mode":false,"campfire_upgraded":2,"path_taken":["M","?","M","$","M","E","R","E","T","?","$","M","E","M","R","BOSS","M","$","?","M","?","R","M","?","T","R","?","M","E","M","R","BOSS"],"build_version":"2018-02-01-PROD3","purchased_purges":2,"victory":false,"master_deck":["Defend_G","Defend_G","Defend_G","Defend_G","Survivor","Neutralize+1","Flying Knee","All Out Attack","Sucker Punch","Noxious Fumes+1","Prepared","Backflip","Calculated Gamble","Bane","Choke+1","Bane","Unload","Bane","Finisher","Bite","Bite","Bite","Bite","Bite","Noxious Fumes+1","Necronomicurse","Dash+1","Backflip+1","Die Die Die"],"max_hp_per_floor":[70,70,70,70,70,70,70,70,70,70,70,70,70,70,70,70,70,70,70,49,49,49,49,49,49,49,49,49,49,49,49,49],"relics":["Ring of the Snake","Oddly Smooth Stone","Toolbox","Torii","Bird Faced Urn","Ninja Scroll","Black Star","Necronomicon","Ancient Tea Set","Juzu Bracelet","Regal Pillow"],"card_choices":[{"not_picked":["Sucker Punch","Dagger Spray"],"picked":"Flying Knee"},{"not_picked":["Blur","Envenom"],"picked":"All Out Attack"},{"not_picked":["Well Laid Plans","Infinite Blades"],"picked":"Noxious Fumes"},{"not_picked":["PiercingWail","Tools of the Trade"],"picked":"Prepared"},{"not_picked":["Slice","Predator"],"picked":"Backflip"},{"not_picked":["Quick Slash","Poisoned Stab"],"picked":"Bane"},{"not_picked":["Escape Plan","Outmaneuver"],"picked":"Choke"},{"not_picked":["Dagger Spray","Terror"],"picked":"Bane"},{"not_picked":["Phantasmal Killer","Venomology"],"picked":"Unload"},{"not_picked":["Riddle With Holes","Blur"],"picked":"Noxious Fumes"},{"not_picked":["Riddle With Holes","Slice"],"picked":"Dash"},{"not_picked":["PiercingWail","Prepared"],"picked":"Backflip"},{"not_picked":["Infinite Blades","Flying Knee"],"picked":"Die Die Die"}],"player_experience":41406,"potions_floor_usage":[12],"damage_taken":[{"damage":0,"enemies":"Cultist","floor":1,"turns":5},{"damage":1,"enemies":"Blue Slaver","floor":3,"turns":4},{"damage":0,"enemies":"2 Louse","floor":5,"turns":1},{"damage":15,"enemies":"Gremlin Nob","floor":6,"turns":5},{"damage":16,"enemies":"3 Sentries","floor":8,"turns":6},{"damage":1,"enemies":"Large Slime","floor":12,"turns":6},{"damage":7,"enemies":"Gremlin Nob","floor":13,"turns":5},{"damage":1,"enemies":"Looter","floor":14,"turns":2},{"damage":37,"enemies":"The Guardian","floor":16,"turns":8},{"damage":1,"enemies":"Shell Parasite","floor":18,"turns":3},{"damage":10,"enemies":"Spheric Guardian","floor":21,"turns":3},{"damage":27,"enemies":"Slaver and Parasite","floor":24,"turns":6},{"damage":0,"enemies":"3 Cultists","floor":28,"turns":4},{"damage":0,"enemies":"Centurion and Healer","floor":29,"turns":3},{"damage":19,"enemies":"Gremlin Leader","floor":30,"turns":5},{"damage":33,"enemies":"Slaver and Parasite","floor":31,"turns":6},{"damage":44,"enemies":"Collector","floor":33,"turns":3}],"event_choices":[{"event_name":"The Lab","player_choice":"Got Potions","floor":2,"damage_taken":0},{"event_name":"Scrap Ooze","player_choice":"success","floor":10,"damage_taken":3},{"event_name":"Vampires","player_choice":"Became a vampire","floor":20,"damage_taken":0},{"event_name":"Cursed Tome","player_choice":"Obtained Book","floor":22,"damage_taken":0},{"event_name":"The Woman in Blue","player_choice":"Bought 0 Potions","floor":25,"damage_taken":0}],"boss_relics":[{"not_picked":["Philosopher\u0027s Stone","Question Card"],"picked":"Black Star"}],"potions_floor_spawned":[5,8,12,14,21,28,29,30],"seed_played":"-5498761571028939070","killed_by":"Collector","ascension_level":0,"is_trial":false}