{"gold_per_floor":[116,5,5,5,17,17,34,34,80,100,130,130,8,23,23,96,96,114,60,80,80,97,97],"floor_reached":23,"playtime":1207,"items_purged":["Normality","Strike_B"],"score":325,"play_id":"f4a20c3c-ca83-4014-baf1-2480f2fcf2bd","local_time":"20190105001057","is_ascension_mode":true,"campfire_choices":[{"data":"Loop","floor":6.0,"key":"SMITH"},{"data":"Go for the Eyes","floor":8.0,"key":"SMITH"},{"floor":12.0,"key":"REST"},{"floor":15.0,"key":"REST"}],"neow_cost":"CURSE","seed_source_timestamp":0,"circlet_count":0,"master_deck":["AscendersBane","Zap+1","Dualcast","Seek","Turbo","Loop+1","Go for the Eyes+1","Chill","Hologram","Creative AI","Hello World","Electrodynamics","Machine Learning","Defragment","Skim","Self Repair","Consume","Stack","Coolheaded","Conserve Battery","Go for the Eyes"],"special_seed":0,"relics":["Cracked Core","Lantern","Happy Flower","Pandora\u0027s Box"],"potions_floor_usage":[22,23],"damage_taken":[{"damage":1.0,"enemies":"Cultist","floor":1.0,"turns":4.0},{"damage":3.0,"enemies":"2 Louse","floor":5.0,"turns":3.0},{"damage":2.0,"enemies":"Jaw Worm","floor":7.0,"turns":4.0},{"damage":20.0,"enemies":"Exordium Wildlife","floor":10.0,"turns":5.0},{"damage":23.0,"enemies":"Gremlin Nob","floor":11.0,"turns":4.0},{"damage":2.0,"enemies":"Lots of Slimes","floor":14.0,"turns":5.0},{"damage":49.0,"enemies":"Hexaghost","floor":16.0,"turns":12.0},{"damage":25,"enemies":"Spheric Guardian","floor":18,"turns":4},{"damage":4,"enemies":"Chosen","floor":20,"turns":3},{"damage":25,"enemies":"Shelled Parasite and Fungi","floor":22,"turns":6},{"damage":11,"enemies":"Gremlin Leader","floor":23,"turns":1}],"seed_played":"3057944893195951556","potions_obtained":[{"floor":7.0,"key":"PowerPotion"},{"floor":11.0,"key":"EssenceOfSteel"},{"floor":16.0,"key":"EssenceOfSteel"},{"floor":22,"key":"SkillPotion"}],"is_trial":false,"path_per_floor":["M","$","?","?","M","R","M","R","T","M","E","R","$","M","R","B",null,"M","$","M","?","M","E"],"character_chosen":"DEFECT","items_purchased":["Loop","Hologram","Coolheaded"],"campfire_rested":2,"item_purchase_floors":[2,13,19],"current_hp_per_floor":[63,63,63,63,60,60,58,58,58,38,15,36,36,34,55,6,55,37,37,40,27,9,0],"gold":97,"neow_bonus":"THREE_RARE_CARDS","is_prod":false,"is_daily":false,"chose_seed":false,"campfire_upgraded":2,"win_rate":0,"timestamp":1546643457,"path_taken":["M","$","?","?","M","R","M","R","T","M","E","R","$","M","R","BOSS","M","$","M","?","M","E"],"build_version":"2019-01-03v4","purchased_purges":2,"victory":false,"max_hp_per_floor":[71,71,71,71,71,71,71,71,71,71,71,71,71,71,71,71,71,71,71,71,76,76,76],"card_choices":[{"not_picked":["Core Surge","Multi-Cast"],"picked":"Seek","floor":0.0},{"not_picked":["Hologram","Gash"],"picked":"Turbo","floor":1.0},{"not_picked":["Compile Driver","Leap"],"picked":"Go for the Eyes","floor":5.0},{"not_picked":["Thunder Strike","Redo","Rebound"],"picked":"SKIP","floor":7.0},{"not_picked":["Rebound","Genetic Algorithm"],"picked":"Chill","floor":10.0},{"not_picked":["Beam Cell","Heatsinks","Turbo"],"picked":"SKIP","floor":11.0},{"not_picked":["Turbo","Stack","Genetic Algorithm"],"picked":"SKIP","floor":14.0},{"not_picked":["Buffer","Amplify"],"picked":"Creative AI","floor":16.0},{"not_picked":["Lockon","Redo"],"picked":"Stack","floor":18},{"not_picked":["Go for the Eyes","Steam"],"picked":"Conserve Battery","floor":20},{"not_picked":["Skim","Fusion"],"picked":"Go for the Eyes","floor":22}],"player_experience":452104,"relics_obtained":[{"floor":9.0,"key":"Lantern"},{"floor":11.0,"key":"Happy Flower"}],"event_choices":[{"damage_healed":0.0,"max_hp_gain":0.0,"max_hp_loss":0.0,"gold_gain":0.0,"event_name":"The Cleric","player_choice":"Leave","floor":3.0,"gold_loss":0.0,"damage_taken":0.0},{"damage_healed":0.0,"max_hp_gain":0.0,"max_hp_loss":0.0,"gold_gain":0.0,"event_name":"Living Wall","player_choice":"Grow","floor":4.0,"gold_loss":0.0,"damage_taken":0.0,"cards_upgraded":["Zap"]},{"damage_healed":0,"gold_gain":0,"player_choice":"Shed Blood","damage_taken":18,"max_hp_gain":5,"max_hp_loss":0,"event_name":"Forgotten Altar","floor":21,"gold_loss":0}],"is_beta":false,"boss_relics":[{"not_picked":["Snecko Eye","Tiny House"],"picked":"Pandora\u0027s Box"}],"items_purged_floors":[2,13],"is_endless":false,"potions_floor_spawned":[7,11,16,22],"killed_by":"Gremlin Leader","ascension_level":14}