{"gold_per_floor":[110,110,130,145,165,165,196,196,196,196,196,196,156,179,179,309,309,332,357,456,456,471,471,320,351,351,385,385,420,420,420,420,420],"floor_reached":33,"playtime":1347,"items_purged":["Strike_B"],"score":391,"play_id":"c7f979b8-e407-42a3-87aa-d73579381409","local_time":"20190830231311","is_ascension_mode":true,"campfire_choices":[{"data":"Hyperbeam","floor":6,"key":"SMITH"},{"data":"Chill","floor":8,"key":"SMITH"},{"data":"Double Energy","floor":12,"key":"SMITH"},{"data":"Meteor Strike","floor":15,"key":"SMITH"},{"data":"Meteor Strike","floor":23,"key":"SMITH"},{"floor":28,"key":"REST"},{"data":"Genetic Algorithm","floor":30,"key":"SMITH"},{"data":"Fusion","floor":32,"key":"SMITH"}],"neow_cost":"NONE","seed_source_timestamp":17221783243296,"circlet_count":0,"master_deck":["Strike_B","Defend_B","Defend_B","Defend_B+1","Defend_B","Zap+1","Dualcast","Meteor Strike+1","Chill+1","Turbo","Double Energy+1","Hyperbeam+1","Rebound","Meteor Strike+1","Melter","Conserve Battery","Undo","Genetic Algorithm+1","Fusion+1"],"relics":["Cracked Core","Potion Belt","DataDisk","Golden Idol","Philosopher\u0027s Stone","Pantograph","PreservedInsect","War Paint","Singing Bowl"],"potions_floor_usage":[7,14,18,25,25,25,25,27,33],"damage_taken":[{"damage":5,"enemies":"Small Slimes","floor":1,"turns":3},{"damage":2,"enemies":"2 Louse","floor":3,"turns":3},{"damage":0,"enemies":"Cultist","floor":4,"turns":3},{"damage":8,"enemies":"2 Fungi Beasts","floor":5,"turns":4},{"damage":18,"enemies":"Gremlin Nob","floor":7,"turns":3},{"damage":0,"enemies":"Looter","floor":14,"turns":1},{"damage":43,"enemies":"The Guardian","floor":16,"turns":9},{"damage":6,"enemies":"Chosen","floor":18,"turns":4},{"damage":8,"enemies":"2 Thieves","floor":19,"turns":3},{"damage":0,"enemies":"Chosen and Byrds","floor":22,"turns":4},{"damage":56,"enemies":"Book of Stabbing","floor":25,"turns":7},{"damage":8,"enemies":"Slavers","floor":27,"turns":4},{"damage":0,"enemies":"Gremlin Leader","floor":29,"turns":4},{"damage":76,"enemies":"Collector","floor":33,"turns":6}],"seed_played":"-7050343564912431961","potions_obtained":[{"floor":1,"key":"GamblersBrew"},{"floor":3,"key":"Fire Potion"},{"floor":5,"key":"SkillPotion"},{"floor":13,"key":"Dexterity Potion"},{"floor":13,"key":"Explosive Potion"},{"floor":13,"key":"EssenceOfSteel"},{"floor":14,"key":"Weak Potion"},{"floor":18,"key":"Strength Potion"},{"floor":27,"key":"Swift Potion"}],"is_trial":false,"path_per_floor":["M","?","M","M","M","R","E","R","T","?","?","R","?","M","R","B",null,"M","M","?","?","M","R","$","E","T","E","R","E","R","?","R","B"],"character_chosen":"DEFECT","items_purchased":["Regen Potion"],"campfire_rested":1,"item_purchase_floors":[24],"current_hp_per_floor":[70,75,73,73,65,65,47,47,47,47,47,47,47,47,47,4,74,68,60,60,60,60,60,60,19,19,11,33,33,33,33,33,0],"gold":420,"neow_bonus":"ONE_RANDOM_RARE_CARD","is_prod":false,"is_daily":false,"chose_seed":false,"campfire_upgraded":7,"win_rate":0,"timestamp":1567199591,"path_taken":["M","?","M","M","M","R","E","R","T","?","?","R","?","?","R","BOSS","M","M","?","?","M","R","$","E","T","E","R","E","R","?","R","BOSS"],"build_version":"2019-07-17","purchased_purges":1,"victory":false,"max_hp_per_floor":[75,80,80,80,80,80,80,80,80,80,74,74,74,74,74,74,74,74,74,74,74,74,74,74,74,74,74,74,74,74,74,74,74],"card_choices":[{"not_picked":["Gash","Melter"],"picked":"Chill","floor":1},{"not_picked":["Redo","Gash"],"picked":"Turbo","floor":3},{"not_picked":["Static Discharge","Gash"],"picked":"Double Energy","floor":4},{"not_picked":["Steam","Doom and Gloom"],"picked":"Hyperbeam","floor":5},{"not_picked":["Go for the Eyes","Defragment"],"picked":"Rebound","floor":7},{"not_picked":["Leap","Turbo","FTL"],"picked":"SKIP","floor":14},{"not_picked":["Biased Cognition","All For One"],"picked":"Meteor Strike","floor":16},{"not_picked":["Defragment","Recycle"],"picked":"Melter","floor":18},{"not_picked":["Gash","Steam+1"],"picked":"Conserve Battery","floor":19},{"not_picked":["Redo","Lockon+1","Cold Snap+1"],"picked":"SKIP","floor":22},{"not_picked":["Reprogram","Storm","Leap"],"picked":"SKIP","floor":25},{"not_picked":["Go for the Eyes","Cold Snap+1"],"picked":"Genetic Algorithm","floor":27},{"not_picked":["Stack","BootSequence"],"picked":"Fusion","floor":29}],"player_experience":257250,"relics_obtained":[{"floor":7,"key":"Potion Belt"},{"floor":9,"key":"DataDisk"},{"floor":25,"key":"Pantograph"},{"floor":26,"key":"PreservedInsect"},{"floor":27,"key":"War Paint"},{"floor":29,"key":"Singing Bowl"}],"event_choices":[{"damage_healed":0,"gold_gain":0,"player_choice":"Donut","damage_taken":0,"max_hp_gain":5,"max_hp_loss":0,"event_name":"Big Fish","floor":2,"gold_loss":0},{"cards_removed":["Strike_B"],"damage_healed":0,"gold_gain":0,"player_choice":"Forget","damage_taken":0,"max_hp_gain":0,"max_hp_loss":0,"event_name":"Living Wall","floor":10,"gold_loss":0},{"damage_healed":0,"gold_gain":0,"player_choice":"Lose Max HP","damage_taken":0,"relics_obtained":["Golden Idol"],"max_hp_gain":0,"max_hp_loss":6,"event_name":"Golden Idol","floor":11,"gold_loss":0},{"damage_healed":0,"gold_gain":0,"player_choice":"Bought 3 Potions","damage_taken":0,"max_hp_gain":0,"max_hp_loss":0,"event_name":"The Woman in Blue","floor":13,"gold_loss":0},{"damage_healed":0,"gold_gain":99,"player_choice":"Stole From Cult","damage_taken":0,"max_hp_gain":0,"max_hp_loss":0,"event_name":"Nest","floor":20,"gold_loss":0},{"damage_healed":0,"gold_gain":0,"player_choice":"Read","damage_taken":0,"max_hp_gain":0,"max_hp_loss":0,"event_name":"The Library","floor":21,"gold_loss":0,"cards_obtained":["Undo"]},{"cards_removed":["Strike_B"],"damage_healed":0,"gold_gain":0,"player_choice":"Purged","damage_taken":0,"max_hp_gain":0,"max_hp_loss":0,"event_name":"Purifier","floor":31,"gold_loss":0}],"is_beta":false,"boss_relics":[{"not_picked":["Fusion Hammer","Black Star"],"picked":"Philosopher\u0027s Stone"}],"items_purged_floors":[24],"is_endless":false,"potions_floor_spawned":[1,3,5,14,16,18,27],"killed_by":"Collector","ascension_level":4}