{"gold_per_floor":[113,188,34,34,48,48,83,96,96,111,128,128,159,173,173,277,277,289,289,307,5,5,5,16,16],"floor_reached":25,"playtime":2483,"items_purged":["Strike_R","Writhe"],"score":262,"play_id":"772472f6-4656-4935-ad4b-5c18165465bf","local_time":"20191002105617","is_ascension_mode":true,"campfire_choices":[{"floor":6,"key":"RECALL"},{"data":"Shrug It Off","floor":12,"key":"SMITH"},{"data":"Bash","floor":15,"key":"SMITH"},{"data":"RitualDagger","floor":23,"key":"SMITH"}],"neow_cost":"NONE","seed_source_timestamp":1636331301761159,"circlet_count":0,"master_deck":["Strike_R","Strike_R","Strike_R","Defend_R","Defend_R","Defend_R","Defend_R","Bash+1","Cleave","Metallicize","Shrug It Off+1","Fire Breathing","Flex+1","Thunderclap","Shrug It Off+1","Warcry+1","Limit Break+1","Seeing Red+1","RitualDagger+1","Dropkick"],"relics":["Burning Blood","NeowsBlessing","Toxic Egg 2","Vajra","Eternal Feather","Centennial Puzzle","Strange Spoon"],"potions_floor_usage":[13,16,20,24],"damage_taken":[{"damage":0,"enemies":"Jaw Worm","floor":1,"turns":1},{"damage":0,"enemies":"Cultist","floor":5,"turns":1},{"damage":0,"enemies":"Gremlin Nob","floor":7,"turns":1},{"damage":0,"enemies":"Small Slimes","floor":8,"turns":3},{"damage":6,"enemies":"3 Louse","floor":10,"turns":3},{"damage":7,"enemies":"2 Fungi Beasts","floor":11,"turns":4},{"damage":17,"enemies":"Lagavulin","floor":13,"turns":8},{"damage":9,"enemies":"Looter","floor":14,"turns":3},{"damage":41,"enemies":"The Guardian","floor":16,"turns":12},{"damage":36,"enemies":"2 Thieves","floor":18,"turns":4},{"damage":17,"enemies":"Spheric Guardian","floor":20,"turns":4},{"damage":31,"enemies":"Shelled Parasite and Fungi","floor":24,"turns":7},{"damage":17,"enemies":"Book of Stabbing","floor":25,"turns":2}],"seed_played":"5979506098352253096","potions_obtained":[{"floor":1,"key":"SteroidPotion"},{"floor":5,"key":"GamblersBrew"},{"floor":10,"key":"EssenceOfSteel"},{"floor":16,"key":"Weak Potion"}],"is_trial":false,"path_per_floor":["M","?","$","?","M","R","E","M","T","M","M","R","E","M","R","B",null,"M","?","M","$","?","R","M","E"],"character_chosen":"IRONCLAD","items_purchased":["Metallicize","Strange Spoon"],"campfire_rested":0,"item_purchase_floors":[3,21],"current_hp_per_floor":[80,69,69,69,75,75,80,80,80,80,79,79,68,65,65,30,80,50,50,39,39,33,42,17,0],"gold":16,"neow_bonus":"THREE_ENEMY_KILL","is_prod":false,"is_daily":false,"chose_seed":false,"campfire_upgraded":3,"win_rate":0,"timestamp":1570028177,"path_taken":["M","?","$","?","?","R","E","M","T","M","M","R","E","M","R","BOSS","M","?","M","$","?","R","M","E"],"build_version":"2019-07-17","purchased_purges":2,"victory":false,"max_hp_per_floor":[80,80,80,80,80,80,80,80,80,80,80,80,80,80,80,80,80,80,80,80,80,80,80,80,80],"card_choices":[{"not_picked":["Entrench","Warcry"],"picked":"Cleave","floor":1},{"not_picked":["Armaments","Sword Boomerang"],"picked":"Shrug It Off","floor":5},{"not_picked":["Heavy Blade","Sword Boomerang"],"picked":"Fire Breathing","floor":7},{"not_picked":["Anger","Metallicize"],"picked":"Flex+1","floor":8},{"not_picked":["Corruption","Pummel"],"picked":"Thunderclap","floor":10},{"not_picked":["Heavy Blade","Sentinel+1"],"picked":"Shrug It Off+1","floor":11},{"not_picked":["Pummel","Bludgeon"],"picked":"Warcry+1","floor":13},{"not_picked":["Perfected Strike","Power Through+1","Clothesline"],"picked":"SKIP","floor":14},{"not_picked":["Bludgeon","Immolate"],"picked":"Limit Break+1","floor":16},{"not_picked":["Havoc+1","True Grit+1"],"picked":"Seeing Red+1","floor":18},{"not_picked":["Combust","Fire Breathing+1","Havoc+1"],"picked":"SKIP","floor":20},{"not_picked":["Wild Strike","Sentinel+1"],"picked":"Dropkick","floor":24}],"player_experience":185273,"relics_obtained":[{"floor":7,"key":"Toxic Egg 2"},{"floor":13,"key":"Vajra"}],"event_choices":[{"damage_healed":0,"gold_gain":75,"player_choice":"Gather Gold","damage_taken":11,"max_hp_gain":0,"max_hp_loss":0,"event_name":"World of Goop","floor":2,"gold_loss":0},{"cards_removed":["Strike_R"],"damage_healed":0,"gold_gain":0,"player_choice":"Purged","damage_taken":0,"max_hp_gain":0,"max_hp_loss":0,"event_name":"Purifier","floor":4,"gold_loss":0},{"damage_healed":0,"gold_gain":0,"player_choice":"Opened","damage_taken":0,"relics_obtained":["Centennial Puzzle"],"max_hp_gain":0,"max_hp_loss":0,"event_name":"The Mausoleum","floor":19,"gold_loss":0,"cards_obtained":["Writhe"]},{"damage_healed":0,"gold_gain":0,"player_choice":"Joined the Cult","damage_taken":6,"max_hp_gain":0,"max_hp_loss":0,"event_name":"Nest","floor":22,"gold_loss":0,"cards_obtained":["RitualDagger"]}],"is_beta":false,"boss_relics":[{"not_picked":["Empty Cage","Coffee Dripper"],"picked":"Eternal Feather"}],"items_purged_floors":[3,21],"is_endless":false,"potions_floor_spawned":[1,5,10,16],"killed_by":"Book of Stabbing","ascension_level":2}