{"gold_per_floor":[218,20,30,0,12,12,12,39,39,56,8,22,22,37,37,138,138,152,77,77,77,97,97,125,125,199,213,213,173,206,222,222,222],"floor_reached":33,"playtime":1396,"items_purged":["Strike_R"],"score":392,"play_id":"992d1287-15b4-40a3-aeac-07d307d45acd","local_time":"20190917221953","is_ascension_mode":true,"campfire_choices":[{"data":"Searing Blow","floor":6,"key":"SMITH"},{"data":"Feed","floor":13,"key":"SMITH"},{"data":"Flex","floor":15,"key":"SMITH"},{"data":"RitualDagger","floor":23,"key":"SMITH"},{"data":"Searing Blow+2","floor":25,"key":"SMITH"},{"floor":32,"key":"REST"}],"neow_cost":"NONE","seed_source_timestamp":455235101781102,"circlet_count":0,"master_deck":["Strike_R","Strike_R","Defend_R","Defend_R","Defend_R","Defend_R","Bash","Searing Blow+3","Flex+1","Shrug It Off","Cleave","Inflame","Feed+1","Offering","RitualDagger+1","Whirlwind+1","Infernal Blade+1"],"relics":["Burning Blood","Singing Bowl","Oddly Smooth Stone","Velvet Choker","Lantern","Frozen Egg 2","MutagenicStrength","Letter Opener"],"potions_floor_usage":[2,8,8,14,16,16,24,30,30,30,31],"damage_taken":[{"damage":6,"enemies":"Cultist","floor":1,"turns":4},{"damage":23,"enemies":"2 Louse","floor":3,"turns":3},{"damage":10,"enemies":"Small Slimes","floor":5,"turns":4},{"damage":32,"enemies":"Lagavulin","floor":8,"turns":4},{"damage":6,"enemies":"2 Fungi Beasts","floor":10,"turns":3},{"damage":2,"enemies":"Looter","floor":12,"turns":3},{"damage":7,"enemies":"Exordium Thugs","floor":14,"turns":3},{"damage":32,"enemies":"The Guardian","floor":16,"turns":14},{"damage":9,"enemies":"Chosen","floor":18,"turns":2},{"damage":36,"enemies":"3 Byrds","floor":22,"turns":5},{"damage":35,"enemies":"Book of Stabbing","floor":24,"turns":4},{"damage":14,"enemies":"Centurion and Healer","floor":27,"turns":2},{"damage":33,"enemies":"Slavers","floor":30,"turns":3},{"damage":0,"enemies":"Snake Plant","floor":31,"turns":1},{"damage":71,"enemies":"Champ","floor":33,"turns":6}],"seed_played":"8634519932896737153","potions_obtained":[{"floor":3,"key":"Poison Potion"},{"floor":5,"key":"Strength Potion"},{"floor":10,"key":"Explosive Potion"},{"floor":14,"key":"Strength Potion"},{"floor":18,"key":"SpeedPotion"},{"floor":29,"key":"LiquidBronze"},{"floor":29,"key":"LiquidBronze"},{"floor":29,"key":"LiquidBronze"},{"floor":30,"key":"FearPotion"}],"is_trial":false,"path_per_floor":["M","$","M","?","M","R","?","E","T","M","$","M","R","M","R","B",null,"M","?","?","?","M","R","E","R","T","M","?","?","E","M","R","B"],"character_chosen":"IRONCLAD","items_purchased":["Fruit Juice","Flex","Dexterity Potion"],"campfire_rested":1,"item_purchase_floors":[2,2,11],"current_hp_per_floor":[80,85,68,68,64,64,64,38,38,43,43,49,49,54,54,32,102,105,105,99,99,73,73,46,46,46,40,40,40,15,21,56,0],"gold":222,"neow_bonus":"HUNDRED_GOLD","is_prod":false,"is_daily":false,"chose_seed":false,"campfire_upgraded":5,"win_rate":0,"timestamp":1568751593,"path_taken":["M","$","M","?","M","R","?","E","T","M","$","?","R","M","R","BOSS","M","?","?","?","M","R","E","R","T","?","?","?","E","M","R","BOSS"],"build_version":"2019-07-17","purchased_purges":1,"victory":false,"max_hp_per_floor":[80,85,85,85,85,85,85,85,85,90,90,92,92,98,98,102,102,108,108,108,108,112,112,114,114,114,116,116,116,118,118,118,118],"card_choices":[{"not_picked":["Iron Wave","Power Through"],"picked":"Searing Blow","floor":1},{"not_picked":["Seeing Red","Rupture"],"picked":"Shrug It Off","floor":3},{"not_picked":["Heavy Blade","Inflame"],"picked":"Cleave","floor":5},{"not_picked":["Seeing Red","Anger"],"picked":"Feed","floor":8},{"not_picked":["Headbutt","Wild Strike","Thunderclap"],"picked":"Singing Bowl","floor":10},{"not_picked":["Thunderclap","Sever Soul","Flex"],"picked":"Singing Bowl","floor":12},{"not_picked":["Flex","Infernal Blade","Sever Soul"],"picked":"Singing Bowl","floor":14},{"not_picked":["Impervious","Fiend Fire"],"picked":"Offering","floor":16},{"not_picked":["Burning Pact","Headbutt","Armaments"],"picked":"Singing Bowl","floor":18},{"not_picked":["Combust","Searing Blow"],"picked":"Whirlwind+1","floor":22},{"not_picked":["Rampage+1","Disarm","Iron Wave"],"picked":"Singing Bowl","floor":24},{"not_picked":["Twin Strike","Anger","Shrug It Off"],"picked":"Singing Bowl","floor":27},{"not_picked":["Clothesline","Anger","Cleave"],"picked":"Singing Bowl","floor":30},{"not_picked":["Heavy Blade","Sword Boomerang+1"],"picked":"Infernal Blade+1","floor":31}],"player_experience":271833,"relics_obtained":[{"floor":8,"key":"Singing Bowl"},{"floor":9,"key":"Oddly Smooth Stone"},{"floor":24,"key":"Lantern"},{"floor":26,"key":"Frozen Egg 2"},{"floor":30,"key":"Letter Opener"}],"event_choices":[{"damage_healed":0,"gold_gain":0,"player_choice":"Left Gold","damage_taken":0,"max_hp_gain":0,"max_hp_loss":0,"event_name":"World of Goop","floor":4,"gold_loss":30},{"damage_healed":0,"gold_gain":0,"cards_transformed":["Strike_R"],"player_choice":"Transformed","damage_taken":0,"max_hp_gain":0,"max_hp_loss":0,"event_name":"Transmorgrifier","floor":7,"gold_loss":0,"cards_obtained":["Inflame"]},{"cards_removed":["Strike_R"],"damage_healed":0,"gold_gain":0,"player_choice":"Gave Gold","damage_taken":0,"max_hp_gain":0,"max_hp_loss":0,"event_name":"Beggar","floor":19,"gold_loss":75},{"damage_healed":0,"gold_gain":0,"player_choice":"Joined the Cult","damage_taken":6,"max_hp_gain":0,"max_hp_loss":0,"event_name":"Nest","floor":20,"gold_loss":0,"cards_obtained":["RitualDagger"]},{"damage_healed":0,"gold_gain":0,"player_choice":"Upgraded","damage_taken":0,"max_hp_gain":0,"max_hp_loss":0,"event_name":"Upgrade Shrine","floor":21,"gold_loss":0,"cards_upgraded":["Searing Blow"]},{"damage_healed":0,"gold_gain":0,"player_choice":"Inject Mutagens","damage_taken":0,"relics_obtained":["MutagenicStrength"],"max_hp_gain":0,"max_hp_loss":0,"event_name":"Drug Dealer","floor":28,"gold_loss":0},{"damage_healed":0,"gold_gain":0,"player_choice":"Bought 3 Potions","damage_taken":0,"max_hp_gain":0,"max_hp_loss":0,"event_name":"The Woman in Blue","floor":29,"gold_loss":0}],"is_beta":false,"boss_relics":[{"not_picked":["Astrolabe","Black Star"],"picked":"Velvet Choker"}],"items_purged_floors":[2],"is_endless":false,"potions_floor_spawned":[3,5,10,14,18,30],"killed_by":"Champ","ascension_level":4}