{"gold_per_floor":[117,136,148,165,178,205,205,217,217,217,35,67,82,144,144,243,243,243,262,280,280,280,280,315,341,341,341,352,552,23,40,40,140,140,158,210,228,228,228],"floor_reached":39,"playtime":3799,"items_purged":["Armaments+1"],"score":678,"play_id":"355db303-110d-463b-bb83-133dbd31cc82","local_time":"20191005205859","is_ascension_mode":true,"campfire_choices":[{"data":"Armaments","floor":7.0,"key":"SMITH"},{"data":"Bash","floor":10.0,"key":"SMITH"},{"data":"Apotheosis","floor":15.0,"key":"SMITH"},{"data":"Offering","floor":23.0,"key":"SMITH"},{"data":"Pommel Strike","floor":27,"key":"SMITH"},{"data":"Secret Technique","floor":32,"key":"SMITH"}],"neow_cost":"NONE","seed_source_timestamp":0,"circlet_count":0,"master_deck":["Defend_R","Defend_R","Defend_R","Defend_R","Bash+1","Pommel Strike+1","Anger","True Grit","Disarm","Whirlwind","Apotheosis+1","Offering+1","True Grit","Feed","Inflame","Bite","Bite","Bite","Bite","Bite","Shockwave","Uppercut+1","Secret Technique+1","Disarm","Demon Form","Evolve","True Grit+1","Shrug It Off+1"],"special_seed":0,"relics":["Burning Blood","Art of War","Potion Belt","Mercury Hourglass","Omamori","WingedGreaves","Philosopher\u0027s Stone","WarpedTongs","Bottled Flame","Bag of Preparation","Mango","ClockworkSouvenir","Orrery","Girya"],"potions_floor_usage":[25,31,33,37],"damage_taken":[{"damage":0.0,"enemies":"Small Slimes","floor":1.0,"turns":3.0},{"damage":0.0,"enemies":"2 Louse","floor":2.0,"turns":4.0},{"damage":1.0,"enemies":"Cultist","floor":3.0,"turns":3.0},{"damage":23.0,"enemies":"Exordium Wildlife","floor":4.0,"turns":7.0},{"damage":12.0,"enemies":"Exordium Thugs","floor":5.0,"turns":5.0},{"damage":31.0,"enemies":"3 Sentries","floor":6.0,"turns":10.0},{"damage":5.0,"enemies":"Looter","floor":8.0,"turns":4.0},{"damage":13.0,"enemies":"Gremlin Nob","floor":12.0,"turns":3.0},{"damage":5.0,"enemies":"Blue Slaver","floor":13.0,"turns":3.0},{"damage":22.0,"enemies":"Gremlin Nob","floor":14.0,"turns":3.0},{"damage":7.0,"enemies":"The Guardian","floor":16.0,"turns":10.0},{"damage":0.0,"enemies":"2 Thieves","floor":18.0,"turns":1.0},{"damage":3.0,"enemies":"3 Byrds","floor":19.0,"turns":3.0},{"damage":20.0,"enemies":"Snake Plant","floor":20.0,"turns":3.0},{"damage":27.0,"enemies":"Book of Stabbing","floor":24.0,"turns":4.0},{"damage":33,"enemies":"Gremlin Leader","floor":25,"turns":7},{"damage":6,"enemies":"3 Cultists","floor":28,"turns":3},{"damage":8,"enemies":"Cultist and Chosen","floor":31,"turns":4},{"damage":63,"enemies":"Champ","floor":33,"turns":13},{"damage":18,"enemies":"Orb Walker","floor":35,"turns":3},{"damage":62,"enemies":"2 Orb Walkers","floor":36,"turns":6},{"damage":37,"enemies":"3 Darklings","floor":37,"turns":7},{"damage":31,"enemies":"Writhing Mass","floor":39,"turns":2}],"seed_played":"-4940942604539082415","potions_obtained":[{"floor":3.0,"key":"BloodPotion"},{"floor":4.0,"key":"SmokeBomb"},{"floor":6.0,"key":"AttackPotion"},{"floor":14.0,"key":"SkillPotion"},{"floor":19.0,"key":"EssenceOfSteel"},{"floor":31,"key":"Fruit Juice"},{"floor":33,"key":"Fruit Juice"},{"floor":36,"key":"SpeedPotion"}],"is_trial":false,"path_per_floor":["M","M","M","M","M","E","R","M","T","R","$","E","M","?","R","B",null,"M","M","M","?","?","R","E","E","T","R","M","?","$","M","R","B",null,"M","?","M","?","M"],"character_chosen":"IRONCLAD","items_purchased":["Apotheosis","Secret Technique","ClockworkSouvenir","Disarm"],"campfire_rested":0,"item_purchase_floors":[11,30,30,30],"current_hp_per_floor":[78,80,80,63,57,52,52,53,53,53,53,46,47,31,31,30,68,74,81,67,58,58,58,55,56,70,70,80,80,80,85,85,61,88,79,39,27,27,0],"gold":228,"neow_bonus":"RANDOM_COMMON_RELIC","is_prod":false,"is_daily":false,"chose_seed":false,"campfire_upgraded":6,"win_rate":0,"timestamp":1570301939,"path_taken":["M","M","M","M","M","E","R","M","T","R","$","E","M","?","R","BOSS","M","M","M","?","?","R","E","E","T","R","?","?","$","M","R","BOSS","M","?","M","?","M"],"build_version":"2019-07-17","purchased_purges":1,"victory":false,"max_hp_per_floor":[80,80,80,80,80,80,80,80,80,80,80,80,80,80,80,80,80,80,84,84,58,58,58,58,62,76,76,80,80,80,85,85,90,90,90,94,98,98,98],"card_choices":[{"not_picked":["Twin Strike","Evolve"],"picked":"Pommel Strike","floor":1.0},{"not_picked":["Wild Strike","Clash"],"picked":"Anger","floor":2.0},{"not_picked":["Pummel","Feel No Pain"],"picked":"True Grit","floor":3.0},{"not_picked":["Iron Wave","Shrug It Off"],"picked":"Disarm","floor":4.0},{"not_picked":["Perfected Strike","Cleave"],"picked":"Whirlwind","floor":5.0},{"not_picked":["True Grit","Seeing Red"],"picked":"Armaments","floor":6.0},{"not_picked":["Warcry","Thunderclap","Rage"],"picked":"SKIP","floor":8.0},{"not_picked":["Rampage","Dual Wield"],"picked":"Offering","floor":12.0},{"not_picked":["Havoc","Clash","Rupture"],"picked":"SKIP","floor":13.0},{"not_picked":["Reckless Charge","Body Slam"],"picked":"True Grit","floor":14.0},{"not_picked":["Fiend Fire","Barricade"],"picked":"Feed","floor":16.0},{"not_picked":["Combust+1","Seeing Red","Havoc"],"picked":"SKIP","floor":19.0},{"not_picked":["Pommel Strike","Thunderclap"],"picked":"Inflame","floor":20.0},{"not_picked":["Heavy Blade","Iron Wave+1","Havoc"],"picked":"SKIP","floor":24},{"not_picked":["Heavy Blade","Iron Wave+1","Havoc"],"picked":"SKIP","floor":24},{"not_picked":["Power Through","Dropkick"],"picked":"Shockwave","floor":25},{"not_picked":["Sever Soul","Carnage"],"picked":"Uppercut+1","floor":28},{"not_picked":["Hemokinesis","Entrench","Thunderclap"],"picked":"SKIP","floor":31},{"not_picked":["Limit Break","Juggernaut"],"picked":"Demon Form","floor":33},{"not_picked":["Cleave","Blood for Blood"],"picked":"Evolve","floor":34},{"not_picked":["Rage","Infernal Blade+1","Blood for Blood+1"],"picked":"SKIP","floor":35},{"not_picked":["Bludgeon","Sword Boomerang"],"picked":"True Grit+1","floor":36},{"not_picked":["Combust","True Grit"],"picked":"Shrug It Off+1","floor":37}],"player_experience":351506,"relics_obtained":[{"floor":6.0,"key":"Potion Belt"},{"floor":9.0,"key":"Mercury Hourglass"},{"floor":12.0,"key":"Omamori"},{"floor":14.0,"key":"WingedGreaves"},{"floor":24,"key":"Bottled Flame"},{"floor":25,"key":"Bag of Preparation"},{"floor":26,"key":"Mango"},{"floor":36,"key":"Girya"}],"event_choices":[{"damage_healed":0.0,"max_hp_gain":0.0,"max_hp_loss":0.0,"gold_gain":30.0,"event_name":"Dead Adventurer","player_choice":"Searched \u00272\u0027 times","floor":14.0,"gold_loss":0.0,"damage_taken":0.0},{"damage_healed":0.0,"max_hp_gain":0.0,"max_hp_loss":26.0,"gold_gain":0.0,"event_name":"Vampires","player_choice":"Became a vampire","floor":21.0,"gold_loss":0.0,"damage_taken":0.0,"cards_obtained":["Bite","Bite","Bite","Bite","Bite"]},{"damage_healed":0.0,"max_hp_gain":0.0,"max_hp_loss":0.0,"gold_gain":0.0,"event_name":"Accursed Blacksmith","player_choice":"Rummage","floor":22.0,"gold_loss":0.0,"damage_taken":0.0,"relics_obtained":["WarpedTongs"],"cards_obtained":["Pain"]},{"damage_healed":0,"gold_gain":250,"player_choice":"Bet on Owner","damage_taken":0,"max_hp_gain":0,"max_hp_loss":0,"event_name":"The Joust","floor":29,"gold_loss":50},{"damage_healed":0,"gold_gain":0,"player_choice":"Fight","damage_taken":0,"max_hp_gain":0,"max_hp_loss":0,"event_name":"Mysterious Sphere","floor":36,"gold_loss":0},{"damage_healed":0,"gold_gain":0,"player_choice":"Ignored","damage_taken":0,"max_hp_gain":0,"max_hp_loss":0,"event_name":"Tomb of Lord Red Mask","floor":38,"gold_loss":0}],"is_beta":false,"boss_relics":[{"not_picked":["Mark of Pain","Runic Pyramid"],"picked":"Philosopher\u0027s Stone"},{"not_picked":["Tiny House","Eternal Feather"],"picked":"Orrery"}],"items_purged_floors":[30],"is_endless":false,"potions_floor_spawned":[3,4,6,14,18,19,31,33,36],"killed_by":"Writhing Mass","ascension_level":9}