{"gold_per_floor":[111,125,135,210,210,210,244,92,118,136,36,69,19,34,34,132,132,145,175,175,98,115,127,127,140,167,178,277,293,293,325,325,424,424,436,19,19,35,35,35,35],"floor_reached":41,"playtime":2510,"items_purged":["Strike_G","Strike_G","Strike_G"],"score":505,"play_id":"5340aa18-5949-4d7f-8593-90dd011da2e9","local_time":"20191009222104","is_ascension_mode":true,"campfire_choices":[{"data":"Neutralize","floor":6,"key":"SMITH"},{"data":"Well Laid Plans","floor":15,"key":"SMITH"},{"data":"Noxious Fumes","floor":24,"key":"SMITH"},{"data":"Footwork","floor":30,"key":"SMITH"},{"data":"Cloak And Dagger","floor":32,"key":"SMITH"},{"data":"Adrenaline","floor":40,"key":"SMITH"}],"neow_cost":"NONE","seed_source_timestamp":2338564505689300,"circlet_count":0,"master_deck":["Strike_G+1","Defend_G","Defend_G","Defend_G","Defend_G","Defend_G","Survivor","Neutralize+1","Well Laid Plans+1","Riddle With Holes+1","Dagger Throw","Backflip","Cloak And Dagger+1","Poisoned Stab","Deadly Poison","Infinite Blades","Caltrops","Adrenaline+1","Noxious Fumes+1","Footwork+1","Backflip","Skewer+1","Cloak And Dagger","Cloak And Dagger+1","Slice","Corpse Explosion","PiercingWail+1","Noxious Fumes","Bouncing Flask","Enlightenment","Backstab"],"relics":["Ring of the Snake","Bronze Scales","MealTicket","Strawberry","Bottled Lightning","Coffee Dripper","Red Mask","Dream Catcher","Whetstone","SlaversCollar","TwistedFunnel"],"potions_floor_usage":[19,33,35],"damage_taken":[{"damage":0,"enemies":"2 Louse","floor":1,"turns":2},{"damage":0,"enemies":"Small Slimes","floor":2,"turns":3},{"damage":10,"enemies":"Jaw Worm","floor":3,"turns":6},{"damage":17,"enemies":"Gremlin Nob","floor":7,"turns":4},{"damage":0,"enemies":"2 Fungi Beasts","floor":10,"turns":3},{"damage":14,"enemies":"Lagavulin","floor":12,"turns":7},{"damage":13,"enemies":"Exordium Wildlife","floor":14,"turns":5},{"damage":12,"enemies":"Hexaghost","floor":16,"turns":9},{"damage":0,"enemies":"Chosen","floor":18,"turns":4},{"damage":33,"enemies":"Masked Bandits","floor":19,"turns":5},{"damage":0,"enemies":"3 Byrds","floor":22,"turns":2},{"damage":8,"enemies":"Snecko","floor":23,"turns":5},{"damage":24,"enemies":"Shelled Parasite and Fungi","floor":25,"turns":6},{"damage":0,"enemies":"Chosen and Byrds","floor":27,"turns":3},{"damage":33,"enemies":"3 Cultists","floor":29,"turns":6},{"damage":14,"enemies":"Book of Stabbing","floor":31,"turns":5},{"damage":20,"enemies":"Champ","floor":33,"turns":11},{"damage":0,"enemies":"3 Shapes","floor":35,"turns":6},{"damage":33,"enemies":"3 Darklings","floor":38,"turns":5},{"damage":52,"enemies":"Reptomancer","floor":41,"turns":4}],"seed_played":"-3978717424635438521","potions_obtained":[{"floor":1,"key":"FairyPotion"},{"floor":2,"key":"CunningPotion"},{"floor":3,"key":"Block Potion"},{"floor":7,"key":"Dexterity Potion"},{"floor":22,"key":"GamblersBrew"},{"floor":29,"key":"Swift Potion"}],"is_trial":false,"path_per_floor":["M","M","M","?","?","R","E","$","T","M","$","E","?","M","R","B",null,"M","?","?","$","M","M","R","M","T","M","?","M","R","E","R","B",null,"M","$","?","M","?","R","E"],"character_chosen":"THE_SILENT","items_purchased":["Cloak And Dagger","Poisoned Stab","Footwork","TwistedFunnel","Noxious Fumes","Bouncing Flask"],"campfire_rested":0,"item_purchase_floors":[8,8,21,36,36,36],"current_hp_per_floor":[70,70,60,49,54,54,37,52,59,59,74,60,60,47,47,35,82,82,49,76,82,82,74,74,50,50,50,50,17,17,3,3,21,82,82,82,82,49,49,49,0],"gold":35,"neow_bonus":"RANDOM_COMMON_RELIC","is_prod":false,"is_daily":false,"chose_seed":false,"campfire_upgraded":6,"win_rate":0,"timestamp":1570623664,"path_taken":["M","M","M","?","?","R","E","$","T","M","?","E","?","M","R","BOSS","M","?","?","$","M","M","R","M","T","M","?","M","R","E","R","BOSS","M","$","?","M","?","R","E"],"build_version":"2019-10-08","purchased_purges":3,"victory":false,"max_hp_per_floor":[70,70,70,70,75,75,75,75,82,82,82,82,82,82,82,82,82,82,82,82,82,82,82,82,82,82,82,82,82,82,82,82,82,82,82,82,82,82,82,82,82],"card_choices":[{"not_picked":["Underhanded Strike","Bane"],"picked":"Well Laid Plans","floor":1},{"not_picked":["Eviscerate","Flechettes"],"picked":"Riddle With Holes","floor":2},{"not_picked":["Prepared","Quick Slash"],"picked":"Dagger Throw","floor":3},{"not_picked":["Sucker Punch","Dagger Throw"],"picked":"Backflip","floor":7},{"not_picked":["Backflip","Envenom"],"picked":"Deadly Poison","floor":10},{"not_picked":["Cloak And Dagger","Bane"],"picked":"Infinite Blades","floor":12},{"not_picked":["Bane","Finisher"],"picked":"Caltrops","floor":14},{"not_picked":["Envenom","Night Terror"],"picked":"Adrenaline","floor":16},{"not_picked":["Flying Knee","Acrobatics","Terror+1"],"picked":"SKIP","floor":18},{"not_picked":["Prepared","Accuracy"],"picked":"Noxious Fumes","floor":19},{"not_picked":["Dagger Spray","Dodge and Roll"],"picked":"Backflip","floor":22},{"not_picked":["Dodge and Roll","Backflip","Skewer+1"],"picked":"SKIP","floor":23},{"not_picked":["Dodge and Roll","Backflip"],"picked":"Skewer+1","floor":23},{"not_picked":["Infinite Blades+1","Deflect"],"picked":"Cloak And Dagger","floor":25},{"not_picked":["Acrobatics","Underhanded Strike","Outmaneuver"],"picked":"SKIP","floor":27},{"not_picked":["Backflip+1","Expertise+1"],"picked":"Cloak And Dagger+1","floor":29},{"not_picked":["Heel Hook","Finisher"],"picked":"Slice","floor":31},{"not_picked":["After Image","Glass Knife"],"picked":"Corpse Explosion","floor":33},{"not_picked":["Dagger Throw","Outmaneuver+1"],"picked":"PiercingWail+1","floor":35},{"not_picked":["Madness","Panache"],"picked":"Enlightenment","floor":37},{"not_picked":["Outmaneuver","Blur+1"],"picked":"Backstab","floor":38}],"player_experience":29752,"relics_obtained":[{"floor":7,"key":"MealTicket"},{"floor":9,"key":"Strawberry"},{"floor":12,"key":"Bottled Lightning"},{"floor":19,"key":"Red Mask"},{"floor":26,"key":"Dream Catcher"},{"floor":31,"key":"Whetstone"}],"event_choices":[{"damage_healed":0,"gold_gain":75,"player_choice":"Gather Gold","damage_taken":11,"max_hp_gain":0,"max_hp_loss":0,"event_name":"World of Goop","floor":4,"gold_loss":0},{"damage_healed":0,"gold_gain":0,"player_choice":"Donut","damage_taken":0,"max_hp_gain":5,"max_hp_loss":0,"event_name":"Big Fish","floor":5,"gold_loss":0},{"cards_removed":["Strike_G"],"damage_healed":0,"gold_gain":0,"player_choice":"Card Removal","damage_taken":0,"max_hp_gain":0,"max_hp_loss":0,"event_name":"The Cleric","floor":13,"gold_loss":50},{"damage_healed":0,"gold_gain":0,"player_choice":"Fought Bandits","damage_taken":0,"max_hp_gain":0,"max_hp_loss":0,"event_name":"Masked Bandits","floor":19,"gold_loss":0},{"damage_healed":27,"gold_gain":0,"player_choice":"Heal","damage_taken":0,"max_hp_gain":0,"max_hp_loss":0,"event_name":"The Library","floor":20,"gold_loss":0},{"damage_healed":0,"gold_gain":99,"player_choice":"Stole From Cult","damage_taken":0,"max_hp_gain":0,"max_hp_loss":0,"event_name":"Nest","floor":28,"gold_loss":0},{"damage_healed":0,"gold_gain":0,"player_choice":"Memory 1","damage_taken":0,"max_hp_gain":0,"max_hp_loss":0,"event_name":"SensoryStone","floor":37,"gold_loss":0},{"damage_healed":0,"gold_gain":0,"player_choice":"Ignored","damage_taken":0,"max_hp_gain":0,"max_hp_loss":0,"event_name":"Mysterious Sphere","floor":39,"gold_loss":0}],"is_beta":true,"boss_relics":[{"not_picked":["Fusion Hammer","Runic Pyramid"],"picked":"Coffee Dripper"},{"not_picked":["Astrolabe","Tiny House"],"picked":"SlaversCollar"}],"items_purged_floors":[8,11,36],"is_endless":false,"potions_floor_spawned":[1,2,3,7,22,25,29,31],"killed_by":"Reptomancer","ascension_level":4}