{"gold_per_floor":[116,141,67,67,67,67,92,92,118,144,156,168,181,211,211,283,283,294,311,330,31,231,231,231,264,264,280,280,314,314,327,327,398,398,411,61,61,61,71,71,71,71,83,0,0,0,0,0,0],"floor_reached":50,"playtime":3485,"items_purged":["Strike_G","Strike_G"],"score":1144,"play_id":"7915dc48-953f-4a7e-9e43-f886824e038f","local_time":"20190126180018","is_ascension_mode":true,"campfire_choices":[{"data":"Noxious Fumes","floor":6,"key":"SMITH"},{"floor":8,"key":"REST"},{"data":"A Thousand Cuts","floor":15,"key":"SMITH"},{"floor":24,"key":"REST"},{"floor":28,"key":"REST"},{"data":"Apotheosis","floor":30,"key":"SMITH"},{"floor":32,"key":"REST"},{"data":"After Image","floor":40,"key":"SMITH"},{"data":"Footwork","floor":47,"key":"SMITH"},{"floor":49,"key":"REST"}],"neow_cost":"NONE","seed_source_timestamp":552320653802,"circlet_count":0,"master_deck":["AscendersBane","Defend_G","Defend_G+1","Defend_G+1","Defend_G","Defend_G","Strike_G","Strike_G","Strike_G","Survivor","Neutralize","Noxious Fumes+1","Infinite Blades","Poisoned Stab+1","A Thousand Cuts+1","Footwork+1","Slice+1","Dodge and Roll","Poisoned Stab+1","A Thousand Cuts","Noxious Fumes","Cloak And Dagger","Apotheosis+1","Adrenaline","Well Laid Plans","After Image+1","Backstab+1","Deflect+1","Adrenaline","Well Laid Plans+1","Madness","Madness","Mind Blast+1","hubris:Disease","PiercingWail+1","hubris:Envy"],"relics":["Ring of the Snake","NeowsBlessing","Bronze Scales","Molten Egg 2","War Paint","Centennial Puzzle","hubris:ToyBattleship","The Courier","hubris:VirtuousBlindfold","Oddly Smooth Stone","construct:FoamFinger","Ginger","Cursed Key","hubris:Teleporter","Mummified Hand","Red Mask","Singing Bowl"],"potions_floor_usage":[14,20,23,33,50,50],"damage_taken":[{"damage":0,"enemies":"Cultist","floor":1,"turns":1},{"damage":0,"enemies":"Lagavulin","floor":7,"turns":1},{"damage":0,"enemies":"Gremlin Nob","floor":10,"turns":1},{"damage":0,"enemies":"2 Louse","floor":11,"turns":2},{"damage":4,"enemies":"Small Slimes","floor":12,"turns":3},{"damage":0,"enemies":"Blue Slaver","floor":13,"turns":5},{"damage":6,"enemies":"3 Sentries","floor":14,"turns":7},{"damage":4,"enemies":"Slime Boss","floor":16,"turns":8},{"damage":24,"enemies":"Chosen","floor":18,"turns":4},{"damage":16,"enemies":"Spheric Guardian","floor":19,"turns":5},{"damage":18,"enemies":"Snecko","floor":20,"turns":4},{"damage":0,"enemies":"Slavers","floor":23,"turns":1},{"damage":0,"enemies":"Gremlin Leader","floor":25,"turns":6},{"damage":4,"enemies":"Centurion and Healer","floor":27,"turns":4},{"damage":11,"enemies":"Slavers","floor":29,"turns":6},{"damage":0,"enemies":"3 Cultists","floor":31,"turns":3},{"damage":18,"enemies":"Collector","floor":33,"turns":7},{"damage":3,"enemies":"Orb Walker","floor":35,"turns":3},{"damage":0,"enemies":"3 Shapes","floor":39,"turns":4},{"damage":3,"enemies":"Writhing Mass","floor":44,"turns":6},{"damage":65,"enemies":"Awakened One","floor":50,"turns":11}],"seed_played":"7283202546310683314","potions_obtained":[{"floor":1,"key":"Fire Potion"},{"floor":11,"key":"AttackPotion"},{"floor":14,"key":"Dexterity Potion"},{"floor":20,"key":"SmokeBomb"},{"floor":27,"key":"Swift Potion"},{"floor":33,"key":"Weak Potion"},{"floor":44,"key":"AttackPotion"}],"is_trial":false,"path_per_floor":["M","T","$","?","?","R","E","R","T","E","M","M","M","E","R","B",null,"M","M","M","$","?","E","R","E","T","M","R","E","R","M","R","B",null,"M","$","?","?","M","R","$","T","M","?","T","R","$","R","B"],"character_chosen":"THE_SILENT","items_purchased":["Infinite Blades","Apotheosis","Adrenaline","hubris:Teleporter"],"campfire_rested":5,"item_purchase_floors":[3,21,21,36],"current_hp_per_floor":[59,59,59,64,46,46,46,67,67,67,67,63,63,57,57,53,67,43,27,9,9,9,9,30,30,30,26,47,36,36,36,57,39,63,60,60,47,47,47,47,47,47,44,44,44,44,44,65,0],"gold":0,"neow_bonus":"THREE_ENEMY_KILL","is_prod":false,"is_daily":false,"chose_seed":false,"campfire_upgraded":5,"win_rate":0,"timestamp":1548522018,"path_taken":["M","?","$","?","?","R","E","R","T","E","M","M","M","E","R","BOSS","M","M","M","$","?","E","R","E","T","M","R","E","R","?","R","BOSS","M","$","?","?","M","R","$","T","M","?","?","R","?","R","BOSS"],"build_version":"2019-01-23","purchased_purges":2,"victory":false,"max_hp_per_floor":[66,66,66,71,71,71,71,71,71,71,71,71,71,71,71,71,71,71,71,71,71,71,71,71,71,71,71,71,71,71,71,71,71,71,71,71,71,71,71,71,71,71,71,71,71,71,71,71,71],"card_choices":[{"not_picked":["Calculated Gamble","Well Laid Plans"],"picked":"Noxious Fumes","floor":1},{"not_picked":["Calculated Gamble","Blade Dance"],"picked":"Poisoned Stab+1","floor":7},{"not_picked":["Masterful Stab+1","hubris:SlightOfHand"],"picked":"A Thousand Cuts","floor":10},{"not_picked":["PiercingWail","Outmaneuver"],"picked":"Footwork","floor":11},{"not_picked":["Sucker Punch+1","Poisoned Stab+1"],"picked":"Slice+1","floor":12},{"not_picked":["Endless Agony+1","Underhanded Strike+1"],"picked":"Dodge and Roll","floor":13},{"not_picked":["PiercingWail","Deadly Poison"],"picked":"Poisoned Stab+1","floor":14},{"not_picked":["Tools of the Trade","Die Die Die+1"],"picked":"A Thousand Cuts","floor":16},{"not_picked":["Dash+1","Underhanded Strike+1"],"picked":"Noxious Fumes","floor":18},{"not_picked":["Blade Dance+1","Quick Slash+1"],"picked":"Cloak And Dagger","floor":19},{"not_picked":["Dagger Throw+1","Prepared","hubris:TrickCloak"],"picked":"SKIP","floor":20},{"not_picked":["Finisher+1","PiercingWail"],"picked":"Well Laid Plans","floor":25},{"not_picked":["Poisoned Stab+1","Underhanded Strike+1"],"picked":"After Image","floor":27},{"not_picked":["Well Laid Plans","Outmaneuver"],"picked":"Backstab+1","floor":29},{"not_picked":["Dash+1","Underhanded Strike+1"],"picked":"Deflect+1","floor":31},{"not_picked":["Envenom","Venomology"],"picked":"Adrenaline","floor":33},{"not_picked":["Concentrate","Deflect"],"picked":"Well Laid Plans+1","floor":35},{"not_picked":["Impatience","Sadistic Nature"],"picked":"Mind Blast+1","floor":38},{"not_picked":["Outmaneuver","Dagger Throw+1","Bane+1"],"picked":"SKIP","floor":39},{"not_picked":["Backflip","Quick Slash+1"],"picked":"PiercingWail+1","floor":44}],"player_experience":556372,"relics_obtained":[{"floor":2,"key":"Bronze Scales"},{"floor":7,"key":"War Paint"},{"floor":9,"key":"Centennial Puzzle"},{"floor":10,"key":"hubris:ToyBattleship"},{"floor":14,"key":"The Courier"},{"floor":25,"key":"Oddly Smooth Stone"},{"floor":26,"key":"construct:FoamFinger"},{"floor":29,"key":"Ginger"},{"floor":43,"key":"Mummified Hand"},{"floor":46,"key":"Singing Bowl"}],"event_choices":[{"damage_healed":0,"gold_gain":0,"player_choice":"Donut","damage_taken":0,"max_hp_gain":5,"max_hp_loss":0,"event_name":"Big Fish","floor":4,"gold_loss":0},{"damage_healed":0,"gold_gain":0,"player_choice":"Success","damage_taken":18,"relics_obtained":["Molten Egg 2"],"max_hp_gain":0,"max_hp_loss":0,"event_name":"Scrap Ooze","floor":5,"gold_loss":0},{"damage_healed":0,"gold_gain":200,"player_choice":"Gold","damage_taken":0,"max_hp_gain":0,"max_hp_loss":0,"event_name":"Wheel of Change","floor":22,"gold_loss":0},{"damage_healed":0,"gold_gain":0,"player_choice":"Embrace Madness","damage_taken":13,"max_hp_gain":0,"max_hp_loss":0,"event_name":"Winding Halls","floor":37,"gold_loss":0,"cards_obtained":["Madness","Madness"]},{"damage_healed":0,"gold_gain":0,"player_choice":"Memory 1","damage_taken":0,"max_hp_gain":0,"max_hp_loss":0,"event_name":"SensoryStone","floor":38,"gold_loss":0},{"damage_healed":0,"gold_gain":0,"player_choice":"Paid","damage_taken":0,"relics_obtained":["Red Mask"],"max_hp_gain":0,"max_hp_loss":0,"event_name":"Tomb of Lord Red Mask","floor":45,"gold_loss":83}],"is_beta":false,"boss_relics":[{"not_picked":["Runic Pyramid","construct:WeddingRing"],"picked":"hubris:VirtuousBlindfold"},{"not_picked":["Coffee Dripper","Ring of the Serpent"],"picked":"Cursed Key"}],"items_purged_floors":[21,36],"is_endless":false,"potions_floor_spawned":[1,11,12,14,18,20,27,33,44],"killed_by":"Awakened One","ascension_level":18}