{"gold_per_floor":[110,129,56,68,68,68,88,88,143,158,158,158,7,7,7,110,110,121,121,121,135,151,151,177,177,177,197,197,213,213,224,224,224],"floor_reached":33,"playtime":1885,"items_purged":[],"score":307,"play_id":"c0839fbc-8ed7-43ff-8bc6-a19c71eaf133","local_time":"20190723163739","is_ascension_mode":false,"campfire_choices":[{"data":"Fusion","floor":6,"key":"SMITH"},{"data":"Darkness","floor":8,"key":"SMITH"},{"data":"Self Repair","floor":11,"key":"SMITH"},{"data":"Multi-Cast","floor":15,"key":"SMITH"},{"data":"Dualcast","floor":23,"key":"SMITH"},{"data":"Turbo","floor":25,"key":"SMITH"},{"data":"Zap","floor":28,"key":"SMITH"},{"floor":30,"key":"REST"},{"floor":32,"key":"REST"}],"neow_cost":"NONE","seed_source_timestamp":89701860363566,"circlet_count":0,"master_deck":["Strike_B","Defend_B","Defend_B","Defend_B","Zap+1","Dualcast+1","Darkness+1","FTL","Turbo+1","Self Repair+1","Fusion+1","Multi-Cast+1","Consume","Loop","Echo Form+1","Conserve Battery+1","Double Energy+1","Tempest+1","Conserve Battery","Defragment"],"relics":["Cracked Core","NlothsMask","Empty Cage","Orichalcum"],"potions_floor_usage":[16,31,33],"damage_taken":[{"damage":10,"enemies":"Small Slimes","floor":1,"turns":3},{"damage":0,"enemies":"Cultist","floor":2,"turns":4},{"damage":6,"enemies":"Jaw Worm","floor":4,"turns":3},{"damage":19,"enemies":"Exordium Thugs","floor":7,"turns":5},{"damage":14,"enemies":"Blue Slaver","floor":10,"turns":3},{"damage":0,"enemies":"Slime Boss","floor":16,"turns":3},{"damage":21,"enemies":"Chosen","floor":18,"turns":5},{"damage":0,"enemies":"Spheric Guardian","floor":21,"turns":2},{"damage":33,"enemies":"Centurion and Healer","floor":22,"turns":6},{"damage":21,"enemies":"Slavers","floor":24,"turns":4},{"damage":22,"enemies":"Snecko","floor":27,"turns":6},{"damage":29,"enemies":"3 Cultists","floor":29,"turns":4},{"damage":15,"enemies":"Snake Plant","floor":31,"turns":3},{"damage":50,"enemies":"Collector","floor":33,"turns":5}],"seed_played":"-1921253893448709895","potions_obtained":[{"floor":1,"key":"Ancient Potion"},{"floor":2,"key":"EssenceOfSteel"},{"floor":16,"key":"Ancient Potion"},{"floor":18,"key":"Explosive Potion"},{"floor":29,"key":"AttackPotion"},{"floor":31,"key":"FearPotion"}],"is_trial":false,"path_per_floor":["M","M","$","M","?","R","M","R","T","M","R","?","$","?","R","B",null,"M","?","?","M","M","R","E","R","T","M","R","M","R","M","R","B"],"character_chosen":"DEFECT","items_purchased":["Self Repair","Consume","Loop"],"campfire_rested":2,"item_purchase_floors":[3,13,13],"current_hp_per_floor":[65,65,65,66,66,66,54,54,54,47,47,47,47,52,52,62,80,69,69,69,79,46,46,35,35,35,33,33,14,38,23,47,0],"gold":224,"neow_bonus":"THREE_CARDS","is_prod":false,"is_daily":false,"chose_seed":false,"campfire_upgraded":7,"win_rate":0,"timestamp":1563892659,"path_taken":["M","M","$","M","?","R","?","R","T","M","R","?","?","?","R","BOSS","M","?","?","M","M","R","E","R","T","M","R","M","R","M","R","BOSS"],"build_version":"2019-07-17","purchased_purges":0,"victory":false,"max_hp_per_floor":[75,75,75,75,75,75,75,75,75,75,75,75,75,80,80,80,80,80,80,80,80,80,80,80,80,80,80,80,80,80,80,80,80],"card_choices":[{"not_picked":["Beam Cell","Turbo"],"picked":"Darkness","floor":0},{"not_picked":["Aggregate","Rebound"],"picked":"FTL","floor":1},{"not_picked":["Sweeping Beam","Ball Lightning"],"picked":"Turbo","floor":2},{"not_picked":["Rebound","Scrape"],"picked":"Fusion","floor":4},{"not_picked":["Sweeping Beam","Coolheaded"],"picked":"Multi-Cast","floor":7},{"not_picked":["Turbo","Beam Cell","Undo"],"picked":"SKIP","floor":10},{"not_picked":["Rainbow","Seek"],"picked":"Echo Form","floor":16},{"not_picked":["Static Discharge","Chaos+1"],"picked":"Conserve Battery+1","floor":18},{"not_picked":["Rebound","Static Discharge+1"],"picked":"Double Energy+1","floor":21},{"not_picked":["Cold Snap+1","Redo","Turbo"],"picked":"SKIP","floor":22},{"not_picked":["Chill+1","Cold Snap"],"picked":"Tempest+1","floor":24},{"not_picked":["Barrage","Beam Cell","Hologram"],"picked":"SKIP","floor":27},{"not_picked":["Rebound","Fusion"],"picked":"Conserve Battery","floor":29},{"not_picked":["Conserve Battery","Compile Driver"],"picked":"Defragment","floor":31}],"player_experience":102741,"relics_obtained":[{"floor":24,"key":"Orichalcum"}],"event_choices":[{"damage_healed":0,"gold_gain":0,"player_choice":"Trade","damage_taken":0,"relics_obtained":["NlothsMask"],"max_hp_gain":0,"max_hp_loss":0,"event_name":"FaceTrader","floor":5,"gold_loss":0},{"cards_removed":["Strike_B"],"damage_healed":0,"gold_gain":0,"player_choice":"Purged","damage_taken":0,"max_hp_gain":0,"max_hp_loss":0,"event_name":"Purifier","floor":12,"gold_loss":0},{"damage_healed":0,"gold_gain":0,"player_choice":"Donut","damage_taken":0,"max_hp_gain":5,"max_hp_loss":0,"event_name":"Big Fish","floor":14,"gold_loss":0},{"cards_removed":["Strike_B"],"damage_healed":0,"gold_gain":0,"player_choice":"Elegance","damage_taken":0,"max_hp_gain":0,"max_hp_loss":0,"event_name":"Back to Basics","floor":19,"gold_loss":0},{"damage_healed":0,"gold_gain":0,"player_choice":"Upgraded","damage_taken":0,"max_hp_gain":0,"max_hp_loss":0,"event_name":"Upgrade Shrine","floor":20,"gold_loss":0,"cards_upgraded":["Echo Form"]}],"is_beta":false,"boss_relics":[{"not_picked":["Velvet Choker","Snecko Eye"],"picked":"Empty Cage"}],"items_purged_floors":[],"is_endless":false,"potions_floor_spawned":[1,2,16,18,29,31],"killed_by":"Collector","ascension_level":0}