{"path_per_floor":["M","?","?","M","M","E","R","E","T","$","M","M","E","M","R","B",null,"M","M","M","$","M","R","E","R","T","R","?","?","E","M","R","B",null,"M","?","?","$","T","R","E","M","T"],"character_chosen":"IRONCLAD","items_purchased":["Molten Egg 2","Pommel Strike","Energy Potion"],"gold_per_floor":[114,114,114,124,139,201,201,233,257,11,21,34,69,89,89,193,193,213,233,252,124,135,135,165,165,191,191,91,91,124,142,142,247,247,265,319,319,167,193,193,220,238,290],"floor_reached":44,"campfire_rested":2,"playtime":3908,"current_hp_per_floor":[80,80,85,85,85,60,60,52,52,52,54,52,46,50,50,22,85,79,76,38,38,29,29,35,35,35,35,35,19,13,14,39,29,85,85,32,32,32,32,57,23,30,30],"items_purged":["Strike_R","Strike_R"],"gold":290,"score":491,"play_id":"881977aa-176e-4fec-997f-175e80834528","is_prod":false,"is_daily":false,"is_ascension_mode":true,"campfire_upgraded":5,"path_taken":["M","?","?","M","?","E","R","E","T","$","?","?","E","M","R","BOSS","M","M","M","$","M","R","E","R","T","R","?","?","E","M","R","BOSS","M","?","?","$","?","R","E","M","T","?"],"build_version":"2018-02-15-PROD1","purchased_purges":2,"victory":false,"master_deck":["Strike_R","Strike_R+1","Defend_R","Defend_R","Defend_R","Defend_R","Bash+1","Pommel Strike+1","Thunderclap+1","Flex","Headbutt+1","Armaments+1","Armaments+1","Berserk","Iron Wave+1","Battle Trance+1","Pommel Strike+1","J.A.X.","Flex","Barricade","Seeing Red+1","Body Slam+1","Body Slam+1","Headbutt+1","Spot Weakness+1"],"max_hp_per_floor":[80,80,85,85,85,85,85,85,85,85,85,85,85,85,85,85,85,85,85,85,85,85,85,85,85,85,85,85,85,85,85,85,85,85,85,85,85,85,85,85,85,85,85],"relics":["Black Blood","Tiny Chest","Centennial Puzzle","Bronze Scales","Molten Egg 2","Orichalcum","Runic Pyramid","Bag of Preparation","Omamori","Necronomicon","Kunai","Champion Belt","Whetstone","Vajra","Singing Bowl"],"card_choices":[{"not_picked":["Warcry","Carnage"],"picked":"Pommel Strike"},{"not_picked":["Twin Strike","Carnage"],"picked":"Thunderclap"},{"not_picked":["Disarm","Twin Strike"],"picked":"Flex"},{"not_picked":["Flex","Anger"],"picked":"Headbutt"},{"not_picked":["Flex","Cleave"],"picked":"Armaments"},{"not_picked":["Twin Strike","Power Through"],"picked":"Armaments"},{"not_picked":["Feed","Reaper"],"picked":"Berserk"},{"not_picked":["Flame Barrier","Wild Strike"],"picked":"Iron Wave"},{"not_picked":["Heavy Blade","Power Through"],"picked":"Battle Trance"},{"not_picked":["Heavy Blade","Sever Soul"],"picked":"Flex"},{"not_picked":["Fiend Fire","Demon Form"],"picked":"Barricade"},{"not_picked":["Havoc","Burning Pact"],"picked":"Seeing Red"},{"not_picked":["Disarm","Corruption"],"picked":"Body Slam"},{"not_picked":["Armaments","Cleave"],"picked":"Headbutt"},{"not_picked":["Uppercut","Clash"],"picked":"Spot Weakness"}],"player_experience":155366,"potions_floor_usage":[11,14,22,24,24,33,41,42],"damage_taken":[{"damage":5,"enemies":"Small Slimes","floor":1,"turns":4},{"damage":3,"enemies":"2 Louse","floor":4,"turns":2},{"damage":6,"enemies":"Cultist","floor":5,"turns":3},{"damage":31,"enemies":"Lagavulin","floor":6,"turns":5},{"damage":14,"enemies":"Gremlin Nob","floor":8,"turns":3},{"damage":4,"enemies":"Red Slaver","floor":11,"turns":2},{"damage":8,"enemies":"Gremlin Gang","floor":12,"turns":4},{"damage":12,"enemies":"3 Sentries","floor":13,"turns":5},{"damage":2,"enemies":"Exordium Wildlife","floor":14,"turns":3},{"damage":34,"enemies":"The Guardian","floor":16,"turns":11},{"damage":12,"enemies":"3 Byrds","floor":18,"turns":3},{"damage":9,"enemies":"Shell Parasite","floor":19,"turns":11},{"damage":44,"enemies":"Snecko","floor":20,"turns":5},{"damage":15,"enemies":"Centurion and Healer","floor":22,"turns":4},{"damage":15,"enemies":"Book of Stabbing","floor":24,"turns":5},{"damage":12,"enemies":"Gremlin Leader","floor":30,"turns":4},{"damage":5,"enemies":"Snake Plant","floor":31,"turns":3},{"damage":16,"enemies":"Champ","floor":33,"turns":8},{"damage":9,"enemies":"3 Shapes","floor":35,"turns":6},{"damage":63,"enemies":"Mysterious Sphere","floor":36,"turns":8},{"damage":44,"enemies":"2 Orb Walkers","floor":41,"turns":4},{"damage":3,"enemies":"Orb Walker","floor":42,"turns":2},{"damage":31,"enemies":"Maw","floor":44,"turns":5}],"event_choices":[{"event_name":"Liars Game","player_choice":"disagreed","floor":2,"damage_taken":0},{"event_name":"Big Fish","player_choice":"Donut","floor":3,"damage_taken":0},{"event_name":"Drug Dealer","player_choice":"Got JAXXED","floor":28,"damage_taken":0},{"event_name":"Cursed Tome","player_choice":"Obtained Book","floor":29,"damage_taken":0},{"event_name":"Mysterious Sphere","player_choice":"Fight","floor":36,"damage_taken":0},{"event_name":"Duplicator","player_choice":"One dupe","floor":37,"damage_taken":0}],"boss_relics":[{"not_picked":["Pandora\u0027s Box","Calling Bell"],"picked":"Runic Pyramid"},{"not_picked":["Black Star","Orrery"],"picked":"Black Blood"}],"potions_floor_spawned":[1,4,6,12,14,19,20,31,33,36,41],"seed_played":"-6046810652537202029","killed_by":"Maw","ascension_level":2,"is_trial":false}