{"gold_per_floor":[119,119,119,137,152,152,186,186,186,204,219,219,219,254,254,354,354,371,470,498,423,436,436,469,469,469,469,108,143,143,143,143,238,238,248,264,264,283,283,283,283,296,378,410,427,427,440,453,453,453,453,453,2,27,27],"floor_reached":56,"playtime":4442,"items_purged":["Strike_B","Defend_B"],"score":1173,"play_id":"e208e3aa-e27f-42c1-b326-37bfc6536228","local_time":"20190810231740","is_ascension_mode":false,"campfire_choices":[{"data":"Defragment","floor":6,"key":"SMITH"},{"data":"Zap","floor":8,"key":"SMITH"},{"data":"Coolheaded","floor":13,"key":"SMITH"},{"data":"Dualcast","floor":15,"key":"SMITH"},{"data":"Genetic Algorithm","floor":23,"key":"SMITH"},{"data":"Defragment","floor":25,"key":"SMITH"},{"floor":27,"key":"DIG"},{"floor":32,"key":"REST"},{"floor":40,"key":"RECALL"},{"floor":46,"key":"DIG"},{"floor":49,"key":"DIG"},{"data":"Hologram","floor":52,"key":"SMITH"}],"neow_cost":"NONE","seed_source_timestamp":362952339717477,"circlet_count":0,"master_deck":["Defend_B","Zap+1","Dualcast+1","Defragment+1","Turbo","Capacitor","Coolheaded+1","Hologram+1","Reboot","Genetic Algorithm+1","Cold Snap+1","Ball Lightning+1","Force Field","Defragment+1","Darkness+1","Creative AI+1","Storm+1","Capacitor+1","Hello World+1","Machine Learning+1","Glacier+1","Chrysalis","Echo Form+1","Glacier+1","Static Discharge+1","Master of Strategy","Stack"],"relics":["Cracked Core","Symbiotic Virus","Shovel","Regal Pillow","Molten Egg 2","Bag of Preparation","Orrery","Red Mask","Frozen Egg 2","Pen Nib","Blood Vial","Mummified Hand","Meat on the Bone","Nilry\u0027s Codex","Empty Cage","Pantograph","Mercury Hourglass","Centennial Puzzle","Vajra","Lantern"],"potions_floor_usage":[14,16,20,24,24,29,48,55,55,55],"damage_taken":[{"damage":1,"enemies":"Cultist","floor":1,"turns":3},{"damage":3,"enemies":"Small Slimes","floor":4,"turns":2},{"damage":6,"enemies":"Jaw Worm","floor":5,"turns":3},{"damage":8,"enemies":"Lagavulin","floor":7,"turns":5},{"damage":0,"enemies":"Blue Slaver","floor":10,"turns":3},{"damage":0,"enemies":"Looter","floor":11,"turns":3},{"damage":7,"enemies":"3 Sentries","floor":14,"turns":6},{"damage":22,"enemies":"Hexaghost","floor":16,"turns":8},{"damage":0,"enemies":"Chosen","floor":18,"turns":4},{"damage":17,"enemies":"Masked Bandits","floor":20,"turns":4},{"damage":0,"enemies":"Shell Parasite","floor":22,"turns":5},{"damage":18,"enemies":"Book of Stabbing","floor":24,"turns":5},{"damage":5,"enemies":"Gremlin Leader","floor":29,"turns":3},{"damage":8,"enemies":"Automaton","floor":33,"turns":5},{"damage":0,"enemies":"3 Shapes","floor":35,"turns":3},{"damage":7,"enemies":"3 Darklings","floor":36,"turns":3},{"damage":9,"enemies":"Jaw Worm Horde","floor":38,"turns":3},{"damage":0,"enemies":"Spire Growth","floor":42,"turns":4},{"damage":0,"enemies":"Giant Head","floor":44,"turns":7},{"damage":0,"enemies":"Sphere and 2 Shapes","floor":45,"turns":4},{"damage":3,"enemies":"Jaw Worm Horde","floor":47,"turns":4},{"damage":5,"enemies":"Writhing Mass","floor":48,"turns":4},{"damage":26,"enemies":"Donu and Deca","floor":50,"turns":7},{"damage":16,"enemies":"Shield and Spear","floor":54,"turns":5},{"damage":56,"enemies":"The Heart","floor":55,"turns":8}],"seed_played":"-1182613244823323968","potions_obtained":[{"floor":4,"key":"FocusPotion"},{"floor":5,"key":"LiquidBronze"},{"floor":7,"key":"SteroidPotion"},{"floor":22,"key":"EntropicBrew"},{"floor":24,"key":"Fire Potion"},{"floor":33,"key":"SmokeBomb"},{"floor":35,"key":"SkillPotion"},{"floor":38,"key":"GamblersBrew"},{"floor":48,"key":"SteroidPotion"}],"is_trial":false,"path_per_floor":["M","T","?","M","M","R","E","R","T","M","M","T","R","E","R","B",null,"M","?","?","?","M","R","E","R","T","R","$","E","?","?","R","B",null,"M","M","T","M","$","R","?","M","T","E","M","R","M","M","R","B",null,"R","$","E","B",null],"character_chosen":"DEFECT","items_purchased":["Mummified Hand","Storm+1","Static Discharge+1","Master of Strategy","Stack","Ancient Potion"],"campfire_rested":1,"item_purchase_floors":[28,28,53,53,53,53],"current_hp_per_floor":[74,74,74,71,65,65,57,57,57,57,57,57,57,50,50,28,75,75,75,58,58,58,58,40,40,40,40,40,37,21,21,58,52,75,75,68,68,61,61,61,61,63,63,65,67,67,66,63,63,49,75,75,75,59,31],"gold":27,"neow_bonus":"TRANSFORM_CARD","is_prod":false,"is_daily":false,"chose_seed":false,"campfire_upgraded":7,"win_rate":0,"timestamp":1565471860,"path_taken":["M","?","?","M","?","R","E","R","T","M","M","?","R","E","R","BOSS","M","?","?","?","M","R","E","R","T","R","$","E","?","?","R","BOSS","M","M","?","M","$","R","?","M","T","E","M","R","M","M","R","BOSS","R","$","E","BOSS"],"build_version":"2019-07-17","purchased_purges":2,"victory":true,"max_hp_per_floor":[75,75,75,75,75,75,75,75,75,75,75,75,75,75,75,75,75,75,75,75,75,75,75,75,75,75,75,75,75,75,75,75,75,75,75,75,75,75,75,75,75,75,75,75,75,75,75,75,75,75,75,75,75,75,75],"card_choices":[{"not_picked":["Streamline","Redo","Beam Cell"],"picked":"SKIP","floor":1},{"not_picked":["Stack","Loop"],"picked":"Capacitor","floor":4},{"not_picked":["Conserve Battery","Leap","Barrage"],"picked":"SKIP","floor":5},{"not_picked":["Amplify","Steam","Capacitor"],"picked":"SKIP","floor":7},{"not_picked":["Compile Driver","Darkness"],"picked":"Coolheaded","floor":10},{"not_picked":["Scrape","Storm","Capacitor"],"picked":"SKIP","floor":11},{"not_picked":["Capacitor","Chaos"],"picked":"Hologram","floor":14},{"not_picked":["Amplify","All For One+1"],"picked":"Reboot","floor":16},{"not_picked":["Streamline+1","Compile Driver+1"],"picked":"Genetic Algorithm","floor":17},{"not_picked":["Sweeping Beam+1","Hologram"],"picked":"Cold Snap+1","floor":17},{"not_picked":["Streamline+1","Turbo"],"picked":"Ball Lightning+1","floor":17},{"not_picked":["Leap","Turbo"],"picked":"Force Field","floor":17},{"not_picked":["Multi-Cast","Auto Shields+1"],"picked":"Defragment","floor":18},{"not_picked":["Fusion","Sweeping Beam+1"],"picked":"Darkness+1","floor":22},{"not_picked":["Glacier","Cold Snap+1"],"picked":"Creative AI","floor":24},{"not_picked":["Go for the Eyes+1","Melter+1"],"picked":"Capacitor+1","floor":29},{"not_picked":["Seek","Amplify"],"picked":"Machine Learning+1","floor":33},{"not_picked":["Coolheaded+1","Conserve Battery","Rip and Tear+1"],"picked":"SKIP","floor":35},{"not_picked":["Rebound+1","Melter+1"],"picked":"Glacier+1","floor":36},{"not_picked":["Stack","Gash+1","Streamline+1"],"picked":"SKIP","floor":38},{"not_picked":["Bandage Up","Flash of Steel+1"],"picked":"Chrysalis","floor":41},{"not_picked":["Recycle","Cold Snap+1","Steam+1"],"picked":"SKIP","floor":42},{"not_picked":["Beam Cell+1","FTL+1","Barrage+1"],"picked":"SKIP","floor":44},{"not_picked":["Sunder+1","Conserve Battery","Gash+1"],"picked":"SKIP","floor":45},{"not_picked":["Turbo+1","Darkness"],"picked":"Echo Form+1","floor":47},{"not_picked":["Hologram","Leap"],"picked":"Glacier+1","floor":48},{"not_picked":["Hologram","Redo","Fusion+1"],"picked":"SKIP","floor":54}],"player_experience":174982,"relics_obtained":[{"floor":2,"key":"Symbiotic Virus"},{"floor":7,"key":"Shovel"},{"floor":9,"key":"Regal Pillow"},{"floor":12,"key":"Molten Egg 2"},{"floor":14,"key":"Bag of Preparation"},{"floor":20,"key":"Red Mask"},{"floor":24,"key":"Frozen Egg 2"},{"floor":26,"key":"Pen Nib"},{"floor":27,"key":"Blood Vial"},{"floor":29,"key":"Meat on the Bone"},{"floor":30,"key":"Nilry\u0027s Codex"},{"floor":37,"key":"Pantograph"},{"floor":44,"key":"Mercury Hourglass"},{"floor":46,"key":"Centennial Puzzle"},{"floor":49,"key":"Vajra"},{"floor":54,"key":"Lantern"}],"event_choices":[{"damage_healed":0,"gold_gain":0,"cards_transformed":["Strike_B"],"player_choice":"Transformed","damage_taken":0,"max_hp_gain":0,"max_hp_loss":0,"event_name":"Transmorgrifier","floor":3,"gold_loss":0,"cards_obtained":["Turbo"]},{"damage_healed":0,"gold_gain":99,"player_choice":"Stole From Cult","damage_taken":0,"max_hp_gain":0,"max_hp_loss":0,"event_name":"Nest","floor":19,"gold_loss":0},{"damage_healed":0,"gold_gain":0,"player_choice":"Fought Bandits","damage_taken":0,"max_hp_gain":0,"max_hp_loss":0,"event_name":"Masked Bandits","floor":20,"gold_loss":0},{"cards_removed":["Defend_B"],"damage_healed":0,"gold_gain":0,"player_choice":"Gave Gold","damage_taken":0,"max_hp_gain":0,"max_hp_loss":0,"event_name":"Beggar","floor":21,"gold_loss":75},{"damage_healed":0,"gold_gain":0,"player_choice":"Obtained Book","damage_taken":16,"max_hp_gain":0,"max_hp_loss":0,"event_name":"Cursed Tome","floor":30,"gold_loss":0},{"damage_healed":0,"gold_gain":0,"player_choice":"1 cards matched","damage_taken":0,"max_hp_gain":0,"max_hp_loss":0,"event_name":"Match and Keep!","floor":31,"gold_loss":0,"cards_obtained":["Hello World"]},{"damage_healed":0,"gold_gain":0,"player_choice":"Memory 1","damage_taken":0,"max_hp_gain":0,"max_hp_loss":0,"event_name":"SensoryStone","floor":41,"gold_loss":0}],"is_beta":false,"boss_relics":[{"not_picked":["Astrolabe","Runic Dome"],"picked":"Orrery"},{"not_picked":["Pandora\u0027s Box","Calling Bell"],"picked":"Empty Cage"}],"items_purged_floors":[28,53],"is_endless":false,"potions_floor_spawned":[4,5,7,22,24,33,35,38,42,45,48],"ascension_level":0}