{"path_per_floor":["M","M","?","?","M","R","E","?","T","M","R","M","M","M","R"],"character_chosen":"IRONCLAD","items_purchased":[],"gold_per_floor":[114,124,74,74,86,86,114,114,138,158,158,173,185,197,197,197],"floor_reached":16,"campfire_rested":2,"playtime":873,"current_hp_per_floor":[80,80,80,73,64,64,22,14,14,18,42,40,26,32,56,0],"items_purged":[],"gold":197,"score":130,"play_id":"a8557bec-786c-42b6-8107-a1ac816c6d00","local_time":"20180522145229","is_prod":false,"is_daily":false,"chose_seed":false,"is_ascension_mode":true,"campfire_upgraded":1,"timestamp":1526993549,"campfire_choices":[{"data":"Bash","floor":6,"key":"SMITH"},{"floor":11,"key":"REST"},{"floor":15,"key":"REST"}],"path_taken":["M","M","?","?","?","R","E","?","T","M","R","?","M","M","R","BOSS"],"build_version":"2018-05-17","seed_source_timestamp":615102485580367,"purchased_purges":0,"victory":false,"master_deck":["Strike_R","Strike_R","Strike_R","Defend_R","Defend_R","Defend_R","Defend_R","Bash+1","Flex","Limit Break"],"max_hp_per_floor":[80,80,80,80,80,80,80,80,80,80,80,80,80,80,80,80],"relics":["Burning Blood","Anchor","Art of War"],"card_choices":[{"not_picked":["Blood for Blood","Flame Barrier","Heavy Blade"],"picked":"SKIP","floor":5},{"not_picked":["Twin Strike","Disarm","Flame Barrier"],"picked":"SKIP","floor":7},{"not_picked":["Warcry","Disarm"],"picked":"Flex","floor":10},{"not_picked":["Warcry","Armaments","Clash"],"picked":"SKIP","floor":12},{"not_picked":["Entrench","Armaments","Blood for Blood"],"picked":"SKIP","floor":13},{"not_picked":["Entrench","Clothesline"],"picked":"Limit Break","floor":14}],"player_experience":246638,"potions_floor_usage":[7,16,16],"damage_taken":[{"damage":6,"enemies":"Cultist","floor":1,"turns":3},{"damage":3,"enemies":"2 Louse","floor":2,"turns":3},{"damage":15,"enemies":"Small Slimes","floor":5,"turns":5},{"damage":48,"enemies":"Lagavulin","floor":7,"turns":8},{"damage":2,"enemies":"3 Louse","floor":10,"turns":5},{"damage":8,"enemies":"Blue Slaver","floor":12,"turns":5},{"damage":20,"enemies":"Exordium Thugs","floor":13,"turns":5},{"damage":0,"enemies":"Gremlin Gang","floor":14,"turns":10},{"damage":58,"enemies":"Hexaghost","floor":16,"turns":11}],"relics_obtained":[{"floor":7,"key":"Anchor"},{"floor":9,"key":"Art of War"}],"event_choices":[{"event_name":"The Cleric","player_choice":"Card Removal","floor":3,"damage_taken":0},{"event_name":"Golden Wing","player_choice":"Card Removal","floor":4,"damage_taken":0},{"event_name":"Wheel of Change","player_choice":"Damage","floor":8,"damage_taken":0}],"boss_relics":[],"potions_floor_spawned":[2,5,14],"seed_played":"1101145182636487728","killed_by":"Hexaghost","ascension_level":5,"potions_obtained":[{"floor":2,"key":"SpeedPotion"},{"floor":5,"key":"PowerPotion"},{"floor":14,"key":"Block Potion"}],"is_trial":false}