{"gold_per_floor":[111,111,125,136,156,156,167,187,187,187,21,21,21,36,36,140,140,153,173,190,200,200,200,217,217,294,66,66,81,93,93,93,188,188,208,208,208,228,241,241,252,34,61,61,72,91,91],"floor_reached":47,"playtime":3608,"items_purged":[],"score":425,"play_id":"67503ebe-40a8-4ec8-8508-78db639719ba","local_time":"20190810045415","is_ascension_mode":false,"campfire_choices":[{"data":"Metallicize","floor":6.0,"key":"SMITH"},{"data":"Body Slam","floor":10.0,"key":"SMITH"},{"data":"True Grit","floor":13.0,"key":"SMITH"},{"data":"Pommel Strike","floor":15.0,"key":"SMITH"},{"floor":23.0,"key":"REST"},{"data":"Feel No Pain","floor":25.0,"key":"SMITH"},{"data":"Dark Embrace","floor":28.0,"key":"SMITH"},{"data":"Burning Pact","floor":32.0,"key":"SMITH"},{"data":"Demon Form","floor":40,"key":"SMITH"},{"data":"Entrench","floor":44,"key":"SMITH"}],"neow_cost":"PERCENT_DAMAGE","seed_source_timestamp":0,"circlet_count":0,"master_deck":["Strike_R","Strike_R","Strike_R","Strike_R","Strike_R","Defend_R","Defend_R","Defend_R","Defend_R","Metallicize+1","Pommel Strike+1","Uppercut","Body Slam+1","Shrug It Off","Offering","True Grit+1","Dark Embrace+1","Rampage+1","Cleave+1","Feel No Pain+1","Havoc","Ghostly Armor","Burning Pact+1","Demon Form+1","Heavy Blade+1","Battle Trance+1","Headbutt","Entrench+1","Parasite"],"special_seed":0,"relics":["Burning Blood","Ice Cream","Kunai","Runic Cube","Letter Opener","Bronze Scales","Mark of Pain","Happy Flower","Dream Catcher"],"potions_floor_usage":[45,45],"damage_taken":[{"damage":10.0,"enemies":"Small Slimes","floor":1.0,"turns":4.0},{"damage":1.0,"enemies":"Cultist","floor":3.0,"turns":4.0},{"damage":1.0,"enemies":"Jaw Worm","floor":4.0,"turns":5.0},{"damage":18.0,"enemies":"Lots of Slimes","floor":5.0,"turns":6.0},{"damage":5.0,"enemies":"Looter","floor":7.0,"turns":3.0},{"damage":1.0,"enemies":"Gremlin Gang","floor":8.0,"turns":6.0},{"damage":6.0,"enemies":"2 Fungi Beasts","floor":14.0,"turns":2.0},{"damage":14.0,"enemies":"The Guardian","floor":16.0,"turns":13.0},{"damage":29.0,"enemies":"Spheric Guardian","floor":18.0,"turns":9.0},{"damage":12.0,"enemies":"Chosen","floor":19.0,"turns":5.0},{"damage":20.0,"enemies":"Snake Plant","floor":20.0,"turns":6.0},{"damage":19.0,"enemies":"Shelled Parasite and Fungi","floor":21.0,"turns":7.0},{"damage":11.0,"enemies":"Snecko","floor":24.0,"turns":5.0},{"damage":12.0,"enemies":"Centurion and Healer","floor":29.0,"turns":7.0},{"damage":13.0,"enemies":"Shelled Parasite and Fungi","floor":30.0,"turns":8.0},{"damage":61.0,"enemies":"Collector","floor":33.0,"turns":18.0},{"damage":20.0,"enemies":"3 Darklings","floor":35.0,"turns":6.0},{"damage":22.0,"enemies":"3 Shapes","floor":38.0,"turns":3.0},{"damage":28.0,"enemies":"Sphere and 2 Shapes","floor":39.0,"turns":6.0},{"damage":20,"enemies":"Jaw Worm Horde","floor":41,"turns":6},{"damage":18,"enemies":"Maw","floor":45,"turns":9},{"damage":23,"enemies":"Writhing Mass","floor":46,"turns":8},{"damage":18,"enemies":"3 Darklings","floor":47,"turns":3}],"seed_played":"-8575414510894813630","potions_obtained":[{"floor":1.0,"key":"Poison Potion"},{"floor":5.0,"key":"EssenceOfSteel"},{"floor":7.0,"key":"SkillPotion"},{"floor":16.0,"key":"SkillPotion"},{"floor":20.0,"key":"Poison Potion"},{"floor":24.0,"key":"Fruit Juice"},{"floor":33.0,"key":"SkillPotion"},{"floor":35.0,"key":"Dexterity Potion"},{"floor":39,"key":"EssenceOfSteel"},{"floor":41,"key":"BloodPotion"}],"is_trial":false,"path_per_floor":["M","?","M","M","M","R","M","M","T","R","$","T","R","M","R","B",null,"M","M","M","M","?","R","M","R","T","$","R","M","M","?","R","B",null,"M","?","?","M","M","R","M","$","T","R","M","M","M"],"character_chosen":"IRONCLAD","items_purchased":["Offering","True Grit","Bronze Scales","Ghostly Armor","Entrench","Happy Flower"],"campfire_rested":1,"item_purchase_floors":[11,11,27,27,42,42],"current_hp_per_floor":[52,52,57,62,50,50,51,56,56,56,56,56,56,56,56,48,80,57,51,37,24,24,48,48,48,48,48,48,42,35,63,63,8,85,71,71,71,55,33,33,19,19,19,19,28,11,0],"gold":91,"neow_bonus":"ONE_RARE_RELIC","is_prod":false,"is_daily":false,"chose_seed":false,"campfire_upgraded":9,"win_rate":0,"timestamp":1565405655,"path_taken":["M","?","M","M","M","R","M","M","T","R","?","?","R","M","R","BOSS","M","M","?","M","?","R","M","R","T","$","R","?","M","?","R","BOSS","M","?","?","M","M","R","M","?","T","R","M","M","M"],"build_version":"2019-07-17","purchased_purges":0,"victory":false,"max_hp_per_floor":[80,80,80,80,80,80,80,80,80,80,80,80,80,80,80,80,80,80,80,80,80,80,80,85,85,85,85,85,85,85,85,85,85,85,85,85,85,85,85,85,85,85,85,85,85,85,85],"card_choices":[{"not_picked":["Disarm","Cleave"],"picked":"Metallicize","floor":1.0},{"not_picked":["Clash","Wild Strike","Second Wind"],"picked":"SKIP","floor":3.0},{"not_picked":["Armaments","Havoc"],"picked":"Uppercut","floor":4.0},{"not_picked":["Wild Strike","Sever Soul"],"picked":"Body Slam","floor":5.0},{"not_picked":["Clothesline","Wild Strike"],"picked":"Uppercut","floor":7.0},{"not_picked":["Anger","Fire Breathing"],"picked":"Shrug It Off","floor":8.0},{"not_picked":["Sever Soul","Combust","Twin Strike"],"picked":"SKIP","floor":14.0},{"not_picked":["Brutality","Double Tap"],"picked":"Dark Embrace","floor":16.0},{"not_picked":["Flex+1","Heavy Blade"],"picked":"Rampage+1","floor":18.0},{"not_picked":["Heavy Blade","Rage"],"picked":"Cleave+1","floor":19.0},{"not_picked":["Armaments","Rage"],"picked":"Feel No Pain","floor":20.0},{"not_picked":["Clothesline","Twin Strike"],"picked":"Havoc","floor":21.0},{"not_picked":["Clothesline+1","Anger","Power Through+1"],"picked":"SKIP","floor":24.0},{"not_picked":["Fire Breathing+1","Uppercut","Heavy Blade+1"],"picked":"SKIP","floor":29.0},{"not_picked":["Twin Strike","Dropkick"],"picked":"Burning Pact","floor":30.0},{"not_picked":["Reaper","Immolate"],"picked":"Demon Form","floor":33.0},{"not_picked":["Dual Wield","Rupture"],"picked":"Heavy Blade+1","floor":35.0},{"not_picked":["Sentinel","Dual Wield"],"picked":"Battle Trance+1","floor":38.0},{"not_picked":["Body Slam+1","Thunderclap"],"picked":"Headbutt","floor":39},{"not_picked":["Searing Blow","Body Slam+1","Headbutt+1"],"picked":"SKIP","floor":41},{"not_picked":["Body Slam","Iron Wave+1","Dropkick"],"picked":"SKIP","floor":45},{"not_picked":["Sever Soul+1","Twin Strike+1","Heavy Blade"],"picked":"SKIP","floor":46}],"player_experience":167208,"relics_obtained":[{"floor":12.0,"key":"Kunai"},{"floor":26.0,"key":"Letter Opener"},{"floor":43,"key":"Dream Catcher"}],"event_choices":[{"cards_removed":["Bash"],"damage_healed":0.0,"max_hp_gain":0.0,"max_hp_loss":0.0,"gold_gain":0.0,"event_name":"NoteForYourself","player_choice":"Took Card","floor":2.0,"gold_loss":0.0,"damage_taken":0.0,"cards_obtained":["Pommel Strike"]},{"damage_healed":0.0,"max_hp_gain":0.0,"max_hp_loss":0.0,"gold_gain":0.0,"event_name":"FaceTrader","player_choice":"Leave","floor":22.0,"gold_loss":0.0,"damage_taken":0.0},{"damage_healed":28.0,"max_hp_gain":0.0,"max_hp_loss":0.0,"gold_gain":0.0,"event_name":"The Library","player_choice":"Heal","floor":31.0,"gold_loss":0.0,"damage_taken":0.0},{"cards_removed":["Uppercut"],"damage_healed":0.0,"max_hp_gain":0.0,"max_hp_loss":0.0,"gold_gain":0.0,"event_name":"Falling","player_choice":"Removed Attack","floor":36.0,"gold_loss":0.0,"damage_taken":0.0},{"damage_healed":0.0,"max_hp_gain":0.0,"max_hp_loss":0.0,"gold_gain":0.0,"event_name":"Match and Keep!","player_choice":"0 cards matched","floor":37.0,"gold_loss":0.0,"damage_taken":0.0,"cards_obtained":[]}],"is_beta":false,"boss_relics":[{"not_picked":["Runic Dome","Black Star"],"picked":"Runic Cube"},{"not_picked":["Philosopher\u0027s Stone","Pandora\u0027s Box"],"picked":"Mark of Pain"}],"items_purged_floors":[],"is_endless":false,"potions_floor_spawned":[1,5,7,16,20,24,33,35,39,41],"killed_by":"3 Darklings","ascension_level":0}