{"gold_per_floor":[116,116,135,151,162,162,162,162,162,162,175,175],"floor_reached":12,"playtime":472,"items_purged":[],"score":140,"play_id":"5940e99c-9bf3-4d1e-bd05-387e8f4dc925","local_time":"20190222131652","is_ascension_mode":true,"campfire_choices":[{"data":"Neutralize","floor":6,"key":"SMITH"},{"data":"Leg Sweep","floor":8,"key":"SMITH"},{"data":"Backflip","floor":10,"key":"SMITH"}],"neow_cost":"NONE","seed_source_timestamp":675257096291246,"circlet_count":0,"master_deck":["AscendersBane","Defend_G","Defend_G","Defend_G","Defend_G","Strike_G","Strike_G","Strike_G","Strike_G","Strike_G","Survivor","Neutralize+1","Leg Sweep+1","Backflip+1","Backstab"],"relics":["Ring of the Snake","NeowsBlessing","StoneCalendar"],"potions_floor_usage":[12,12],"damage_taken":[{"damage":0,"enemies":"Jaw Worm","floor":1,"turns":1},{"damage":0,"enemies":"2 Louse","floor":3,"turns":2},{"damage":0,"enemies":"Small Slimes","floor":4,"turns":1},{"damage":2,"enemies":"Blue Slaver","floor":5,"turns":6},{"damage":1,"enemies":"3 Louse","floor":11,"turns":3},{"damage":33,"enemies":"Lagavulin","floor":12,"turns":15}],"seed_played":"-1740023210400355979","potions_obtained":[{"floor":4,"key":"Block Potion"},{"floor":11,"key":"Ancient Potion"}],"is_trial":false,"path_per_floor":["M","?","M","M","M","R","?","R","T","R","M","E"],"character_chosen":"THE_SILENT","items_purchased":[],"campfire_rested":0,"item_purchase_floors":[],"current_hp_per_floor":[59,52,52,52,50,50,55,55,55,55,54,21],"gold":175,"neow_bonus":"THREE_ENEMY_KILL","is_prod":false,"is_daily":false,"chose_seed":false,"campfire_upgraded":3,"win_rate":0,"timestamp":1550837812,"path_taken":["M","?","M","M","M","R","?","R","T","R","M","E"],"build_version":"2019-01-23","purchased_purges":0,"victory":false,"max_hp_per_floor":[66,66,66,66,66,66,71,71,71,71,71,71],"card_choices":[{"not_picked":["Outmaneuver","Dagger Throw"],"picked":"Leg Sweep","floor":1},{"not_picked":["Acrobatics","Wraith Form v2"],"picked":"Backflip","floor":3},{"not_picked":["Quick Slash","All Out Attack","Blade Dance"],"picked":"SKIP","floor":4},{"not_picked":["Dodge and Roll","PiercingWail"],"picked":"Backstab","floor":5},{"not_picked":["Concentrate","Flechettes","Reflex"],"picked":"SKIP","floor":11}],"player_experience":612393,"relics_obtained":[{"floor":9,"key":"StoneCalendar"}],"event_choices":[{"cards_removed":["Defend_G"],"damage_healed":0,"gold_gain":0,"player_choice":"Card Removal","damage_taken":7,"max_hp_gain":0,"max_hp_loss":0,"event_name":"Golden Wing","floor":2,"gold_loss":0},{"damage_healed":0,"gold_gain":0,"player_choice":"Donut","damage_taken":0,"max_hp_gain":5,"max_hp_loss":0,"event_name":"Big Fish","floor":7,"gold_loss":0}],"is_beta":false,"boss_relics":[],"items_purged_floors":[],"is_endless":false,"potions_floor_spawned":[4,11],"killed_by":"Lagavulin","ascension_level":20}