{"path_per_floor":["M","$","M","M","M","E","R","?","T","R","?","?","M","$","R","B",null,"M","M","$","?","M","E","R","M","T","R","M","T","M","?","R","B",null,"M","$","?","?","M","R","?","T","T","R","M","R","M","M","R","B"],"character_chosen":"THE_SILENT","items_purchased":["Footwork","Heel Hook","Escape Plan"],"gold_per_floor":[118,4,14,26,44,72,72,96,119,119,119,189,207,68,68,197,197,197,197,72,72,72,72,72,72,72,72,72,72,72,72,72,72,72,72,38,38,38,38,38,38,38,38,38,38,38,38,38,38,38],"floor_reached":51,"campfire_rested":6,"playtime":4946,"current_hp_per_floor":[70,70,70,70,65,57,57,42,42,42,25,25,10,10,31,18,70,68,54,54,54,47,23,44,32,32,53,53,53,50,50,50,41,70,38,38,38,38,23,44,44,44,44,65,64,64,45,44,65,23],"items_purged":["Defend_G","Strike_G","Defend_G"],"gold":38,"play_id":"d68869d2-317e-49f5-8b35-7d9f5a0e06c5","is_prod":false,"is_daily":false,"is_ascension_mode":false,"campfire_upgraded":4,"path_taken":["M","$","M","M","M","E","R","?","T","R","?","?","M","?","R","BOSS","M","M","$","?","?","E","R","M","T","R","M","?","M","?","R","BOSS","M","$","?","?","M","R","?","?","T","R","M","R","M","?","R","BOSS"],"build_version":"2018-02-01-PROD3","purchased_purges":5,"victory":true,"master_deck":["Defend_G","Defend_G","Defend_G","Strike_G","Strike_G","Survivor","Neutralize","Leg Sweep+1","Bane","Footwork","Quick Slash+1","Deadly Poison+1","Bane","Escape Plan","Heel Hook","Envenom+1","Backflip+1","Deadly Poison+1","Bane+1","Escape Plan","Bane+1","Flying Knee+1","Bullet Time","Slice+1","Escape Plan","Glass Knife","Deep Breath","Neutralize","Envenom+1","Poisoned Stab+1"],"max_hp_per_floor":[70,70,70,70,70,70,70,70,70,70,70,70,70,70,70,70,70,70,70,70,70,70,70,70,70,70,70,70,70,70,70,70,70,70,70,70,70,70,70,70,70,70,70,70,70,70,70,70,70,70],"relics":["Ring of the Snake","Paper Crane","Odd Mushroom","Golden Idol","Anchor","Ectoplasm","Snake Skull","Happy Flower","Frozen Egg 2","Runic Pyramid","Bag of Marbles","Omamori"],"card_choices":[{"not_picked":["Skewer","Poisoned Stab"],"picked":"Bane"},{"not_picked":["Endless Agony","PiercingWail"],"picked":"Quick Slash"},{"not_picked":["Dagger Spray","Sucker Punch"],"picked":"Deadly Poison"},{"not_picked":["Riddle With Holes","Prepared"],"picked":"Bane"},{"not_picked":["Infinite Blades","Leg Sweep"],"picked":"Escape Plan"},{"not_picked":["Doppelganger","Corpse Explosion"],"picked":"Envenom"},{"not_picked":["Acrobatics","Dodge and Roll"],"picked":"Backflip"},{"not_picked":["Terror","Slice"],"picked":"Deadly Poison"},{"not_picked":["Dagger Spray","Outmaneuver"],"picked":"Bane"},{"not_picked":["Quick Slash","Bane"],"picked":"Escape Plan"},{"not_picked":["All Out Attack","Outmaneuver"],"picked":"Bane"},{"not_picked":["Skewer","Dodge and Roll"],"picked":"Flying Knee"},{"not_picked":["Die Die Die","Doppelganger"],"picked":"Bullet Time"},{"not_picked":["Finisher","PiercingWail"],"picked":"Slice"},{"not_picked":["Bane","Acrobatics"],"picked":"Envenom"},{"not_picked":["Skewer","Outmaneuver"],"picked":"Poisoned Stab"}],"player_experience":44331,"potions_floor_usage":[6,12,16,16,19,33,47,50,50],"damage_taken":[{"damage":0,"enemies":"Small Slimes","floor":1,"turns":6},{"damage":0,"enemies":"Blue Slaver","floor":3,"turns":7},{"damage":0,"enemies":"2 Louse","floor":4,"turns":3},{"damage":5,"enemies":"Gremlin Gang","floor":5,"turns":10},{"damage":8,"enemies":"3 Sentries","floor":6,"turns":9},{"damage":15,"enemies":"The Mushroom Lair","floor":8,"turns":5},{"damage":0,"enemies":"Gremlin Nob","floor":12,"turns":3},{"damage":15,"enemies":"Large Slime","floor":13,"turns":7},{"damage":13,"enemies":"The Guardian","floor":16,"turns":9},{"damage":2,"enemies":"Chosen","floor":18,"turns":4},{"damage":14,"enemies":"Spheric Guardian","floor":19,"turns":5},{"damage":7,"enemies":"Centurion and Healer","floor":22,"turns":6},{"damage":24,"enemies":"Book of Stabbing","floor":23,"turns":5},{"damage":12,"enemies":"Slaver and Parasite","floor":25,"turns":5},{"damage":0,"enemies":"Cultist and Chosen","floor":28,"turns":4},{"damage":3,"enemies":"Centurion and Healer","floor":30,"turns":5},{"damage":9,"enemies":"Automaton","floor":33,"turns":6},{"damage":32,"enemies":"3 Darklings","floor":35,"turns":6},{"damage":15,"enemies":"3 Shapes","floor":39,"turns":9},{"damage":1,"enemies":"3 Darklings","floor":45,"turns":6},{"damage":19,"enemies":"Sphere and 2 Shapes","floor":47,"turns":7},{"damage":1,"enemies":"Maw","floor":48,"turns":7},{"damage":42,"enemies":"Donu and Deca","floor":50,"turns":9}],"event_choices":[{"event_name":"Mushrooms","player_choice":"Fought Mushrooms","floor":8,"damage_taken":0},{"event_name":"Golden Idol","player_choice":"Take Damage","floor":11,"damage_taken":0},{"event_name":"Dead Adventurer","player_choice":"Searched \u00272\u0027 times","floor":12,"damage_taken":0},{"event_name":"Beggar","player_choice":"Ignored","floor":21,"damage_taken":0},{"event_name":"Cursed Tome","player_choice":"Ignored","floor":31,"damage_taken":0},{"event_name":"Golden Shrine","player_choice":"Pray","floor":37,"damage_taken":0},{"event_name":"Match and Keep!","player_choice":"3 cards matched","floor":38,"damage_taken":0}],"boss_relics":[{"not_picked":["Sozu","Cursed Key"],"picked":"Ectoplasm"},{"not_picked":["Tiny House","Calling Bell"],"picked":"Runic Pyramid"}],"potions_floor_spawned":[1,4,5,8,16,19,25,39,45],"seed_played":"9191723302518857099","ascension_level":0,"is_trial":false}