{"path_per_floor":["M","?","?","M","$","R","E","R","T","M","E","$","E","M","R","B",null,"M","?","$","M","$","R","E","R","T","M","?","M","M","M","R"],"character_chosen":"IRONCLAD","items_purchased":["Offering"],"gold_per_floor":[109,109,109,119,44,44,71,71,71,82,114,14,44,60,60,159,159,177,177,177,188,32,32,58,58,58,69,69,82,101,121,121],"floor_reached":33,"campfire_rested":2,"playtime":1238,"current_hp_per_floor":[72,77,77,71,71,71,51,51,51,54,42,42,16,22,45,21,63,64,53,53,48,48,48,30,30,30,8,8,18,9,11,26],"items_purged":["Doubt","Defend_R"],"gold":121,"score":382,"play_id":"70393458-d005-462d-b53d-a9a805cc6317","local_time":"20180316144356","is_prod":false,"is_daily":false,"is_ascension_mode":true,"campfire_upgraded":4,"timestamp":1521207836,"path_taken":["M","?","?","M","$","R","E","R","T","M","E","$","E","M","R","BOSS","M","?","?","M","$","R","E","R","T","M","?","M","M","M","R","BOSS"],"build_version":"2018-03-15","purchased_purges":4,"victory":false,"master_deck":["Defend_R","Defend_R","Bash","Whirlwind+1","Metallicize+1","Flex+1","Rampage+1","Spot Weakness+1","Flex","Bite+1","Bite+1","Bite+1","Bite+1","Bite+1","Battle Trance","Offering","Pain","Armaments+1","Thunderclap+1","Iron Wave+1"],"max_hp_per_floor":[72,77,77,77,77,77,77,77,77,77,77,77,77,77,77,77,77,77,53,53,53,53,53,53,53,53,53,53,53,53,53,53],"relics":["Burning Blood","Molten Egg 2","Bottled Flame","Bronze Scales","Oddly Smooth Stone","Cursed Key","Letter Opener","Prayer Wheel"],"card_choices":[{"not_picked":["Warcry","Feel No Pain"],"picked":"Whirlwind"},{"not_picked":["Headbutt","Wild Strike"],"picked":"Flex"},{"not_picked":["Bloodletting","Demon Form"],"picked":"Rampage"},{"not_picked":["Intimidate","Havoc"],"picked":"Spot Weakness"},{"not_picked":["Searing Blow","Fire Breathing"],"picked":"Flex"},{"not_picked":["Searing Blow","Anger"],"picked":"Battle Trance"},{"not_picked":["Iron Wave","True Grit"],"picked":"Armaments"},{"not_picked":["Cleave","Corruption"],"picked":"Thunderclap"},{"not_picked":["True Grit","Thunderclap"],"picked":"Iron Wave"}],"player_experience":215439,"potions_floor_usage":[16,27,27,29,31],"damage_taken":[{"damage":6,"enemies":"Cultist","floor":1,"turns":3},{"damage":12,"enemies":"Small Slimes","floor":4,"turns":2},{"damage":26,"enemies":"3 Sentries","floor":7,"turns":6},{"damage":3,"enemies":"Jaw Worm","floor":10,"turns":3},{"damage":18,"enemies":"Gremlin Nob","floor":11,"turns":4},{"damage":32,"enemies":"Lagavulin","floor":13,"turns":5},{"damage":0,"enemies":"Gremlin Gang","floor":14,"turns":1},{"damage":30,"enemies":"Hexaghost","floor":16,"turns":8},{"damage":5,"enemies":"Spheric Guardian","floor":18,"turns":3},{"damage":17,"enemies":"Chosen","floor":21,"turns":4},{"damage":30,"enemies":"Slavers","floor":24,"turns":3},{"damage":55,"enemies":"Centurion and Healer","floor":27,"turns":3},{"damage":20,"enemies":"Slaver and Parasite","floor":29,"turns":5},{"damage":24,"enemies":"Snake Plant","floor":30,"turns":2},{"damage":4,"enemies":"Sentry and Sphere","floor":31,"turns":1},{"damage":94,"enemies":"Automaton","floor":33,"turns":6}],"event_choices":[{"event_name":"Big Fish","player_choice":"Donut","floor":2,"damage_taken":0},{"event_name":"Match and Keep!","player_choice":"2 cards matched","floor":3,"damage_taken":0},{"event_name":"Vampires","player_choice":"Became a vampire","floor":19,"damage_taken":0},{"event_name":"Addict","player_choice":"Ignored","floor":28,"damage_taken":0}],"boss_relics":[{"not_picked":["White Beast Statue","Black Blood"],"picked":"Cursed Key"}],"potions_floor_spawned":[4,7,21,27,30],"seed_played":"5289629376408273177","killed_by":"Automaton","ascension_level":5,"is_trial":false}