{"gold_per_floor":[12,30,47,47,47,47,77,77,130,4,27,27,42,73,73,171,171,181,181,205,229,257,269,298,329,341,353,365,395,434,446,458,569,581,606,618,126,172,172,172,172,172,172,201,201,233,233,253,253,253,253,253,53,53],"floor_reached":54,"playtime":2885,"items_purged":["Strike_R","Writhe"],"score":835,"play_id":"2db35cb8-5685-420b-ae3d-9175cfe4c45b","local_time":"20190826000033","is_ascension_mode":true,"campfire_choices":[{"data":"Whirlwind","floor":6,"key":"SMITH"},{"data":"Flex","floor":8,"key":"SMITH"},{"data":"Metallicize","floor":12,"key":"SMITH"},{"data":"Heavy Blade","floor":15,"key":"SMITH"},{"data":"Limit Break","floor":23,"key":"SMITH"},{"floor":28,"key":"REST"},{"floor":32,"key":"REST"},{"data":"1","floor":40,"key":"LIFT"},{"data":"2","floor":42,"key":"LIFT"},{"data":"3","floor":47,"key":"LIFT"},{"floor":49,"key":"RECALL"},{"data":"Metallicize","floor":52,"key":"SMITH"}],"neow_cost":"NO_GOLD","seed_source_timestamp":200408336264120,"circlet_count":0,"master_deck":["Strike_R+1","Strike_R+1","Strike_R+1","Defend_R+1","Defend_R+1","Defend_R+1","Defend_R+1","Bash","Flex+1","Uppercut","Whirlwind+1","Shrug It Off","Metallicize+1","Heavy Blade+1","Disarm","Limit Break+1","Inflame","Shrug It Off+1","Cleave","Double Tap","Shrug It Off+1","Brutality","Shockwave+1","Apotheosis+1","Metallicize+1","Bandage Up+1","Rage+1","Flex+1"],"relics":["Burning Blood","Gambling Chip","PreservedInsect","Odd Mushroom","Boot","Runic Cube","MawBank","Toxic Egg 2","Bag of Preparation","Ancient Tea Set","Black Star","Oddly Smooth Stone","Girya","Pantograph","Bag of Marbles","Strawberry","Pen Nib","Bottled Tornado","Anchor"],"potions_floor_usage":[7,16,21,33,33,44],"damage_taken":[{"damage":6,"enemies":"Jaw Worm","floor":1,"turns":5},{"damage":0,"enemies":"Small Slimes","floor":2,"turns":3},{"damage":1,"enemies":"Cultist","floor":3,"turns":3},{"damage":0,"enemies":"3 Sentries","floor":7,"turns":1},{"damage":0,"enemies":"The Mushroom Lair","floor":11,"turns":1},{"damage":10,"enemies":"3 Louse","floor":13,"turns":2},{"damage":10,"enemies":"Gremlin Nob","floor":14,"turns":3},{"damage":38,"enemies":"Slime Boss","floor":16,"turns":11},{"damage":12,"enemies":"Chosen","floor":18,"turns":3},{"damage":13,"enemies":"Spheric Guardian","floor":20,"turns":4},{"damage":36,"enemies":"Shelled Parasite and Fungi","floor":21,"turns":7},{"damage":0,"enemies":"Snecko","floor":22,"turns":3},{"damage":19,"enemies":"Sentry and Sphere","floor":24,"turns":5},{"damage":34,"enemies":"Centurion and Healer","floor":25,"turns":5},{"damage":9,"enemies":"Shelled Parasite and Fungi","floor":29,"turns":10},{"damage":42,"enemies":"Champ","floor":33,"turns":8},{"damage":37,"enemies":"3 Shapes","floor":35,"turns":2},{"damage":32,"enemies":"2 Orb Walkers","floor":38,"turns":5},{"damage":68,"enemies":"Reptomancer","floor":44,"turns":7},{"damage":33,"enemies":"Nemesis","floor":46,"turns":9},{"damage":3,"enemies":"Orb Walker","floor":48,"turns":4},{"damage":13,"enemies":"Time Eater","floor":50,"turns":9},{"damage":100,"enemies":"Shield and Spear","floor":54,"turns":6}],"seed_played":"5080678060523713883","potions_obtained":[{"floor":2,"key":"PowerPotion"},{"floor":3,"key":"SteroidPotion"},{"floor":11,"key":"Weak Potion"},{"floor":14,"key":"AttackPotion"},{"floor":18,"key":"SkillPotion"},{"floor":24,"key":"FairyPotion"},{"floor":25,"key":"Poison Potion"},{"floor":29,"key":"SkillPotion"},{"floor":33,"key":"LiquidBronze"},{"floor":38,"key":"GamblersBrew"}],"is_trial":false,"path_per_floor":["M","M","M","?","?","R","E","R","T","$","?","R","M","E","R","B",null,"M","?","M","M","M","R","M","M","T","?","R","M","T","?","R","B",null,"M","?","$","?","?","R","?","R","T","E","?","E","R","M","R","B",null,"R","$","E"],"character_chosen":"IRONCLAD","items_purchased":["PowerPotion","Oddly Smooth Stone","Apotheosis+1","Metallicize","Anchor","Flex+1"],"campfire_rested":2,"item_purchase_floors":[10,37,37,37,53,53],"current_hp_per_floor":[80,80,80,85,85,85,85,85,85,85,85,85,81,77,77,45,85,79,79,72,42,48,48,35,7,7,7,32,29,29,29,54,18,85,54,75,75,49,49,49,49,49,49,21,80,59,59,62,62,79,80,80,80,0],"gold":53,"neow_bonus":"ONE_RARE_RELIC","is_prod":false,"is_daily":false,"chose_seed":false,"campfire_upgraded":6,"win_rate":0,"timestamp":1566770433,"path_taken":["M","M","M","?","?","R","E","R","T","$","?","R","?","E","R","BOSS","M","?","?","M","M","R","M","M","T","?","R","M","?","?","R","BOSS","M","?","$","?","?","R","?","R","T","E","?","E","R","M","R","BOSS","R","$","E"],"build_version":"2019-07-17","purchased_purges":2,"victory":false,"max_hp_per_floor":[80,80,80,85,85,85,85,85,85,85,85,85,85,85,85,85,85,85,85,85,85,85,85,85,85,85,85,85,85,85,85,85,85,85,85,85,85,85,85,85,85,85,85,92,80,80,80,80,80,80,80,80,80,80],"card_choices":[{"not_picked":["True Grit","Battle Trance"],"picked":"Flex","floor":1},{"not_picked":["Perfected Strike","Warcry"],"picked":"Uppercut","floor":2},{"not_picked":["Rampage","Intimidate"],"picked":"Whirlwind","floor":3},{"not_picked":["Burning Pact","Searing Blow"],"picked":"Shrug It Off","floor":7},{"not_picked":["Ghostly Armor","Blood for Blood"],"picked":"Metallicize","floor":11},{"not_picked":["Pommel Strike","Corruption"],"picked":"Heavy Blade","floor":13},{"not_picked":["Hemokinesis","Searing Blow"],"picked":"Disarm","floor":14},{"not_picked":["Berserk","Brutality"],"picked":"Limit Break","floor":16},{"not_picked":["Uppercut","Fire Breathing","Sword Boomerang"],"picked":"SKIP","floor":18},{"not_picked":["Clash+1","Heavy Blade"],"picked":"Inflame","floor":20},{"not_picked":["Burning Pact","Whirlwind","Headbutt"],"picked":"SKIP","floor":21},{"not_picked":["Wild Strike","Anger+1"],"picked":"Shrug It Off+1","floor":22},{"not_picked":["Clash","Feel No Pain"],"picked":"Cleave","floor":24},{"not_picked":["Anger","True Grit+1"],"picked":"Double Tap","floor":25},{"not_picked":["Infernal Blade+1","Twin Strike"],"picked":"Shrug It Off+1","floor":29},{"not_picked":["Fiend Fire","Berserk"],"picked":"Brutality","floor":33},{"not_picked":["Heavy Blade+1","Pommel Strike+1"],"picked":"Shockwave+1","floor":35},{"not_picked":["PanicButton+1","Dark Shackles+1"],"picked":"Bandage Up+1","floor":41},{"not_picked":["Headbutt","Sentinel+1","Immolate"],"picked":"SKIP","floor":44},{"not_picked":["Iron Wave","Shrug It Off+1"],"picked":"Rage+1","floor":46},{"not_picked":["Thunderclap","True Grit+1","Headbutt+1"],"picked":"SKIP","floor":48}],"player_experience":242231,"relics_obtained":[{"floor":7,"key":"PreservedInsect"},{"floor":11,"key":"Odd Mushroom"},{"floor":14,"key":"Boot"},{"floor":26,"key":"Toxic Egg 2"},{"floor":30,"key":"Bag of Preparation"},{"floor":38,"key":"Girya"},{"floor":43,"key":"Pantograph"},{"floor":44,"key":"Bag of Marbles"},{"floor":44,"key":"Strawberry"},{"floor":46,"key":"Pen Nib"},{"floor":46,"key":"Bottled Tornado"}],"event_choices":[{"damage_healed":0,"gold_gain":0,"player_choice":"Donut","damage_taken":0,"max_hp_gain":5,"max_hp_loss":0,"event_name":"Big Fish","floor":4,"gold_loss":0},{"cards_removed":["Strike_R"],"damage_healed":0,"gold_gain":0,"player_choice":"Forget","damage_taken":0,"max_hp_gain":0,"max_hp_loss":0,"event_name":"Living Wall","floor":5,"gold_loss":0},{"damage_healed":0,"gold_gain":0,"player_choice":"Fought Mushrooms","damage_taken":0,"max_hp_gain":0,"max_hp_loss":0,"event_name":"Mushrooms","floor":11,"gold_loss":0},{"damage_healed":0,"gold_gain":0,"player_choice":"Gave Potion","damage_taken":0,"relics_obtained":["MawBank"],"max_hp_gain":0,"max_hp_loss":0,"event_name":"WeMeetAgain","floor":19,"gold_loss":0},{"damage_healed":0,"gold_gain":0,"player_choice":"Simplicity","damage_taken":0,"max_hp_gain":0,"max_hp_loss":0,"event_name":"Back to Basics","floor":27,"gold_loss":0,"cards_upgraded":["Strike_R","Strike_R","Strike_R","Defend_R","Defend_R","Defend_R","Defend_R"]},{"damage_healed":0,"gold_gain":0,"player_choice":"Opened","damage_taken":0,"relics_obtained":["Ancient Tea Set"],"max_hp_gain":0,"max_hp_loss":0,"event_name":"The Mausoleum","floor":31,"gold_loss":0},{"damage_healed":21,"gold_gain":0,"player_choice":"Writhe","damage_taken":0,"max_hp_gain":0,"max_hp_loss":0,"event_name":"Winding Halls","floor":36,"gold_loss":0,"cards_obtained":["Writhe"]},{"damage_healed":0,"gold_gain":0,"player_choice":"Fight","damage_taken":0,"max_hp_gain":0,"max_hp_loss":0,"event_name":"Mysterious Sphere","floor":38,"gold_loss":0},{"damage_healed":0,"gold_gain":0,"player_choice":"Ignored","damage_taken":0,"max_hp_gain":0,"max_hp_loss":0,"event_name":"Tomb of Lord Red Mask","floor":39,"gold_loss":0},{"damage_healed":0,"gold_gain":0,"player_choice":"Memory 1","damage_taken":0,"max_hp_gain":0,"max_hp_loss":0,"event_name":"SensoryStone","floor":41,"gold_loss":0},{"damage_healed":80,"gold_gain":0,"player_choice":"Heal","damage_taken":0,"max_hp_gain":0,"max_hp_loss":12,"event_name":"The Moai Head","floor":45,"gold_loss":0}],"is_beta":false,"boss_relics":[{"not_picked":["White Beast Statue","Pandora\u0027s Box"],"picked":"Runic Cube"},{"not_picked":["Tiny House","Empty Cage"],"picked":"Black Star"}],"items_purged_floors":[10,37],"is_endless":false,"potions_floor_spawned":[2,3,11,14,18,24,25,29,33,38],"killed_by":"Shield and Spear","ascension_level":3}