{"gold_per_floor":[115,134,63,73,93,93,93,103,175,190,190,190,218,218,218,319,319,259,187,200,120,137,137,183,183,207,224,244,244,83,131,131,131],"floor_reached":33,"playtime":8180,"items_purged":[],"score":245,"play_id":"c9005136-b9e7-4e5f-8059-95eb692a6311","local_time":"20191003004045","is_ascension_mode":false,"campfire_choices":[{"data":"Armaments","floor":6.0,"key":"SMITH"},{"data":"Flame Barrier","floor":11.0,"key":"SMITH"},{"data":"Bash","floor":15.0,"key":"SMITH"},{"floor":23,"key":"REST"},{"floor":32,"key":"REST"}],"neow_cost":"","seed_source_timestamp":0,"circlet_count":0,"master_deck":["Strike_R","Strike_R","Strike_R","Strike_R","Strike_R","Defend_R","Defend_R","Defend_R","Bash+1","Armaments+1","Flame Barrier+1","Whirlwind","Dropkick","Rupture","Shrug It Off","Body Slam","Pain","Barricade","Seeing Red","Pommel Strike","Warcry","Rampage","Combust+1","Clash","Rampage","Bloodletting"],"special_seed":0,"relics":["Burning Blood","Bottled Flame","Calipers","WarpedTongs","Black Star","Centennial Puzzle","Happy Flower","Strawberry","Vajra"],"potions_floor_usage":[22,22,33,33,33],"damage_taken":[{"damage":15.0,"enemies":"Jaw Worm","floor":1.0,"turns":4.0},{"damage":5.0,"enemies":"Cultist","floor":2.0,"turns":4.0},{"damage":0.0,"enemies":"2 Louse","floor":4.0,"turns":2.0},{"damage":5.0,"enemies":"Looter","floor":5.0,"turns":4.0},{"damage":18.0,"enemies":"Red Slaver","floor":8.0,"turns":5.0},{"damage":0.0,"enemies":"3 Louse","floor":10.0,"turns":1.0},{"damage":21.0,"enemies":"Gremlin Nob","floor":13.0,"turns":5.0},{"damage":54.0,"enemies":"The Guardian","floor":16.0,"turns":10.0},{"damage":6,"enemies":"2 Thieves","floor":18,"turns":4},{"damage":41,"enemies":"Spheric Guardian","floor":20,"turns":7},{"damage":28,"enemies":"Centurion and Healer","floor":22,"turns":5},{"damage":28,"enemies":"Cultist and Chosen","floor":27,"turns":5},{"damage":21,"enemies":"Chosen and Byrds","floor":28,"turns":6},{"damage":87,"enemies":"Champ","floor":33,"turns":9}],"seed_played":"8648173872013293617","potions_obtained":[{"floor":1.0,"key":"Ancient Potion"},{"floor":4.0,"key":"SkillPotion"},{"floor":8.0,"key":"BloodPotion"},{"floor":20,"key":"Poison Potion"},{"floor":28,"key":"Poison Potion"}],"is_trial":false,"path_per_floor":["M","M","$","M","M","R","?","M","T","M","R","?","E","?","R","B",null,"M","$","M","$","M","R","T","?","T","M","M","?","$","T","R","B"],"character_chosen":"IRONCLAD","items_purchased":["Whirlwind","Pommel Strike","Fire Potion","Rampage","Fire Potion","Bloodletting","EssenceOfSteel"],"campfire_rested":2,"item_purchase_floors":[3,19,19,21,30,30,30],"current_hp_per_floor":[71,72,72,78,79,79,79,67,67,73,73,78,84,84,84,36,85,85,85,50,50,28,53,53,85,85,63,48,55,55,55,82,0],"gold":131,"neow_bonus":"","is_prod":false,"is_daily":false,"chose_seed":false,"campfire_upgraded":3,"win_rate":0.0,"timestamp":1570081245,"path_taken":["M","M","$","M","M","R","?","M","T","?","R","?","E","?","R","BOSS","M","$","M","$","M","R","?","?","T","?","M","?","$","?","R","BOSS"],"build_version":"2019-07-17","purchased_purges":0,"victory":false,"max_hp_per_floor":[80,80,80,80,80,80,80,80,80,80,80,85,85,85,85,85,85,85,85,85,85,85,85,85,85,85,85,85,92,92,92,92,92],"card_choices":[{"not_picked":["Shrug It Off","Burning Pact"],"picked":"Armaments","floor":1.0},{"not_picked":["True Grit","Blood for Blood"],"picked":"Flame Barrier","floor":2.0},{"not_picked":["Iron Wave","Infernal Blade"],"picked":"Dropkick","floor":4.0},{"not_picked":["Clash","Thunderclap"],"picked":"Rupture","floor":5.0},{"not_picked":["Clash","Armaments"],"picked":"Shrug It Off","floor":8.0},{"not_picked":["Disarm","Berserk"],"picked":"Dual Wield","floor":10.0},{"not_picked":["Battle Trance","Anger"],"picked":"Body Slam","floor":13.0},{"not_picked":["Brutality","Dark Embrace"],"picked":"Barricade","floor":16.0},{"not_picked":["Warcry+1","Shrug It Off"],"picked":"Seeing Red","floor":18},{"not_picked":["Dropkick","Sword Boomerang"],"picked":"Warcry","floor":20},{"not_picked":["Uppercut","Iron Wave"],"picked":"Combust+1","floor":22},{"not_picked":["Uppercut","Headbutt"],"picked":"Clash","floor":27},{"not_picked":["Body Slam","Dark Embrace"],"picked":"Rampage","floor":28}],"player_experience":0,"relics_obtained":[{"floor":9.0,"key":"Bottled Flame"},{"floor":13.0,"key":"Calipers"},{"floor":24,"key":"Centennial Puzzle"},{"floor":26,"key":"Happy Flower"},{"floor":31,"key":"Vajra"}],"event_choices":[{"cards_removed":["Defend_R"],"damage_healed":0.0,"max_hp_gain":0.0,"max_hp_loss":0.0,"gold_gain":0.0,"event_name":"Purifier","player_choice":"Purged","floor":7.0,"gold_loss":0.0,"damage_taken":0.0},{"damage_healed":0.0,"max_hp_gain":5.0,"max_hp_loss":0.0,"gold_gain":0.0,"event_name":"Big Fish","player_choice":"Donut","floor":12.0,"gold_loss":0.0,"damage_taken":0.0},{"damage_healed":0.0,"max_hp_gain":0.0,"max_hp_loss":0.0,"gold_gain":0.0,"event_name":"Accursed Blacksmith","player_choice":"Rummage","floor":14.0,"gold_loss":0.0,"damage_taken":0.0,"relics_obtained":["WarpedTongs"],"cards_obtained":["Pain"]},{"cards_removed":["Dual Wield"],"damage_healed":32,"gold_gain":0,"player_choice":"Offered Uncommon","damage_taken":0,"max_hp_gain":0,"max_hp_loss":0,"event_name":"Bonfire Elementals","floor":25,"gold_loss":0},{"damage_healed":0,"gold_gain":0,"player_choice":"Gave Potion","damage_taken":0,"relics_obtained":["Strawberry"],"max_hp_gain":0,"max_hp_loss":0,"event_name":"WeMeetAgain","floor":29,"gold_loss":0}],"is_beta":false,"boss_relics":[{"not_picked":["Snecko Eye","Mark of Pain"],"picked":"Black Star"}],"items_purged_floors":[],"is_endless":false,"potions_floor_spawned":[1,4,8,10,20,28],"killed_by":"Champ","ascension_level":0}