{"path_per_floor":["M","?","M","?","M","R","?","E","T","E","M","R","T","?","R","B",null,"M","M","$","M","M","E","$","R","T","$","?","T","R","E","R","B",null,"M","$","M","$","?","E","R","M","T","E","R","E","R","?","R"],"character_chosen":"IRONCLAD","items_purchased":["Paper Frog","Flex","Dropkick","Rage"],"gold_per_floor":[118,118,135,235,245,245,245,278,278,303,313,313,338,338,338,435,435,455,470,138,148,160,195,49,49,73,33,33,60,60,87,87,188,188,198,6,18,18,18,46,46,63,111,141,141,167,167,167,167],"floor_reached":50,"campfire_rested":0,"playtime":2101,"current_hp_per_floor":[80,64,66,66,71,71,71,64,74,68,74,74,74,74,74,79,93,101,105,105,109,103,116,116,116,116,116,116,116,116,113,113,105,113,117,117,124,124,108,116,116,120,120,115,115,109,109,109,109],"items_purged":["Defend_R","Strike_R","Strike_R"],"gold":167,"score":854,"play_id":"88a140b0-cb5a-48c0-9d69-025b1cc40dd5","local_time":"20180316151912","is_prod":false,"is_daily":false,"is_ascension_mode":true,"campfire_upgraded":10,"timestamp":1521209952,"path_taken":["M","?","M","?","M","R","?","E","T","E","?","R","?","?","R","BOSS","M","M","$","M","?","E","$","R","T","?","?","?","R","E","R","BOSS","M","$","M","?","?","E","R","M","T","E","R","E","R","?","R","BOSS"],"build_version":"2018-03-15","purchased_purges":3,"victory":false,"master_deck":["Strike_R+1","Strike_R","Defend_R+1","Bash+1","Rage","Armaments+1","Rage+1","Feed+1","Clash","Double Tap+1","Flex+1","Inflame+1","Clash","Thunderclap","Heavy Blade+1","Flex","Dropkick","Offering","Warcry+1","Rage+1","Madness+1","Madness+1","Rage","Clash+1","Flex+1"],"max_hp_per_floor":[80,80,80,80,80,80,80,80,90,90,93,93,93,93,93,97,97,101,105,105,109,109,116,116,116,116,116,116,116,116,116,116,116,116,120,120,124,124,124,128,128,128,128,128,128,128,128,128,128],"relics":["Burning Blood","Blood Vial","Pear","Bag of Preparation","Oddly Smooth Stone","Sozu","Paper Frog","Strawberry","Pen Nib","Omamori","Self Forming Clay","Philosopher\u0027s Stone","Regal Pillow","Ancient Tea Set","Bronze Scales","Thread and Needle"],"card_choices":[{"not_picked":["Anger","Entrench"],"picked":"Rage"},{"not_picked":["Cleave","Pommel Strike"],"picked":"Armaments"},{"not_picked":["Intimidate","Dual Wield"],"picked":"Rage"},{"not_picked":["Dark Embrace","Body Slam"],"picked":"Feed"},{"not_picked":["Power Through","Clothesline"],"picked":"Clash"},{"not_picked":["Impervious","Exhume"],"picked":"Double Tap"},{"not_picked":["Clash","Rampage"],"picked":"Flex"},{"not_picked":["Dual Wield","Havoc"],"picked":"Inflame"},{"not_picked":["Burning Pact","Twin Strike"],"picked":"Clash"},{"not_picked":["Blood for Blood","Exhume"],"picked":"Thunderclap"},{"not_picked":["Shrug It Off","Barricade"],"picked":"Heavy Blade"},{"not_picked":["Immolate","Demon Form"],"picked":"Offering"},{"not_picked":["Corruption","Wild Strike"],"picked":"Warcry"},{"not_picked":["Feel No Pain","Headbutt"],"picked":"Rage"},{"not_picked":["Perfected Strike","Body Slam"],"picked":"Clash"},{"not_picked":["Iron Wave","Thunderclap"],"picked":"Flex"}],"player_experience":216677,"potions_floor_usage":[16,16],"damage_taken":[{"damage":6,"enemies":"Cultist","floor":1,"turns":4},{"damage":4,"enemies":"Small Slimes","floor":3,"turns":4},{"damage":1,"enemies":"Jaw Worm","floor":5,"turns":4},{"damage":13,"enemies":"3 Sentries","floor":8,"turns":8},{"damage":14,"enemies":"Lagavulin","floor":10,"turns":7},{"damage":5,"enemies":"Gremlin Gang","floor":11,"turns":5},{"damage":7,"enemies":"Slime Boss","floor":16,"turns":9},{"damage":1,"enemies":"Spheric Guardian","floor":18,"turns":5},{"damage":2,"enemies":"2 Thieves","floor":19,"turns":3},{"damage":0,"enemies":"Cultist and Chosen","floor":21,"turns":6},{"damage":12,"enemies":"Snake Plant","floor":22,"turns":2},{"damage":0,"enemies":"Gremlin Leader","floor":23,"turns":3},{"damage":9,"enemies":"Book of Stabbing","floor":31,"turns":2},{"damage":16,"enemies":"Automaton","floor":33,"turns":6},{"damage":8,"enemies":"3 Shapes","floor":35,"turns":2},{"damage":4,"enemies":"Orb Walker","floor":37,"turns":2},{"damage":4,"enemies":"2 Orb Walkers","floor":40,"turns":2},{"damage":4,"enemies":"3 Darklings","floor":42,"turns":3},{"damage":13,"enemies":"Giant Head","floor":44,"turns":5},{"damage":14,"enemies":"2 Orb Walkers","floor":46,"turns":4},{"damage":112,"enemies":"Time Eater","floor":50,"turns":8}],"event_choices":[{"event_name":"Shining Light","player_choice":"Entered Light","floor":2,"damage_taken":0},{"event_name":"Golden Shrine","player_choice":"Pray","floor":4,"damage_taken":0},{"event_name":"Purifier","player_choice":"One Purge","floor":7,"damage_taken":0},{"event_name":"Living Wall","player_choice":"Forget","floor":14,"damage_taken":0},{"event_name":"The Lab","player_choice":"Got Potions","floor":28,"damage_taken":0},{"event_name":"Winding Halls","player_choice":"Embrace Madness","floor":39,"damage_taken":0},{"event_name":"Tomb of Lord Red Mask","player_choice":"Ignored","floor":48,"damage_taken":0}],"boss_relics":[{"not_picked":["White Beast Statue","Black Blood"],"picked":"Sozu"},{"not_picked":["Orrery","Snecko Eye"],"picked":"Philosopher\u0027s Stone"}],"potions_floor_spawned":[5,8,10,16,19,23,31,33,37,40,44],"seed_played":"633440119634707267","killed_by":"Time Eater","ascension_level":5,"is_trial":false}