{"path_per_floor":["M","$","M","?","?","R","T","R","T","M","M","$","M","M","R","B",null,"M","M","$","?","?","R"],"character_chosen":"IRONCLAD","items_purchased":["Battle Trance","Headbutt","Pommel Strike"],"gold_per_floor":[116,41,60,60,60,60,130,130,198,217,234,60,72,87,87,184,184,194,214,17,17,17,17],"floor_reached":24,"campfire_rested":1,"playtime":1429,"current_hp_per_floor":[80,80,80,77,70,70,70,70,70,74,78,78,80,80,80,17,80,39,26,26,26,26,51],"items_purged":["Strike_R","Strike_R","Defend_R"],"gold":17,"play_id":"38434b2a-0b87-43e1-a933-e1e208372451","is_prod":false,"is_daily":false,"is_ascension_mode":false,"campfire_upgraded":3,"path_taken":["M","$","M","?","?","R","?","R","T","M","M","$","M","?","R","BOSS","M","M","?","?","?","R","E"],"build_version":"2018-02-01-PROD3","purchased_purges":3,"victory":false,"master_deck":["Strike_R","Strike_R","Defend_R","Defend_R","Bash+1","Cleave+1","Thunderclap","Shrug It Off","Cleave","Pommel Strike+1","Battle Trance","Dual Wield","Feed","Headbutt","Pommel Strike"],"max_hp_per_floor":[80,80,80,80,80,80,80,80,80,80,80,80,80,80,80,80,80,83,86,86,86,86,86],"relics":["Burning Blood","Bag of Preparation","Paper Frog","Matryoshka","Philosopher\u0027s Stone"],"card_choices":[{"not_picked":["Heavy Blade","Anger"],"picked":"Thunderclap"},{"not_picked":["Wild Strike","Metallicize"],"picked":"Shrug It Off"},{"not_picked":["Thunderclap","Feel No Pain"],"picked":"Cleave"},{"not_picked":["Thunderclap","Hemokinesis"],"picked":"Pommel Strike"},{"not_picked":["True Grit","Shockwave"],"picked":"Dual Wield"},{"not_picked":["Berserk","Demon Form"],"picked":"Feed"}],"player_experience":36141,"potions_floor_usage":[],"damage_taken":[{"damage":6,"enemies":"Jaw Worm","floor":1,"turns":4},{"damage":2,"enemies":"Small Slimes","floor":3,"turns":3},{"damage":2,"enemies":"Blue Slaver","floor":10,"turns":5},{"damage":2,"enemies":"Looter","floor":11,"turns":3},{"damage":0,"enemies":"Lots of Slimes","floor":13,"turns":1},{"damage":5,"enemies":"Red Slaver","floor":14,"turns":3},{"damage":69,"enemies":"The Guardian","floor":16,"turns":9},{"damage":50,"enemies":"Shell Parasite","floor":18,"turns":9},{"damage":22,"enemies":"3 Byrds","floor":19,"turns":4},{"damage":52,"enemies":"Gremlin Leader","floor":24,"turns":3}],"event_choices":[{"event_name":"Scrap Ooze","player_choice":"success","floor":4,"damage_taken":3},{"event_name":"Golden Wing","player_choice":"Card Removal","floor":5,"damage_taken":0},{"event_name":"Drug Dealer","player_choice":"Ignored","floor":21,"damage_taken":0},{"event_name":"The Lab","player_choice":"Got Potions","floor":22,"damage_taken":0}],"boss_relics":[{"not_picked":["Eternal Feather","Runic Dome"],"picked":"Philosopher\u0027s Stone"}],"potions_floor_spawned":[10,16,18],"seed_played":"-77401535291260078","killed_by":"Gremlin Leader","ascension_level":0,"is_trial":false}