{"gold_per_floor":[110,35,110,120,120,120,146,126,126,141,160,160,177,197,197,197],"floor_reached":16,"playtime":448,"items_purged":["Strike_G"],"score":248,"play_id":"411b33c5-76c6-4ab3-9af0-7cd626988104","local_time":"20190127211221","is_ascension_mode":true,"campfire_choices":[{"data":"Neutralize","floor":6,"key":"SMITH"},{"floor":15,"key":"REST"}],"neow_cost":"NONE","seed_source_timestamp":101515796494714,"circlet_count":0,"master_deck":["AscendersBane","Defend_G","Defend_G+1","Defend_G","Defend_G+1","Defend_G","Strike_G","Strike_G","Strike_G","Survivor","Neutralize+1","Predator","Cloak And Dagger","Backflip","Leg Sweep","Cloak And Dagger"],"relics":["Ring of the Snake","NeowsBlessing","Shuriken","Mummified Hand"],"potions_floor_usage":[],"damage_taken":[{"damage":0,"enemies":"Cultist","floor":1,"turns":1},{"damage":0,"enemies":"Small Slimes","floor":4,"turns":1},{"damage":0,"enemies":"Lagavulin","floor":7,"turns":1},{"damage":0,"enemies":"2 Louse","floor":10,"turns":2},{"damage":5,"enemies":"Looter","floor":11,"turns":3},{"damage":0,"enemies":"Exordium Thugs","floor":13,"turns":3},{"damage":1,"enemies":"3 Louse","floor":14,"turns":3},{"damage":56,"enemies":"Hexaghost","floor":16,"turns":14}],"seed_played":"6062900975892344312","potions_obtained":[{"floor":4,"key":"Explosive Potion"},{"floor":8,"key":"FairyPotion"},{"floor":10,"key":"Energy Potion"}],"is_trial":false,"path_per_floor":["M","$","?","M","?","R","E","?","T","M","M","?","M","M","R","B"],"character_chosen":"THE_SILENT","items_purchased":[],"campfire_rested":1,"item_purchase_floors":[],"current_hp_per_floor":[59,59,48,48,28,28,28,28,28,28,23,23,23,22,41,0],"gold":197,"neow_bonus":"THREE_ENEMY_KILL","is_prod":false,"is_daily":false,"chose_seed":false,"campfire_upgraded":1,"win_rate":0,"timestamp":1548619941,"path_taken":["M","?","?","M","?","R","E","?","T","M","?","?","?","M","R","BOSS"],"build_version":"2019-01-23","purchased_purges":1,"victory":false,"max_hp_per_floor":[66,66,66,66,66,66,66,66,66,66,66,66,66,66,66,66],"card_choices":[{"not_picked":["Deflect","Slice","Choke"],"picked":"SKIP","floor":1},{"not_picked":["Tactician","Expertise"],"picked":"Predator","floor":4},{"not_picked":["Caltrops","Setup"],"picked":"Cloak And Dagger","floor":7},{"not_picked":["Prepared","Flying Knee"],"picked":"Backflip","floor":10},{"not_picked":["Acrobatics","Sucker Punch","Choke"],"picked":"SKIP","floor":11},{"not_picked":["Underhanded Strike","Setup"],"picked":"Leg Sweep","floor":13},{"not_picked":["Predator","Underhanded Strike"],"picked":"Cloak And Dagger","floor":14}],"player_experience":566557,"relics_obtained":[{"floor":7,"key":"Shuriken"},{"floor":9,"key":"Mummified Hand"}],"event_choices":[{"damage_healed":0,"gold_gain":75,"player_choice":"Gather Gold","damage_taken":11,"max_hp_gain":0,"max_hp_loss":0,"event_name":"World of Goop","floor":3,"gold_loss":0},{"damage_healed":0,"gold_gain":0,"player_choice":"Entered Light","damage_taken":20,"max_hp_gain":0,"max_hp_loss":0,"event_name":"Shining Light","floor":5,"gold_loss":0,"cards_upgraded":["Defend_G","Defend_G"]},{"damage_healed":0,"gold_gain":0,"player_choice":"Bought 1 Potion","damage_taken":0,"max_hp_gain":0,"max_hp_loss":0,"event_name":"The Woman in Blue","floor":8,"gold_loss":0},{"cards_removed":["Strike_G"],"damage_healed":0,"gold_gain":0,"player_choice":"Offered Basic","damage_taken":0,"max_hp_gain":0,"max_hp_loss":0,"event_name":"Bonfire Elementals","floor":12,"gold_loss":0}],"is_beta":false,"boss_relics":[],"items_purged_floors":[2],"is_endless":false,"potions_floor_spawned":[4,10,13,14],"killed_by":"Hexaghost","ascension_level":19}