{"gold_per_floor":[117,117,42,42,72,107,107,141,141,141,141,141,159,173,173,271,271,291,269,269],"floor_reached":20,"playtime":703,"items_purged":["Strike_B"],"score":460,"play_id":"d0383e4e-d573-4e38-b386-17b0e6109e94","local_time":"20190110182554","is_ascension_mode":true,"campfire_choices":[{"data":"Zap","floor":7,"key":"SMITH"},{"data":"Ball Lightning","floor":10,"key":"SMITH"},{"floor":15,"key":"REST"}],"neow_cost":"NONE","seed_source_timestamp":78902386153598,"circlet_count":0,"master_deck":["AscendersBane","Strike_B","Strike_B","Strike_B","Defend_B+1","Defend_B","Defend_B","Defend_B","Zap+1","Dualcast+1","Ball Lightning+1","Barrage","Cold Snap","Leap","Creative AI","Hologram+1"],"relics":["Cracked Core","NeowsBlessing","Golden Idol","Tiny Chest","Oddly Smooth Stone","Dead Branch","Fusion Hammer"],"potions_floor_usage":[18,19,19],"damage_taken":[{"damage":0,"enemies":"Small Slimes","floor":1,"turns":1},{"damage":0,"enemies":"Lagavulin","floor":6,"turns":1},{"damage":0,"enemies":"Gremlin Nob","floor":8,"turns":1},{"damage":0,"enemies":"Jaw Worm","floor":13,"turns":3},{"damage":0,"enemies":"Cultist","floor":14,"turns":2},{"damage":21,"enemies":"Slime Boss","floor":16,"turns":10},{"damage":13,"enemies":"Shell Parasite","floor":18,"turns":5},{"damage":9,"enemies":"2 Thieves","floor":19,"turns":4},{"damage":49,"enemies":"3 Cultists","floor":20,"turns":4}],"seed_played":"-2763509157228957292","potions_obtained":[{"floor":8,"key":"Poison Potion"},{"floor":12,"key":"EntropicBrew"},{"floor":12,"key":"Block Potion"}],"is_trial":false,"path_per_floor":["M","?","$","?","?","E","R","E","T","R","?","?","M","M","R","B",null,"M","M","M"],"character_chosen":"DEFECT","items_purchased":[],"campfire_rested":1,"item_purchase_floors":[],"current_hp_per_floor":[64,64,64,69,43,43,43,43,43,43,22,22,22,22,42,21,57,44,35,0],"gold":269,"neow_bonus":"THREE_ENEMY_KILL","is_prod":false,"is_daily":false,"chose_seed":false,"campfire_upgraded":2,"win_rate":0,"timestamp":1547141154,"path_taken":["M","?","$","?","?","E","R","E","T","R","?","?","M","M","R","BOSS","M","M","M"],"build_version":"2019-01-03v4","purchased_purges":1,"victory":false,"max_hp_per_floor":[71,64,64,69,69,69,69,69,69,69,69,69,69,69,69,69,69,69,69,69],"card_choices":[{"not_picked":["Barrage","Stack","Rebound"],"picked":"SKIP","floor":1},{"not_picked":["White Noise","Gash"],"picked":"Ball Lightning","floor":6},{"not_picked":["Skim","Fission"],"picked":"Barrage","floor":8},{"not_picked":["Loop","Go for the Eyes"],"picked":"Cold Snap","floor":13},{"not_picked":["Steam","Gash"],"picked":"Leap","floor":14},{"not_picked":["All For One","Multi-Cast"],"picked":"Creative AI","floor":16},{"not_picked":["Heatsinks","Sweeping Beam"],"picked":"Hologram+1","floor":18},{"not_picked":["Streamline","Rebound","Stack"],"picked":"SKIP","floor":19}],"player_experience":506717,"relics_obtained":[{"floor":6,"key":"Oddly Smooth Stone"},{"floor":8,"key":"Dead Branch"}],"event_choices":[{"damage_healed":0,"gold_gain":0,"player_choice":"Lose Max HP","damage_taken":0,"relics_obtained":["Golden Idol"],"max_hp_gain":0,"max_hp_loss":7,"event_name":"Golden Idol","floor":2,"gold_loss":0},{"damage_healed":0,"gold_gain":0,"player_choice":"Donut","damage_taken":0,"max_hp_gain":5,"max_hp_loss":0,"event_name":"Big Fish","floor":4,"gold_loss":0},{"damage_healed":0,"gold_gain":0,"player_choice":"Success","damage_taken":26,"relics_obtained":["Tiny Chest"],"max_hp_gain":0,"max_hp_loss":0,"event_name":"Scrap Ooze","floor":5,"gold_loss":0},{"damage_healed":0,"gold_gain":0,"player_choice":"Entered Light","damage_taken":21,"max_hp_gain":0,"max_hp_loss":0,"event_name":"Shining Light","floor":11,"gold_loss":0,"cards_upgraded":["Dualcast","Defend_B"]},{"damage_healed":0,"gold_gain":0,"player_choice":"Got Potions","damage_taken":0,"max_hp_gain":0,"max_hp_loss":0,"event_name":"Lab","floor":12,"gold_loss":0}],"is_beta":false,"boss_relics":[{"not_picked":["Cursed Key","Runic Pyramid"],"picked":"Fusion Hammer"}],"items_purged_floors":[3],"is_endless":false,"potions_floor_spawned":[8,13,16],"killed_by":"3 Cultists","ascension_level":20}