{"gold_per_floor":[112,125,125,145,165,165,199,199,253,282,302,313,332,332,332,332],"floor_reached":16,"playtime":699,"items_purged":[],"score":229,"play_id":"2423f808-42c1-405e-9052-a253b5f5f326","local_time":"20190322044744","is_ascension_mode":true,"campfire_choices":[{"data":"Magnetism","floor":6,"key":"SMITH"},{"floor":8,"key":"REST"},{"data":"Body Slam","floor":15,"key":"SMITH"}],"neow_cost":"TEN_PERCENT_HP_LOSS","seed_source_timestamp":695306081664025,"circlet_count":0,"master_deck":["AscendersBane","Strike_R","Strike_R","Strike_R","Strike_R","Strike_R","Defend_R","Defend_R","Defend_R","Defend_R","Bash","Dark Shackles","Magnetism+1","Clothesline","Flex","Pommel Strike","Wild Strike","Iron Wave","Burning Pact","Body Slam+1","True Grit","Armaments"],"relics":["Burning Blood","FaceOfCleric","Darkstone Periapt","PreservedInsect","Omamori","Golden Idol"],"potions_floor_usage":[4,5,13],"damage_taken":[{"damage":12,"enemies":"Small Slimes","floor":1,"turns":4},{"damage":4,"enemies":"Cultist","floor":2,"turns":3},{"damage":7,"enemies":"2 Louse","floor":4,"turns":4},{"damage":4,"enemies":"Exordium Thugs","floor":5,"turns":4},{"damage":47,"enemies":"3 Sentries","floor":7,"turns":9},{"damage":0,"enemies":"Lagavulin","floor":10,"turns":4},{"damage":14,"enemies":"2 Fungi Beasts","floor":11,"turns":3},{"damage":17,"enemies":"Red Slaver","floor":12,"turns":4},{"damage":1,"enemies":"Looter","floor":13,"turns":3},{"damage":53,"enemies":"The Guardian","floor":16,"turns":9}],"seed_played":"219598635656555282","potions_obtained":[{"floor":2,"key":"Regen Potion"},{"floor":4,"key":"Explosive Potion"},{"floor":12,"key":"Block Potion"}],"is_trial":false,"path_per_floor":["M","M","?","M","M","R","E","R","T","E","M","M","M","?","R","B"],"character_chosen":"IRONCLAD","items_purchased":[],"campfire_rested":1,"item_purchase_floors":[],"current_hp_per_floor":[66,68,68,73,74,74,34,56,56,63,56,46,52,52,52,0],"gold":332,"neow_bonus":"RANDOM_COLORLESS_2","is_prod":false,"is_daily":false,"chose_seed":false,"campfire_upgraded":2,"win_rate":0,"timestamp":1553197664,"path_taken":["M","M","?","?","?","R","E","R","T","E","M","M","M","?","R","BOSS"],"build_version":"2019-01-23","purchased_purges":0,"victory":false,"max_hp_per_floor":[72,72,72,73,74,74,75,75,75,76,77,78,79,73,73,73],"card_choices":[{"not_picked":["Fire Breathing","Dual Wield"],"picked":"Clothesline","floor":1},{"not_picked":["Sword Boomerang","Clothesline"],"picked":"Flex","floor":2},{"not_picked":["Anger","Juggernaut"],"picked":"Pommel Strike","floor":4},{"not_picked":["Heavy Blade","Perfected Strike"],"picked":"Wild Strike","floor":5},{"not_picked":["Rupture","Sword Boomerang"],"picked":"Iron Wave","floor":7},{"not_picked":["Thunderclap","Twin Strike"],"picked":"Burning Pact","floor":10},{"not_picked":["Sword Boomerang","Perfected Strike"],"picked":"Body Slam","floor":11},{"not_picked":["Pommel Strike","Intimidate"],"picked":"True Grit","floor":12},{"not_picked":["Sever Soul","Body Slam"],"picked":"Armaments","floor":13}],"player_experience":594573,"relics_obtained":[{"floor":7,"key":"Darkstone Periapt"},{"floor":9,"key":"PreservedInsect"},{"floor":10,"key":"Omamori"}],"event_choices":[{"damage_healed":0,"gold_gain":0,"player_choice":"Trade","damage_taken":0,"relics_obtained":["FaceOfCleric"],"max_hp_gain":0,"max_hp_loss":0,"event_name":"FaceTrader","floor":3,"gold_loss":0},{"damage_healed":0,"gold_gain":0,"player_choice":"Lose Max HP","damage_taken":0,"relics_obtained":["Golden Idol"],"max_hp_gain":0,"max_hp_loss":6,"event_name":"Golden Idol","floor":14,"gold_loss":0}],"is_beta":false,"boss_relics":[],"items_purged_floors":[],"is_endless":false,"potions_floor_spawned":[2,4,12],"killed_by":"The Guardian","ascension_level":13}