{"gold_per_floor":[119,45,58,76,96,96,122,134,134,153,186,206,206,206,206,206],"floor_reached":16,"playtime":2623,"items_purged":[],"score":114,"play_id":"7dcf0a1a-771c-4a1c-b42d-6907d55f06e4","local_time":"20191008002704","is_ascension_mode":false,"campfire_choices":[{"floor":6,"key":"REST"},{"floor":15,"key":"REST"}],"neow_cost":"NONE","seed_source_timestamp":0,"circlet_count":0,"master_deck":["Strike_G","Strike_G","Strike_G","Strike_G","Strike_G","Defend_G","Defend_G","Defend_G","Defend_G","Defend_G","Survivor","Neutralize","Poisoned Stab","Deadly Poison","Noxious Fumes","Flying Knee","Dodge and Roll","Burst","Deadly Poison","Deadly Poison","Quick Slash","Backflip","Deflect","Parasite"],"special_seed":0,"relics":["Ring of the Snake","FossilizedHelix","Bottled Lightning","Regal Pillow"],"potions_floor_usage":[8,16,16],"damage_taken":[{"damage":1,"enemies":"2 Louse","floor":1,"turns":3},{"damage":1,"enemies":"Cultist","floor":3,"turns":3},{"damage":0,"enemies":"Jaw Worm","floor":4,"turns":3},{"damage":13,"enemies":"Gremlin Gang","floor":5,"turns":6},{"damage":23,"enemies":"Gremlin Nob","floor":7,"turns":5},{"damage":11,"enemies":"Large Slime","floor":8,"turns":5},{"damage":9,"enemies":"3 Louse","floor":10,"turns":3},{"damage":9,"enemies":"Lagavulin","floor":11,"turns":5},{"damage":10,"enemies":"Lots of Slimes","floor":12,"turns":6},{"damage":70,"enemies":"Slime Boss","floor":16,"turns":10}],"seed_played":"-2705074004057660975","potions_obtained":[{"floor":7,"key":"SteroidPotion"},{"floor":11,"key":"GamblersBrew"},{"floor":12,"key":"Ancient Potion"}],"is_trial":false,"path_per_floor":["M","$","M","M","M","R","E","M","T","M","E","M","?","?","R","B"],"character_chosen":"THE_SILENT","items_purchased":["Noxious Fumes"],"campfire_rested":2,"item_purchase_floors":[2],"current_hp_per_floor":[69,69,68,68,55,70,47,36,36,27,18,8,25,48,70,0],"gold":206,"neow_bonus":"THREE_CARDS","is_prod":false,"is_daily":false,"chose_seed":false,"campfire_upgraded":0,"win_rate":0.0,"timestamp":1570512424,"path_taken":["M","$","M","M","M","R","E","M","T","M","E","M","?","?","R","BOSS"],"build_version":"2019-07-17","purchased_purges":0,"victory":false,"max_hp_per_floor":[70,70,70,70,70,70,70,70,70,70,70,70,70,70,70,70],"card_choices":[{"not_picked":["Eviscerate","Reflex"],"picked":"Poisoned Stab","floor":0},{"not_picked":["Eviscerate","Blade Dance"],"picked":"Deadly Poison","floor":1},{"not_picked":["Masterful Stab","Prepared"],"picked":"Flying Knee","floor":3},{"not_picked":["Expertise","Sucker Punch"],"picked":"Dodge and Roll","floor":4},{"not_picked":["Finisher","Flying Knee"],"picked":"Burst","floor":5},{"not_picked":["Outmaneuver","Dagger Spray"],"picked":"Deadly Poison","floor":7},{"not_picked":["After Image","Riddle With Holes"],"picked":"Deadly Poison","floor":8},{"not_picked":["Prepared","Outmaneuver"],"picked":"Quick Slash","floor":10},{"not_picked":["Quick Slash","Predator"],"picked":"Backflip","floor":11},{"not_picked":["Backstab","Quick Slash"],"picked":"Deflect","floor":12}],"player_experience":115631,"relics_obtained":[{"floor":7,"key":"FossilizedHelix"},{"floor":9,"key":"Bottled Lightning"},{"floor":11,"key":"Regal Pillow"}],"event_choices":[{"damage_healed":17,"gold_gain":0,"player_choice":"Healed and dodged fight","damage_taken":0,"max_hp_gain":0,"max_hp_loss":0,"event_name":"Mushrooms","floor":13,"gold_loss":0,"cards_obtained":["Parasite"]},{"damage_healed":23,"gold_gain":0,"player_choice":"Banana","damage_taken":0,"max_hp_gain":0,"max_hp_loss":0,"event_name":"Big Fish","floor":14,"gold_loss":0}],"is_beta":false,"boss_relics":[],"items_purged_floors":[],"is_endless":false,"potions_floor_spawned":[7,11,12],"killed_by":"Slime Boss","ascension_level":0}