{"gold_per_floor":[112,130,130,130,145,145,180,50,50,50,65,65,65,80,80,154,154,166,142,142,155,155],"floor_reached":22,"playtime":1322,"items_purged":["Defend_G"],"score":353,"play_id":"39cee2e0-2def-42df-866a-47abe779138f","local_time":"20190114195409","is_ascension_mode":true,"campfire_choices":[{"data":"Footwork","floor":6.0,"key":"SMITH"},{"floor":13.0,"key":"REST"},{"floor":15.0,"key":"REST"}],"neow_cost":"NONE","seed_source_timestamp":0,"circlet_count":0,"master_deck":["AscendersBane","Defend_G","Defend_G","Defend_G","Defend_G","Strike_G","Strike_G","Survivor","Neutralize","Dagger Spray","Footwork+1","After Image","Noxious Fumes","PiercingWail","Backstab","Envenom","Blade Dance","Cloak And Dagger"],"special_seed":0,"relics":["Ring of the Snake","NeowsBlessing","Kunai","Dream Catcher"],"potions_floor_usage":[19,21,22,22],"damage_taken":[{"damage":0.0,"enemies":"Cultist","floor":1.0,"turns":1.0},{"damage":0.0,"enemies":"Jaw Worm","floor":2.0,"turns":1.0},{"damage":0.0,"enemies":"2 Louse","floor":5.0,"turns":1.0},{"damage":44.0,"enemies":"3 Sentries","floor":7.0,"turns":15.0},{"damage":2.0,"enemies":"Red Slaver","floor":11.0,"turns":8.0},{"damage":0.0,"enemies":"Blue Slaver","floor":14.0,"turns":6.0},{"damage":25.0,"enemies":"Hexaghost","floor":16.0,"turns":15.0},{"damage":20,"enemies":"3 Byrds","floor":18,"turns":7},{"damage":3,"enemies":"2 Thieves","floor":19,"turns":4},{"damage":18,"enemies":"Snecko","floor":21,"turns":8},{"damage":19,"enemies":"Cultist and Chosen","floor":22,"turns":7}],"seed_played":"-1870296127885297531","potions_obtained":[{"floor":1.0,"key":"Weak Potion"},{"floor":5.0,"key":"Weak Potion"},{"floor":16.0,"key":"Fire Potion"},{"floor":19,"key":"Fire Potion"},{"floor":21,"key":"AttackPotion"}],"is_trial":false,"path_per_floor":["M","M","?","?","M","R","E","$","T","$","M","?","R","M","R","B",null,"M","M","?","M","M"],"character_chosen":"THE_SILENT","items_purchased":["AttackPotion"],"campfire_rested":2,"item_purchase_floors":[8],"current_hp_per_floor":[59,59,52,52,52,52,8,8,8,8,6,6,25,25,44,19,54,34,31,31,13,0],"gold":155,"neow_bonus":"THREE_ENEMY_KILL","is_prod":false,"is_daily":false,"chose_seed":false,"campfire_upgraded":1,"win_rate":0,"timestamp":1547492049,"path_taken":["M","?","?","?","M","R","E","$","T","$","?","?","R","M","R","BOSS","M","M","?","M","M"],"build_version":"2019-01-10","purchased_purges":1,"victory":false,"max_hp_per_floor":[66,66,66,66,66,66,66,66,66,66,66,66,66,66,66,66,66,66,66,66,66,66],"card_choices":[{"not_picked":["Setup","Expertise"],"picked":"Dagger Spray","floor":1.0},{"not_picked":["Slice","Caltrops"],"picked":"Footwork","floor":2.0},{"not_picked":["Bane","Accuracy","Setup"],"picked":"SKIP","floor":5.0},{"not_picked":["Infinite Blades","Sucker Punch"],"picked":"After Image","floor":7.0},{"not_picked":["Outmaneuver","Dagger Throw","Acrobatics"],"picked":"SKIP","floor":11.0},{"not_picked":["Backflip","Poisoned Stab"],"picked":"Noxious Fumes","floor":13.0},{"not_picked":["Backflip","Quick Slash"],"picked":"PiercingWail","floor":14.0},{"not_picked":["Reflex","Prepared"],"picked":"Backstab","floor":15.0},{"not_picked":["Venomology","Tools of the Trade"],"picked":"Envenom","floor":16.0},{"not_picked":["Sucker Punch","Skewer+1"],"picked":"Blade Dance","floor":18},{"not_picked":["Concentrate","Skewer"],"picked":"Cloak And Dagger","floor":19},{"not_picked":["Distraction","Dash+1","Finisher"],"picked":"SKIP","floor":21}],"player_experience":533286,"relics_obtained":[{"floor":7.0,"key":"Kunai"},{"floor":9.0,"key":"Dream Catcher"}],"event_choices":[{"cards_removed":["Strike_G"],"damage_healed":0.0,"max_hp_gain":0.0,"max_hp_loss":0.0,"gold_gain":0.0,"event_name":"Golden Wing","player_choice":"Card Removal","floor":3.0,"gold_loss":0.0,"damage_taken":7.0},{"cards_removed":["Strike_G"],"damage_healed":0.0,"max_hp_gain":0.0,"max_hp_loss":0.0,"gold_gain":0.0,"event_name":"Purifier","player_choice":"Purged","floor":4.0,"gold_loss":0.0,"damage_taken":0.0},{"damage_healed":0.0,"max_hp_gain":0.0,"max_hp_loss":0.0,"gold_gain":0.0,"event_name":"Liars Game","player_choice":"Ignored","floor":12.0,"gold_loss":0.0,"damage_taken":0.0},{"cards_removed":["Strike_G"],"damage_healed":0,"gold_gain":0,"player_choice":"Offered Basic","damage_taken":0,"max_hp_gain":0,"max_hp_loss":0,"event_name":"Bonfire Elementals","floor":20,"gold_loss":0}],"is_beta":false,"boss_relics":[{"not_picked":["HoveringKite","Runic Dome","Calling Bell"]}],"items_purged_floors":[8],"is_endless":false,"potions_floor_spawned":[1,5,16,19,21],"killed_by":"Cultist and Chosen","ascension_level":18}