{"gold_per_floor":[113,113,213,232,252,287,301,301,301,331,331,49,14,40,40,137,137,152,152,168,58,70,70,90,124,124,124,174,192,227,237,237,333,333,350,362,213,213,226,254,254,289,315,315,315,315,370,397,397,397,397,397,175,202,202],"floor_reached":56,"playtime":3235,"items_purged":["Strike_B","Strike_B","Strike_B"],"score":1608,"play_id":"e9a78d8e-9ff2-4373-ad40-0f4475ea7c24","local_time":"20181214003758","is_ascension_mode":true,"campfire_choices":[{"floor":8,"key":"REST"},{"data":"Genetic Algorithm","floor":11,"key":"SMITH"},{"data":"Electrodynamics","floor":15,"key":"SMITH"},{"data":"Defragment","floor":23,"key":"SMITH"},{"floor":27,"key":"REST"},{"floor":32,"key":"REST"},{"data":"Echo Form","floor":41,"key":"SMITH"},{"data":"Machine Learning","floor":44,"key":"SMITH"},{"floor":49,"key":"RECALL"},{"data":"Double Energy","floor":52,"key":"SMITH"}],"neow_cost":"NONE","seed_source_timestamp":124774663102974,"circlet_count":0,"master_deck":["Strike_B+1","Defend_B","Defend_B","Defend_B","Defend_B","Zap","Dualcast","Genetic Algorithm+1","Conserve Battery","Leap","Electrodynamics+1","Ball Lightning","Force Field","Rebound","Echo Form+1","Genetic Algorithm","Defragment+1","Ball Lightning+1","Machine Learning+1","FTL","Ball Lightning","Self Repair","Double Energy+1","Machine Learning","Redo","Steam+1","Turbo+1","Redo+1","Cold Snap","Amplify+1","Glacier+1","Coolheaded+1","Chill+1","Cold Snap","Leap+1","Force Field+1","Conserve Battery+1","Steam+1","Defragment+1","Steam+1","Leap+1","BootSequence+1"],"relics":["Cracked Core","NeowsBlessing","Anchor","Kunai","Bottled Tornado","Prayer Wheel","Runic Dome","Ancient Tea Set","Toxic Egg 2","Calipers","Eternal Feather","Centennial Puzzle","Ice Cream","Whetstone","Turnip","DataDisk","Sundial"],"potions_floor_usage":[6,10,10,16,25,42,55,55],"damage_taken":[{"damage":0,"enemies":"2 Louse","floor":1,"turns":1},{"damage":0,"enemies":"Cultist","floor":4,"turns":1},{"damage":0,"enemies":"Small Slimes","floor":5,"turns":1},{"damage":45,"enemies":"Lagavulin","floor":6,"turns":8},{"damage":1,"enemies":"Blue Slaver","floor":7,"turns":4},{"damage":25,"enemies":"Gremlin Nob","floor":10,"turns":4},{"damage":13,"enemies":"Lagavulin","floor":14,"turns":5},{"damage":22,"enemies":"The Guardian","floor":16,"turns":11},{"damage":0,"enemies":"Chosen","floor":18,"turns":3},{"damage":12,"enemies":"2 Thieves","floor":20,"turns":2},{"damage":11,"enemies":"Sentry and Sphere","floor":22,"turns":4},{"damage":16,"enemies":"Centurion and Healer","floor":24,"turns":5},{"damage":32,"enemies":"Book of Stabbing","floor":25,"turns":4},{"damage":9,"enemies":"Shelled Parasite and Fungi","floor":29,"turns":3},{"damage":11,"enemies":"Gremlin Leader","floor":30,"turns":5},{"damage":0,"enemies":"Snake Plant","floor":31,"turns":4},{"damage":53,"enemies":"Collector","floor":33,"turns":8},{"damage":0,"enemies":"3 Shapes","floor":35,"turns":2},{"damage":5,"enemies":"Orb Walker","floor":36,"turns":3},{"damage":0,"enemies":"Jaw Worm Horde","floor":39,"turns":3},{"damage":37,"enemies":"Reptomancer","floor":40,"turns":7},{"damage":0,"enemies":"Giant Head","floor":42,"turns":13},{"damage":18,"enemies":"2 Orb Walkers","floor":47,"turns":5},{"damage":0,"enemies":"Reptomancer","floor":48,"turns":8},{"damage":1,"enemies":"Donu and Deca","floor":50,"turns":13},{"damage":36,"enemies":"Shield and Spear","floor":54,"turns":10},{"damage":10,"enemies":"The Heart","floor":55,"turns":16}],"seed_played":"2629516148983077411","potions_obtained":[{"floor":1,"key":"FocusPotion"},{"floor":5,"key":"SteroidPotion"},{"floor":7,"key":"EssenceOfSteel"},{"floor":10,"key":"SteroidPotion"},{"floor":14,"key":"SpeedPotion"},{"floor":20,"key":"AttackPotion"},{"floor":22,"key":"Strength Potion"},{"floor":29,"key":"PowerPotion"},{"floor":30,"key":"SkillPotion"},{"floor":39,"key":"Fire Potion"},{"floor":42,"key":"Weak Potion"}],"is_trial":false,"path_per_floor":["M","?","?","M","M","E","M","R","T","E","R","$","?","E","R","B",null,"M","?","M","$","M","R","M","E","T","R","?","M","E","M","R","B",null,"M","M","$","?","M","E","R","E","T","R","?","?","?","E","R","B",null,"R","$","E","B",null],"character_chosen":"DEFECT","items_purchased":["Bottled Tornado","Rebound","Self Repair","Cold Snap","Steam+1","Leap+1"],"campfire_rested":3,"item_purchase_floors":[12,12,21,37,53,53],"current_hp_per_floor":[75,80,80,80,80,35,34,58,58,33,33,33,53,40,40,18,65,65,65,53,53,49,49,47,22,22,46,46,37,33,40,64,18,65,65,67,67,67,74,51,72,76,76,76,76,76,65,72,76,76,76,76,76,47,44],"gold":202,"neow_bonus":"THREE_ENEMY_KILL","is_prod":false,"is_daily":false,"chose_seed":false,"campfire_upgraded":6,"win_rate":0,"timestamp":1544744278,"path_taken":["M","?","?","M","?","E","M","R","T","E","R","$","?","E","R","BOSS","M","?","M","$","M","R","?","E","T","R","?","M","E","M","R","BOSS","M","?","$","?","M","E","R","E","T","R","?","?","?","E","R","BOSS","R","$","E","BOSS"],"build_version":"2018-12-06","purchased_purges":3,"victory":true,"max_hp_per_floor":[75,80,80,80,80,80,80,80,80,80,80,80,80,80,80,80,80,80,80,80,80,80,80,80,80,80,80,80,80,80,80,80,80,80,80,80,80,76,76,76,76,76,76,76,76,76,76,76,76,76,76,76,76,76,76],"card_choices":[{"not_picked":["Rebound","Sunder"],"picked":"Genetic Algorithm","floor":1},{"not_picked":["Sweeping Beam","Coolheaded"],"picked":"Conserve Battery","floor":4},{"not_picked":["Hello World","Barrage"],"picked":"Leap","floor":5},{"not_picked":["Gash","Darkness"],"picked":"Electrodynamics","floor":6},{"not_picked":["Melter","Barrage"],"picked":"Ball Lightning","floor":7},{"not_picked":["Gash","Steam"],"picked":"Force Field","floor":10},{"not_picked":["Streamline","Meteor Strike"],"picked":"Cold Snap","floor":14},{"not_picked":["Buffer","Rainbow"],"picked":"Echo Form","floor":16},{"not_picked":["Leap","Go for the Eyes"],"picked":"Genetic Algorithm","floor":18},{"not_picked":["Conserve Battery","Beam Cell+1"],"picked":"Defragment","floor":18},{"not_picked":["Sweeping Beam","Gash+1"],"picked":"FTL","floor":20},{"not_picked":["Streamline","Chaos"],"picked":"Ball Lightning","floor":20},{"not_picked":["Genetic Algorithm","Streamline"],"picked":"Double Energy","floor":22},{"not_picked":["Tempest+1","Aggregate"],"picked":"Machine Learning","floor":22},{"not_picked":["Stack","Beam Cell","Compile Driver+1"],"picked":"SKIP","floor":24},{"not_picked":["Blizzard","Stack","Steam"],"picked":"SKIP","floor":24},{"not_picked":["Sweeping Beam","Chaos"],"picked":"Redo","floor":25},{"not_picked":["Doom and Gloom","Consume+1"],"picked":"Steam+1","floor":29},{"not_picked":["Stack+1","Go for the Eyes"],"picked":"Turbo+1","floor":29},{"not_picked":["Sweeping Beam","Beam Cell+1","Multi-Cast+1"],"picked":"SKIP","floor":30},{"not_picked":["Conserve Battery+1","Streamline"],"picked":"Redo+1","floor":31},{"not_picked":["Sunder","Doom and Gloom"],"picked":"Cold Snap","floor":31},{"not_picked":["Machine Learning","Reboot+1"],"picked":"Amplify+1","floor":33},{"not_picked":["Barrage","Fusion+1"],"picked":"Glacier+1","floor":35},{"not_picked":["Heatsinks+1","Gash+1"],"picked":"Coolheaded+1","floor":35},{"not_picked":["Redo+1","Turbo+1"],"picked":"Chill+1","floor":36},{"not_picked":["Ball Lightning","Compile Driver+1","Sunder"],"picked":"SKIP","floor":36},{"not_picked":["Darkness+1","Barrage"],"picked":"Leap+1","floor":39},{"not_picked":["Fusion+1","Go for the Eyes+1","Heatsinks+1"],"picked":"SKIP","floor":39},{"not_picked":["Steam+1","Rip and Tear"],"picked":"Force Field+1","floor":40},{"not_picked":["Heatsinks+1","Streamline+1"],"picked":"Conserve Battery+1","floor":42},{"not_picked":["Tempest+1","Aggregate+1"],"picked":"Steam+1","floor":47},{"not_picked":["Coolheaded+1","Skim+1"],"picked":"Defragment+1","floor":48},{"not_picked":["Leap+1","Turbo+1"],"picked":"BootSequence+1","floor":54}],"player_experience":353661,"relics_obtained":[{"floor":6,"key":"Anchor"},{"floor":10,"key":"Kunai"},{"floor":14,"key":"Prayer Wheel"},{"floor":25,"key":"Ancient Tea Set"},{"floor":26,"key":"Toxic Egg 2"},{"floor":30,"key":"Calipers"},{"floor":40,"key":"Centennial Puzzle"},{"floor":42,"key":"Ice Cream"},{"floor":43,"key":"Whetstone"},{"floor":47,"key":"Turnip"},{"floor":48,"key":"DataDisk"},{"floor":54,"key":"Sundial"}],"event_choices":[{"damage_healed":0,"gold_gain":0,"player_choice":"Donut","damage_taken":0,"max_hp_gain":5,"max_hp_loss":0,"event_name":"Big Fish","floor":2,"gold_loss":0},{"damage_healed":0,"gold_gain":100,"player_choice":"Pray","damage_taken":0,"max_hp_gain":0,"max_hp_loss":0,"event_name":"Golden Shrine","floor":3,"gold_loss":0},{"damage_healed":20,"gold_gain":0,"player_choice":"Healed","damage_taken":0,"max_hp_gain":0,"max_hp_loss":0,"event_name":"The Cleric","floor":13,"gold_loss":35},{"damage_healed":0,"gold_gain":0,"player_choice":"2 cards matched","damage_taken":0,"max_hp_gain":0,"max_hp_loss":0,"event_name":"Match and Keep!","floor":19,"gold_loss":0,"cards_obtained":["Ball Lightning","Machine Learning"]},{"damage_healed":0,"gold_gain":100,"player_choice":"Bet on Murderer","damage_taken":0,"max_hp_gain":0,"max_hp_loss":0,"event_name":"The Joust","floor":28,"gold_loss":50},{"damage_healed":0,"gold_gain":0,"player_choice":"Max HP","damage_taken":0,"max_hp_gain":0,"max_hp_loss":4,"event_name":"Winding Halls","floor":38,"gold_loss":0},{"cards_removed":["Cold Snap"],"damage_healed":0,"gold_gain":0,"player_choice":"Removed Attack","damage_taken":0,"max_hp_gain":0,"max_hp_loss":0,"event_name":"Falling","floor":45,"gold_loss":0},{"damage_healed":0,"gold_gain":0,"player_choice":"Ignored","damage_taken":0,"max_hp_gain":0,"max_hp_loss":0,"event_name":"Tomb of Lord Red Mask","floor":46,"gold_loss":0},{"damage_healed":0,"gold_gain":0,"player_choice":"Fight","damage_taken":0,"max_hp_gain":0,"max_hp_loss":0,"event_name":"Mysterious Sphere","floor":47,"gold_loss":0}],"is_beta":false,"boss_relics":[{"not_picked":["Astrolabe","Tiny House"],"picked":"Runic Dome"},{"not_picked":["Cursed Key","Pandora\u0027s Box"],"picked":"Eternal Feather"}],"items_purged_floors":[21,37,53],"is_endless":false,"potions_floor_spawned":[1,5,7,10,14,20,22,29,30,31,39,42,47,48],"ascension_level":5}