{"gold_per_floor":[114,128,128,142,142,177,177,194,271,291,316,316,316],"floor_reached":13,"playtime":1044,"items_purged":[],"score":105,"play_id":"9eb4c6b1-7019-4a9c-87f3-862110f7615f","local_time":"20191002111618","is_ascension_mode":true,"campfire_choices":[{"floor":7,"key":"RECALL"},{"data":"Seeing Red","floor":12,"key":"SMITH"}],"neow_cost":"NONE","seed_source_timestamp":1638971939391917,"circlet_count":0,"master_deck":["Strike_R","Strike_R","Strike_R","Strike_R","Strike_R","Defend_R","Defend_R","Defend_R","Defend_R","Bash+1","Twin Strike","Headbutt","Seeing Red+1","Flex","Cleave"],"relics":["Burning Blood","Bag of Marbles","Pocketwatch","Omamori","Ice Cream"],"potions_floor_usage":[11],"damage_taken":[{"damage":2,"enemies":"Small Slimes","floor":1,"turns":3},{"damage":0,"enemies":"2 Louse","floor":2,"turns":2},{"damage":9,"enemies":"Jaw Worm","floor":4,"turns":3},{"damage":45,"enemies":"Lagavulin","floor":6,"turns":8},{"damage":13,"enemies":"Exordium Wildlife","floor":8,"turns":3},{"damage":0,"enemies":"3 Louse","floor":10,"turns":3},{"damage":15,"enemies":"Gremlin Nob","floor":11,"turns":3},{"damage":34,"enemies":"Lagavulin","floor":13,"turns":5}],"seed_played":"-6923618361487457293","potions_obtained":[{"floor":1,"key":"Regen Potion"},{"floor":6,"key":"LiquidBronze"}],"is_trial":false,"path_per_floor":["M","M","?","M","?","E","R","M","T","M","E","R","E"],"character_chosen":"IRONCLAD","items_purchased":[],"campfire_rested":0,"item_purchase_floors":[],"current_hp_per_floor":[80,80,68,65,65,26,26,19,19,25,25,25,0],"gold":316,"neow_bonus":"RANDOM_COMMON_RELIC","is_prod":false,"is_daily":false,"chose_seed":false,"campfire_upgraded":1,"win_rate":0,"timestamp":1570029378,"path_taken":["M","M","?","M","?","E","R","M","T","M","E","R","E"],"build_version":"2019-07-17","purchased_purges":0,"victory":false,"max_hp_per_floor":[80,80,80,80,80,80,80,80,80,80,80,80,80],"card_choices":[{"not_picked":["Combust","Perfected Strike","Havoc"],"picked":"SKIP","floor":1},{"not_picked":["Sword Boomerang","Clash"],"picked":"Twin Strike","floor":2},{"not_picked":["Sword Boomerang","Disarm"],"picked":"Headbutt","floor":4},{"not_picked":["Battle Trance","True Grit"],"picked":"Seeing Red","floor":6},{"not_picked":["Twin Strike","Headbutt"],"picked":"Flex","floor":8},{"not_picked":["Whirlwind","Perfected Strike","Sentinel"],"picked":"SKIP","floor":10},{"not_picked":["Double Tap","Spot Weakness"],"picked":"Cleave","floor":11}],"player_experience":187756,"relics_obtained":[{"floor":6,"key":"Omamori"},{"floor":11,"key":"Ice Cream"}],"event_choices":[{"damage_healed":0,"gold_gain":0,"player_choice":"Success","damage_taken":12,"relics_obtained":["Pocketwatch"],"max_hp_gain":0,"max_hp_loss":0,"event_name":"Scrap Ooze","floor":3,"gold_loss":0},{"damage_healed":0,"gold_gain":0,"player_choice":"Grow","damage_taken":0,"max_hp_gain":0,"max_hp_loss":0,"event_name":"Living Wall","floor":5,"gold_loss":0,"cards_upgraded":["Bash"]}],"is_beta":false,"boss_relics":[],"items_purged_floors":[],"is_endless":false,"potions_floor_spawned":[1,6],"killed_by":"Lagavulin","ascension_level":2}