{"gold_per_floor":[362,375,388,353,363,363,380,655,655,655,667,239,258,271,271,370,370,382,398,298,312,341,369,369,388,388,388,400,111,111,122,122,220,220,240,240,240,256,99,99,115,115,115,132,160,160,93,93,93,93,93,93,23,23],"floor_reached":54,"playtime":2462,"items_purged":["Regret","Strike_B"],"score":837,"play_id":"7a95c7eb-5dc1-4384-b4d9-1766a0311e5b","local_time":"20190827232459","is_ascension_mode":true,"campfire_choices":[{"data":"Hologram","floor":6.0,"key":"SMITH"},{"floor":10.0,"key":"REST"},{"floor":15.0,"key":"REST"},{"floor":24,"key":"REST"},{"data":"Creative AI","floor":27,"key":"SMITH"},{"floor":30,"key":"REST"},{"data":"Defragment","floor":32,"key":"SMITH"},{"data":"Fission","floor":40,"key":"SMITH"},{"data":"Rainbow","floor":42,"key":"SMITH"},{"floor":46,"key":"RECALL"},{"data":"Consume","floor":49,"key":"SMITH"},{"data":"Chaos","floor":52,"key":"SMITH"}],"neow_cost":"PERCENT_DAMAGE","seed_source_timestamp":0,"circlet_count":0,"master_deck":["Strike_B","Strike_B","Defend_B","Defend_B","Defend_B","Defend_B","Zap","Dualcast","Ball Lightning","Conserve Battery","Hologram+1","Glacier","Cold Snap","Electrodynamics","Rainbow+1","Consume+1","Multi-Cast","Creative AI+1","Fusion","Defragment+1","Chaos+1","Fission+1","Coolheaded+1","Double Energy+1","Leap+1","Chill","Rainbow","Static Discharge"],"special_seed":0,"relics":["Cracked Core","Bottled Lightning","DataDisk","Sozu","Red Mask","Anchor","Cables","Philosopher\u0027s Stone","Happy Flower","Potion Belt","Mango"],"potions_floor_usage":[21,23],"damage_taken":[{"damage":1.0,"enemies":"Cultist","floor":1.0,"turns":3.0},{"damage":13.0,"enemies":"Small Slimes","floor":2.0,"turns":3.0},{"damage":7.0,"enemies":"Jaw Worm","floor":3.0,"turns":3.0},{"damage":23.0,"enemies":"Lots of Slimes","floor":5.0,"turns":4.0},{"damage":9.0,"enemies":"Blue Slaver","floor":7.0,"turns":3.0},{"damage":14.0,"enemies":"Exordium Thugs","floor":11.0,"turns":6.0},{"damage":9.0,"enemies":"2 Fungi Beasts","floor":13.0,"turns":2.0},{"damage":5.0,"enemies":"Large Slime","floor":14.0,"turns":4.0},{"damage":0.0,"enemies":"Slime Boss","floor":16.0,"turns":4.0},{"damage":10,"enemies":"2 Thieves","floor":18,"turns":4},{"damage":1,"enemies":"3 Byrds","floor":19,"turns":3},{"damage":19,"enemies":"Cultist and Chosen","floor":21,"turns":5},{"damage":24,"enemies":"Masked Bandits","floor":22,"turns":4},{"damage":19,"enemies":"Gremlin Leader","floor":23,"turns":8},{"damage":2,"enemies":"Chosen and Byrds","floor":25,"turns":4},{"damage":0,"enemies":"Snecko","floor":28,"turns":4},{"damage":0,"enemies":"Snake Plant","floor":31,"turns":4},{"damage":18,"enemies":"Collector","floor":33,"turns":10},{"damage":0,"enemies":"Orb Walker","floor":35,"turns":3},{"damage":0,"enemies":"3 Shapes","floor":38,"turns":2},{"damage":28,"enemies":"Transient","floor":41,"turns":5},{"damage":0,"enemies":"Sphere and 2 Shapes","floor":44,"turns":2},{"damage":6,"enemies":"Giant Head","floor":45,"turns":8},{"damage":30,"enemies":"Donu and Deca","floor":50,"turns":7},{"damage":85,"enemies":"Shield and Spear","floor":54,"turns":5}],"seed_played":"5015384709899861684","potions_obtained":[{"floor":1.0,"key":"FearPotion"},{"floor":7.0,"key":"PowerPotion"},{"floor":14.0,"key":"SpeedPotion"},{"floor":16.0,"key":"Block Potion"}],"is_trial":false,"path_per_floor":["M","M","M","?","M","R","M","?","T","R","M","$","M","M","R","B",null,"M","M","$","M","?","E","R","M","T","R","M","$","R","M","R","B",null,"M","?","?","M","$","R","M","R","T","M","E","R","$","?","R","B",null,"R","$","E"],"character_chosen":"DEFECT","items_purchased":["DataDisk","Electrodynamics","Rainbow","Defragment","Cables","Happy Flower","Chill","Static Discharge"],"campfire_rested":4,"item_purchase_floors":[12,12,12,29,29,39,47,53],"current_hp_per_floor":[53,40,33,51,28,28,19,19,19,41,27,27,18,13,35,35,75,65,64,64,45,21,2,24,22,22,22,22,22,44,44,44,26,75,75,75,71,71,71,71,43,43,43,43,51,51,51,51,51,21,85,85,85,0],"gold":23,"neow_bonus":"TWO_FIFTY_GOLD","is_prod":false,"is_daily":false,"chose_seed":false,"campfire_upgraded":7,"win_rate":0,"timestamp":1566941099,"path_taken":["M","M","?","?","M","R","M","?","T","R","?","$","M","M","R","BOSS","M","M","?","M","?","E","R","?","T","R","M","$","R","M","R","BOSS","M","?","?","M","$","R","M","R","T","M","E","R","?","?","R","BOSS","R","$","E"],"build_version":"2019-07-17","purchased_purges":2,"victory":false,"max_hp_per_floor":[75,75,75,75,75,75,75,75,75,75,75,75,75,75,75,75,75,75,75,75,75,75,75,75,75,75,75,75,75,75,75,75,75,75,75,75,71,71,71,71,71,71,71,71,85,85,85,85,85,85,85,85,85,85],"card_choices":[{"not_picked":["Blizzard","Turbo"],"picked":"Ball Lightning","floor":1.0},{"not_picked":["Undo","Storm"],"picked":"Conserve Battery","floor":2.0},{"not_picked":["Force Field","Steam","Coolheaded"],"picked":"SKIP","floor":3.0},{"not_picked":["Stack","Leap"],"picked":"Hologram","floor":5.0},{"not_picked":["Machine Learning","Conserve Battery"],"picked":"Glacier","floor":7.0},{"not_picked":["Streamline","Hello World"],"picked":"Cold Snap","floor":11.0},{"not_picked":["Redo","Doom and Gloom","Hologram"],"picked":"SKIP","floor":13.0},{"not_picked":["Blizzard","Doom and Gloom"],"picked":"Consume","floor":14.0},{"not_picked":["Seek","Thunder Strike"],"picked":"Multi-Cast","floor":16.0},{"not_picked":["Beam Cell","Glacier","Streamline+1"],"picked":"SKIP","floor":18},{"not_picked":["Compile Driver","Hologram","Force Field"],"picked":"SKIP","floor":19},{"not_picked":["Gash","Steam","Melter+1"],"picked":"SKIP","floor":21},{"not_picked":["Hello World","Sweeping Beam"],"picked":"Creative AI","floor":23},{"not_picked":["FTL+1","Barrage"],"picked":"Fusion","floor":25},{"not_picked":["Compile Driver","Barrage","Hologram"],"picked":"SKIP","floor":28},{"not_picked":["Coolheaded","Skim+1"],"picked":"Chaos","floor":31},{"not_picked":["Hyperbeam","Meteor Strike"],"picked":"Fission","floor":33},{"not_picked":["Static Discharge","Coolheaded","Gash"],"picked":"SKIP","floor":35},{"not_picked":["Gash+1","Loop+1"],"picked":"Coolheaded+1","floor":38},{"not_picked":["Sweeping Beam","Turbo"],"picked":"Double Energy+1","floor":41},{"not_picked":["Ball Lightning","Beam Cell+1"],"picked":"Leap+1","floor":44},{"not_picked":["Reprogram","Aggregate","Melter+1"],"picked":"SKIP","floor":45}],"player_experience":248229,"relics_obtained":[{"floor":9.0,"key":"Bottled Lightning"},{"floor":22,"key":"Red Mask"},{"floor":23,"key":"Anchor"},{"floor":43,"key":"Potion Belt"},{"floor":45,"key":"Mango"}],"event_choices":[{"damage_healed":18.0,"max_hp_gain":0.0,"max_hp_loss":0.0,"gold_gain":0.0,"event_name":"The Cleric","player_choice":"Healed","floor":4.0,"gold_loss":35.0,"damage_taken":0.0},{"damage_healed":0.0,"max_hp_gain":0.0,"max_hp_loss":0.0,"gold_gain":275.0,"event_name":"Golden Shrine","player_choice":"Desecrate","floor":8.0,"gold_loss":0.0,"damage_taken":0.0,"cards_obtained":["Regret"]},{"damage_healed":0,"gold_gain":0,"player_choice":"Fought Bandits","damage_taken":0,"max_hp_gain":0,"max_hp_loss":0,"event_name":"Masked Bandits","floor":22,"gold_loss":0},{"damage_healed":0,"gold_gain":0,"player_choice":"Memory 1","damage_taken":0,"max_hp_gain":0,"max_hp_loss":0,"event_name":"SensoryStone","floor":36,"gold_loss":0},{"damage_healed":0,"gold_gain":0,"player_choice":"Max HP","damage_taken":0,"max_hp_gain":0,"max_hp_loss":4,"event_name":"Winding Halls","floor":37,"gold_loss":0},{"damage_healed":0,"gold_gain":0,"cards_transformed":["Strike_B"],"player_choice":"Transformed","damage_taken":0,"max_hp_gain":0,"max_hp_loss":0,"event_name":"Transmorgrifier","floor":48,"gold_loss":0,"cards_obtained":["Rainbow"]}],"is_beta":false,"boss_relics":[{"not_picked":["Velvet Choker","Pandora\u0027s Box"],"picked":"Sozu"},{"not_picked":["Snecko Eye","FrozenCore"],"picked":"Philosopher\u0027s Stone"}],"items_purged_floors":[12,20],"is_endless":false,"potions_floor_spawned":[1,7,14,16,18,19,21,31,33,38,41],"killed_by":"Shield and Spear","ascension_level":3}