{"gold_per_floor":[113,126,126,126,137,162,162,189,214,214,224,224,224,71,71,148,148,164,164,11,11,24,24,53,53,53,63,77,88,103,103,103,180,180,199,215,232,21,0,33,43,71,71,29,29,129,129,154,154,154,154,154,154,4,36,36],"floor_reached":56,"playtime":3877,"items_purged":["Strike_B","Defend_B","Defend_B","Defend_B"],"score":1951,"play_id":"6767db0e-bf4b-4381-be7d-55e4c4cf02d2","local_time":"20190205153650","is_ascension_mode":true,"campfire_choices":[{"floor":7,"key":"REST"},{"data":"Consume","floor":10,"key":"SMITH"},{"data":"Zap","floor":12,"key":"SMITH"},{"data":"Loop","floor":15,"key":"SMITH"},{"data":"Coolheaded","floor":23,"key":"SMITH"},{"floor":25,"key":"REST"},{"data":"White Noise","floor":32,"key":"SMITH"},{"floor":45,"key":"RECALL"},{"data":"Apotheosis","floor":49,"key":"SMITH"},{"data":"Capacitor","floor":53,"key":"SMITH"}],"neow_cost":"NONE","seed_source_timestamp":327485447594080,"circlet_count":0,"master_deck":["AscendersBane","Defend_B","Zap+1","Dualcast","Self Repair","Consume+1","Cold Snap","Go for the Eyes","Loop+1","Electrodynamics","Coolheaded+1","Bite+1","Bite+1","Bite","Bite","Bite","Cold Snap","Go for the Eyes","Leap","Cold Snap","Self Repair","White Noise+1","Self Repair+1","Buffer","Ball Lightning","Glacier+1","Capacitor+1","Cold Snap","Cold Snap+1","Defragment","Chill","Secret Technique","Apotheosis+1","Secret Technique","Coolheaded"],"relics":["Cracked Core","NeowsBlessing","PreservedInsect","Potion Belt","Thread and Needle","Blue Candle","Sozu","FaceOfCleric","Anchor","Bottled Tornado","Coffee Dripper","Red Mask","Boot","Whetstone","Incense Burner","Cables","Gremlin Horn"],"potions_floor_usage":[8,16,16],"damage_taken":[{"damage":0,"enemies":"Jaw Worm","floor":1,"turns":1},{"damage":0,"enemies":"Cultist","floor":2,"turns":1},{"damage":0,"enemies":"2 Louse","floor":5,"turns":1},{"damage":13,"enemies":"3 Sentries","floor":6,"turns":9},{"damage":8,"enemies":"Gremlin Nob","floor":8,"turns":3},{"damage":0,"enemies":"Exordium Thugs","floor":11,"turns":5},{"damage":57,"enemies":"Hexaghost","floor":16,"turns":12},{"damage":17,"enemies":"Shell Parasite","floor":18,"turns":4},{"damage":5,"enemies":"Spheric Guardian","floor":22,"turns":4},{"damage":36,"enemies":"Book of Stabbing","floor":24,"turns":5},{"damage":25,"enemies":"Chosen and Byrds","floor":27,"turns":6},{"damage":11,"enemies":"Snake Plant","floor":28,"turns":4},{"damage":0,"enemies":"Centurion and Healer","floor":29,"turns":9},{"damage":21,"enemies":"Shelled Parasite and Fungi","floor":30,"turns":5},{"damage":47,"enemies":"Champ","floor":33,"turns":22},{"damage":9,"enemies":"3 Darklings","floor":35,"turns":3},{"damage":0,"enemies":"Orb Walker","floor":36,"turns":3},{"damage":48,"enemies":"3 Darklings","floor":37,"turns":6},{"damage":16,"enemies":"Reptomancer","floor":40,"turns":5},{"damage":49,"enemies":"Maw","floor":41,"turns":11},{"damage":27,"enemies":"Nemesis","floor":42,"turns":7},{"damage":0,"enemies":"Mind Bloom Boss Battle","floor":46,"turns":5},{"damage":57,"enemies":"Reptomancer","floor":48,"turns":7},{"damage":39,"enemies":"Awakened One","floor":50,"turns":24},{"damage":26,"enemies":"Donu and Deca","floor":51,"turns":12},{"damage":69,"enemies":"Shield and Spear","floor":55,"turns":11},{"damage":107,"enemies":"The Heart","floor":56,"turns":14}],"seed_played":"2322002003315119787","potions_obtained":[{"floor":5,"key":"Swift Potion"},{"floor":6,"key":"Swift Potion"},{"floor":11,"key":"Dexterity Potion"}],"is_trial":false,"path_per_floor":["M","M","?","?","M","E","R","E","T","R","M","R","?","$","R","B",null,"M","?","$","?","M","R","E","R","T","M","M","M","M","$","R","B",null,"M","M","M","$","?","E","M","E","T","$","R","?","?","E","R","B","B",null,"R","$","E","B"],"character_chosen":"DEFECT","items_purchased":["Loop","Cold Snap","Capacitor","Defragment"],"campfire_rested":2,"item_purchase_floors":[14,20,38,44],"current_hp_per_floor":[64,64,38,38,38,32,53,52,52,52,61,61,61,61,61,13,57,49,49,49,49,60,60,38,59,59,48,49,76,77,77,77,78,78,79,80,65,65,65,77,75,84,84,84,84,85,75,64,64,87,88,88,88,88,62,0],"gold":36,"neow_bonus":"THREE_ENEMY_KILL","is_prod":false,"is_daily":false,"chose_seed":false,"campfire_upgraded":7,"win_rate":0,"timestamp":1549377410,"path_taken":["M","M","?","?","?","E","R","E","T","R","M","R","?","$","R","BOSS","M","?","$","?","M","R","E","R","T","M","M","M","M","$","R","BOSS","M","?","M","$","?","E","M","E","T","$","R","?","?","E","R","BOSS","BOSS","R","$","E","BOSS"],"build_version":"2019-01-23","purchased_purges":4,"victory":false,"max_hp_per_floor":[71,71,71,71,71,71,71,71,71,71,71,71,71,71,71,71,71,71,71,71,71,72,72,73,73,73,74,75,76,77,77,77,78,78,79,80,81,81,81,82,83,84,84,84,84,85,85,86,86,87,88,88,88,88,89,89],"card_choices":[{"not_picked":["Streamline","BootSequence"],"picked":"Self Repair","floor":1},{"not_picked":["Hello World","Leap"],"picked":"Consume","floor":2},{"not_picked":["Steam Power","Streamline"],"picked":"Cold Snap","floor":5},{"not_picked":["Hello World","Compile Driver"],"picked":"Go for the Eyes","floor":6},{"not_picked":["Consume","Thunder Strike","Sweeping Beam"],"picked":"SKIP","floor":8},{"not_picked":["Redo","Streamline","Rip and Tear"],"picked":"SKIP","floor":11},{"not_picked":["Rainbow","Creative AI"],"picked":"Electrodynamics","floor":16},{"not_picked":["Steam","Turbo"],"picked":"Coolheaded","floor":18},{"not_picked":["Turbo","Redo"],"picked":"Go for the Eyes","floor":22},{"not_picked":["Hologram","Ball Lightning"],"picked":"Leap","floor":24},{"not_picked":["Sunder","Blizzard"],"picked":"Cold Snap","floor":27},{"not_picked":["Sweeping Beam","Leap"],"picked":"Self Repair","floor":28},{"not_picked":["Core Surge","Gash"],"picked":"White Noise","floor":29},{"not_picked":["Rebound","Skim"],"picked":"Self Repair+1","floor":30},{"not_picked":["Biased Cognition","Fission"],"picked":"Buffer","floor":33},{"not_picked":["Gash","Hologram"],"picked":"Ball Lightning","floor":35},{"not_picked":["Storm","Gash+1"],"picked":"Glacier+1","floor":36},{"not_picked":["Doom and Gloom+1","Beam Cell","Streamline"],"picked":"SKIP","floor":37},{"not_picked":["Melter","Steam"],"picked":"Cold Snap","floor":40},{"not_picked":["Hyperbeam","Turbo"],"picked":"Cold Snap+1","floor":41},{"not_picked":["Rebound","Tempest","Hyperbeam"],"picked":"SKIP","floor":42},{"not_picked":["Streamline","Melter"],"picked":"Chill","floor":46},{"not_picked":["Impatience","Transmutation"],"picked":"Secret Technique","floor":47},{"not_picked":["Discovery","HandOfGreed"],"picked":"Apotheosis","floor":47},{"not_picked":["Jack Of All Trades","Enlightenment"],"picked":"Secret Technique","floor":47},{"not_picked":["Rainbow","Conserve Battery","Streamline"],"picked":"SKIP","floor":48},{"not_picked":["Conserve Battery+1","Stack"],"picked":"Coolheaded","floor":55}],"player_experience":599586,"relics_obtained":[{"floor":6,"key":"Potion Belt"},{"floor":8,"key":"Thread and Needle"},{"floor":9,"key":"Blood Vial"},{"floor":13,"key":"Blue Candle"},{"floor":24,"key":"Anchor"},{"floor":26,"key":"Bottled Tornado"},{"floor":40,"key":"Boot"},{"floor":42,"key":"Whetstone"},{"floor":46,"key":"Incense Burner"},{"floor":48,"key":"Cables"},{"floor":55,"key":"Gremlin Horn"}],"event_choices":[{"damage_healed":0,"gold_gain":0,"player_choice":"Success","damage_taken":26,"relics_obtained":["PreservedInsect"],"max_hp_gain":0,"max_hp_loss":0,"event_name":"Scrap Ooze","floor":3,"gold_loss":0},{"cards_removed":["Strike_B"],"damage_healed":0,"gold_gain":0,"player_choice":"Purged","damage_taken":0,"max_hp_gain":0,"max_hp_loss":0,"event_name":"Purifier","floor":4,"gold_loss":0},{"damage_healed":0,"gold_gain":0,"player_choice":"Relic","damage_taken":0,"max_hp_gain":0,"max_hp_loss":0,"event_name":"Wheel of Change","floor":13,"gold_loss":0},{"damage_healed":0,"gold_gain":0,"player_choice":"Became a vampire (Vial)","damage_taken":0,"max_hp_gain":0,"max_hp_loss":0,"event_name":"Vampires","floor":19,"relics_lost":["Blood Vial"],"gold_loss":0,"cards_obtained":["Bite","Bite","Bite","Bite","Bite"]},{"damage_healed":0,"gold_gain":0,"player_choice":"Trade","damage_taken":0,"relics_obtained":["FaceOfCleric"],"max_hp_gain":0,"max_hp_loss":0,"event_name":"FaceTrader","floor":21,"gold_loss":0},{"damage_healed":0,"gold_gain":0,"player_choice":"Paid","damage_taken":0,"relics_obtained":["Red Mask"],"max_hp_gain":0,"max_hp_loss":0,"event_name":"Tomb of Lord Red Mask","floor":39,"gold_loss":21},{"damage_healed":0,"gold_gain":0,"player_choice":"Fight","damage_taken":0,"max_hp_gain":0,"max_hp_loss":0,"event_name":"MindBloom","floor":46,"gold_loss":0},{"damage_healed":0,"gold_gain":0,"player_choice":"Memory 3","damage_taken":10,"max_hp_gain":0,"max_hp_loss":0,"event_name":"SensoryStone","floor":47,"gold_loss":0}],"is_beta":false,"boss_relics":[{"not_picked":["Busted Crown","Astrolabe"],"picked":"Sozu"},{"not_picked":["Tiny House","Pandora\u0027s Box"],"picked":"Coffee Dripper"}],"items_purged_floors":[14,20,38,54],"is_endless":false,"potions_floor_spawned":[5,6,11,22,24,27,28,36,42,46],"killed_by":"The Heart","ascension_level":20}