{"gold_per_floor":[214,225,19,29,29,60,80,99,149,167,167,178,178,189,189,189],"floor_reached":16,"playtime":830,"items_purged":["Strike_B"],"score":106,"play_id":"36f3c0a1-38e8-4ee0-bb92-3e76ad6bba5f","local_time":"20190808072320","is_ascension_mode":false,"campfire_choices":[{"floor":11,"key":"REST"},{"data":"Creative AI","floor":13,"key":"SMITH"},{"floor":15,"key":"REST"}],"neow_cost":"NONE","seed_source_timestamp":136500346496386,"circlet_count":0,"master_deck":["Strike_B","Strike_B","Strike_B","Defend_B","Defend_B","Defend_B","Defend_B","Zap","Dualcast","Static Discharge","Reinforced Body","Streamline","Ball Lightning","Coolheaded","Pain","Creative AI+1","Hologram","Glacier","BootSequence"],"relics":["Cracked Core","WarpedTongs","Potion Belt","Strawberry"],"potions_floor_usage":[6,16],"damage_taken":[{"damage":6,"enemies":"2 Louse","floor":1,"turns":2},{"damage":5,"enemies":"Cultist","floor":2,"turns":4},{"damage":0,"enemies":"Small Slimes","floor":4,"turns":2},{"damage":23,"enemies":"Lagavulin","floor":6,"turns":5},{"damage":4,"enemies":"Looter","floor":7,"turns":3},{"damage":12,"enemies":"Exordium Thugs","floor":8,"turns":3},{"damage":9,"enemies":"Blue Slaver","floor":10,"turns":3},{"damage":12,"enemies":"3 Louse","floor":12,"turns":2},{"damage":14,"enemies":"Looter","floor":14,"turns":3},{"damage":45,"enemies":"Slime Boss","floor":16,"turns":6}],"seed_played":"-8732159953641231051","potions_obtained":[{"floor":4,"key":"SteroidPotion"},{"floor":6,"key":"FearPotion"},{"floor":10,"key":"SkillPotion"},{"floor":14,"key":"PowerPotion"}],"is_trial":false,"path_per_floor":["M","M","$","M","?","E","M","M","T","M","R","M","R","M","R","B"],"character_chosen":"DEFECT","items_purchased":["Reinforced Body","Streamline","Ball Lightning"],"campfire_rested":2,"item_purchase_floors":[3,3,3],"current_hp_per_floor":[69,64,64,64,64,41,37,25,32,23,47,35,35,21,45,0],"gold":189,"neow_bonus":"HUNDRED_GOLD","is_prod":false,"is_daily":false,"chose_seed":false,"campfire_upgraded":1,"win_rate":0,"timestamp":1565241800,"path_taken":["M","M","$","M","?","E","M","?","T","M","R","M","R","M","R","BOSS"],"build_version":"2019-07-17","purchased_purges":1,"victory":false,"max_hp_per_floor":[75,75,75,75,75,75,75,75,82,82,82,82,82,82,82,82],"card_choices":[{"not_picked":["Gash","Lockon"],"picked":"Static Discharge","floor":1},{"not_picked":["Redo","Conserve Battery","Barrage"],"picked":"SKIP","floor":2},{"not_picked":["Leap","Hologram"],"picked":"Coolheaded","floor":4},{"not_picked":["Hologram","Glacier"],"picked":"Creative AI","floor":6},{"not_picked":["Conserve Battery","Stack","Coolheaded"],"picked":"SKIP","floor":7},{"not_picked":["Steam","Sweeping Beam","Leap"],"picked":"SKIP","floor":8},{"not_picked":["Amplify","Ball Lightning"],"picked":"Hologram","floor":10},{"not_picked":["Reprogram","Go for the Eyes"],"picked":"Glacier","floor":12},{"not_picked":["Lockon","Turbo"],"picked":"BootSequence","floor":14}],"player_experience":154281,"relics_obtained":[{"floor":6,"key":"Potion Belt"},{"floor":9,"key":"Strawberry"}],"event_choices":[{"damage_healed":0,"gold_gain":0,"player_choice":"Rummage","damage_taken":0,"relics_obtained":["WarpedTongs"],"max_hp_gain":0,"max_hp_loss":0,"event_name":"Accursed Blacksmith","floor":5,"gold_loss":0,"cards_obtained":["Pain"]}],"is_beta":false,"boss_relics":[],"items_purged_floors":[3],"is_endless":false,"potions_floor_spawned":[4,6,10,14],"killed_by":"Slime Boss","ascension_level":0}