{"gold_per_floor":[110,110,125,136,136,136,170,50,100,130,26,39,39,39,39,143,143,162,162,77,2,12,46,46,77,103,131,131,145,159,259,259,354,354,373,393,393,393,241,269,269,281,281,83,102,120,131,157,157,157,157,157,7,38,38],"floor_reached":55,"playtime":3830,"items_purged":["Strike_B","Strike_B","Strike_B","Strike_B"],"score":1045,"play_id":"105c4155-eaa9-430d-80c2-847325e9f828","local_time":"20181213203619","is_ascension_mode":true,"campfire_choices":[{"data":"Dualcast","floor":6,"key":"SMITH"},{"data":"Genetic Algorithm","floor":15,"key":"SMITH"},{"data":"Defragment","floor":24,"key":"SMITH"},{"data":"Machine Learning","floor":28,"key":"SMITH"},{"floor":32,"key":"REST"},{"floor":41,"key":"RECALL"},{"floor":49,"key":"REST"},{"data":"Loop","floor":52,"key":"SMITH"}],"neow_cost":"NONE","seed_source_timestamp":109600955345383,"circlet_count":0,"master_deck":["Defend_B","Defend_B","Defend_B","Defend_B","Zap+1","Dualcast+1","Madness+1","FTL","Conserve Battery","Cold Snap","Go for the Eyes","Streamline","Genetic Algorithm+1","Auto Shields","Scrape","FTL","Machine Learning+1","Compile Driver+1","Gash","Defragment+1","Melter","Cold Snap+1","Glacier","Defragment","Redo+1","Buffer","Gash","Coolheaded+1","Madness","Madness","Beam Cell","Beam Cell+1","Go for the Eyes+1","Loop+1","Gash","Defragment+1","Barrage+1","Conserve Battery+1","Loop"],"relics":["Cracked Core","Centennial Puzzle","Question Card","Thread and Needle","Sozu","DataDisk","PreservedInsect","Mercury Hourglass","Anchor","Bottled Flame","Lizard Tail","Strawberry","Shuriken","Vajra","Oddly Smooth Stone"],"potions_floor_usage":[2,7,23,25,38],"damage_taken":[{"damage":3,"enemies":"Small Slimes","floor":1,"turns":3},{"damage":1,"enemies":"Cultist","floor":3,"turns":4},{"damage":2,"enemies":"Jaw Worm","floor":4,"turns":3},{"damage":21,"enemies":"Lagavulin","floor":7,"turns":9},{"damage":10,"enemies":"Gremlin Nob","floor":10,"turns":3},{"damage":1,"enemies":"3 Louse","floor":12,"turns":2},{"damage":12,"enemies":"The Guardian","floor":16,"turns":13},{"damage":3,"enemies":"Chosen","floor":18,"turns":5},{"damage":10,"enemies":"2 Thieves","floor":22,"turns":4},{"damage":9,"enemies":"Book of Stabbing","floor":23,"turns":5},{"damage":0,"enemies":"Slavers","floor":25,"turns":3},{"damage":2,"enemies":"Book of Stabbing","floor":27,"turns":4},{"damage":0,"enemies":"Shelled Parasite and Fungi","floor":29,"turns":4},{"damage":9,"enemies":"Centurion and Healer","floor":30,"turns":4},{"damage":29,"enemies":"Collector","floor":33,"turns":10},{"damage":2,"enemies":"Orb Walker","floor":35,"turns":3},{"damage":0,"enemies":"3 Darklings","floor":36,"turns":5},{"damage":0,"enemies":"Jaw Worm Horde","floor":38,"turns":1},{"damage":0,"enemies":"Reptomancer","floor":40,"turns":7},{"damage":0,"enemies":"Writhing Mass","floor":42,"turns":10},{"damage":0,"enemies":"Transient","floor":45,"turns":5},{"damage":13,"enemies":"Jaw Worm Horde","floor":46,"turns":4},{"damage":26,"enemies":"4 Shapes","floor":47,"turns":4},{"damage":0,"enemies":"Giant Head","floor":48,"turns":7},{"damage":27,"enemies":"Awakened One","floor":50,"turns":13},{"damage":99,"enemies":"Shield and Spear","floor":54,"turns":6},{"damage":55,"enemies":"The Heart","floor":55,"turns":3}],"seed_played":"-1955152873816045055","potions_obtained":[{"floor":1,"key":"Block Potion"},{"floor":2,"key":"SmokeBomb"},{"floor":2,"key":"Fruit Juice"},{"floor":2,"key":"SpeedPotion"},{"floor":7,"key":"Explosive Potion"},{"floor":16,"key":"Fire Potion"}],"is_trial":false,"path_per_floor":["M","?","M","M","?","R","E","$","T","E","$","M","?","?","R","B",null,"M","?","?","$","M","E","R","E","T","E","R","M","M","?","R","B",null,"M","M","?","M","$","E","R","M","T","$","M","M","M","E","R","B",null,"R","$","E","B"],"character_chosen":"DEFECT","items_purchased":["Streamline","Auto Shields","Scrape","Defragment","Beam Cell","Loop"],"campfire_rested":2,"item_purchase_floors":[8,11,11,21,39,44],"current_hp_per_floor":[72,77,76,74,58,58,37,37,37,27,27,26,23,49,49,37,80,77,77,77,77,67,58,58,58,58,56,56,56,47,47,71,42,80,78,78,68,68,68,75,75,75,75,75,75,62,36,36,62,35,87,87,87,31,0],"gold":38,"neow_bonus":"RANDOM_COLORLESS","is_prod":false,"is_daily":false,"chose_seed":false,"campfire_upgraded":5,"win_rate":0,"timestamp":1544729779,"path_taken":["M","?","M","?","?","R","E","$","T","E","$","M","?","?","R","BOSS","M","?","?","?","?","E","R","E","T","E","R","M","M","?","R","BOSS","M","?","?","M","$","E","R","M","T","?","M","M","M","E","R","BOSS","R","$","E","BOSS"],"build_version":"2018-12-06","purchased_purges":4,"victory":false,"max_hp_per_floor":[75,80,80,80,80,80,80,80,80,80,80,80,80,80,80,80,80,80,80,80,80,80,80,80,80,80,80,80,80,80,80,80,80,80,80,80,80,80,80,87,87,87,87,87,87,87,87,87,87,87,87,87,87,87,87],"card_choices":[{"not_picked":["Doom and Gloom","Reprogram"],"picked":"FTL","floor":1},{"not_picked":["Darkness","Reinforced Body"],"picked":"Conserve Battery","floor":3},{"not_picked":["Conserve Battery","Redo"],"picked":"Cold Snap","floor":4},{"not_picked":["Blizzard","Conserve Battery"],"picked":"Go for the Eyes","floor":7},{"not_picked":["Steam Power","Darkness"],"picked":"Genetic Algorithm","floor":10},{"not_picked":["Turbo","Barrage","Coolheaded"],"picked":"FTL","floor":12},{"not_picked":["Thunder Strike","Amplify","Rainbow"],"picked":"Machine Learning","floor":16},{"not_picked":["Blizzard","Steam","Turbo"],"picked":"Compile Driver+1","floor":18},{"not_picked":["Barrage","Stack","Rebound"],"picked":"Melter","floor":22},{"not_picked":["Redo","Barrage","Creative AI","Hologram"],"picked":"SKIP","floor":23},{"not_picked":["Aggregate","Ball Lightning","Chill"],"picked":"Cold Snap+1","floor":25},{"not_picked":["Reprogram","Glacier","Auto Shields","Multi-Cast"],"picked":"SKIP","floor":27},{"not_picked":["Reprogram","Auto Shields","Multi-Cast"],"picked":"Glacier","floor":27},{"not_picked":["Sweeping Beam","Streamline","Rip and Tear"],"picked":"Defragment","floor":29},{"not_picked":["Turbo","Melter","FTL"],"picked":"Redo+1","floor":30},{"not_picked":["Reboot","Fission","Thunder Strike"],"picked":"Buffer","floor":33},{"not_picked":["Rebound+1","Hologram+1","Streamline"],"picked":"Gash","floor":35},{"not_picked":["Redo","Auto Shields+1","Stack"],"picked":"Coolheaded+1","floor":36},{"not_picked":["Melter","Rebound+1","Consume"],"picked":"Beam Cell+1","floor":40},{"not_picked":["Double Energy","Tempest","Barrage+1"],"picked":"Go for the Eyes+1","floor":42},{"not_picked":["Hologram","Rip and Tear","FTL"],"picked":"Gash","floor":45},{"not_picked":["All For One","Hologram","Streamline"],"picked":"Defragment+1","floor":46},{"not_picked":["Static Discharge","Stack+1","Rebound"],"picked":"Barrage+1","floor":47},{"not_picked":["Hello World+1","Multi-Cast","Double Energy"],"picked":"Conserve Battery+1","floor":48},{"not_picked":["Static Discharge+1","Rebound+1","Coolheaded"],"picked":"Loop","floor":54}],"player_experience":346719,"relics_obtained":[{"floor":7,"key":"Centennial Puzzle"},{"floor":10,"key":"Question Card"},{"floor":23,"key":"PreservedInsect"},{"floor":25,"key":"Mercury Hourglass"},{"floor":26,"key":"Anchor"},{"floor":27,"key":"Bottled Flame"},{"floor":40,"key":"Strawberry"},{"floor":43,"key":"Shuriken"},{"floor":48,"key":"Vajra"},{"floor":54,"key":"Oddly Smooth Stone"}],"event_choices":[{"damage_healed":0,"gold_gain":0,"player_choice":"Got Potions","damage_taken":0,"max_hp_gain":0,"max_hp_loss":0,"event_name":"Lab","floor":2,"gold_loss":0},{"damage_healed":0,"gold_gain":0,"player_choice":"Entered Light","damage_taken":16,"max_hp_gain":0,"max_hp_loss":0,"event_name":"Shining Light","floor":5,"gold_loss":0,"cards_upgraded":["Zap","Madness"]},{"damage_healed":0,"gold_gain":0,"player_choice":"Success","damage_taken":3,"relics_obtained":["Thread and Needle"],"max_hp_gain":0,"max_hp_loss":0,"event_name":"Scrap Ooze","floor":13,"gold_loss":0},{"damage_healed":26,"gold_gain":0,"player_choice":"Banana","damage_taken":0,"max_hp_gain":0,"max_hp_loss":0,"event_name":"Big Fish","floor":14,"gold_loss":0},{"damage_healed":0,"gold_gain":0,"player_choice":"Read","damage_taken":0,"max_hp_gain":0,"max_hp_loss":0,"event_name":"The Library","floor":19,"gold_loss":0,"cards_obtained":["Gash"]},{"damage_healed":0,"gold_gain":0,"player_choice":"Obtained Relic","damage_taken":0,"relics_obtained":["DataDisk"],"max_hp_gain":0,"max_hp_loss":0,"event_name":"Addict","floor":20,"gold_loss":85},{"damage_healed":0,"gold_gain":100,"player_choice":"Pray","damage_taken":0,"max_hp_gain":0,"max_hp_loss":0,"event_name":"Golden Shrine","floor":31,"gold_loss":0},{"damage_healed":0,"gold_gain":0,"player_choice":"Embrace Madness","damage_taken":10,"max_hp_gain":0,"max_hp_loss":0,"event_name":"Winding Halls","floor":37,"gold_loss":0,"cards_obtained":["Madness","Madness"]}],"is_beta":false,"boss_relics":[{"not_picked":["Busted Crown","FrozenCore"],"picked":"Sozu"},{"not_picked":["Runic Dome","Orrery"],"picked":"Lizard Tail"}],"items_purged_floors":[8,39,44,53],"is_endless":false,"potions_floor_spawned":[1,7,12,16,18,29,33,35,38,45],"killed_by":"The Heart","ascension_level":4}