{"gold_per_floor":[113,113,132,146,156,182,182,198,198,198,218,242,114,39,39,111,111,111,1,1,0,0,0,0,0,0,0,0,0,0,0,0,0,0,0,0,0,0,0,0,0,0,0,0,0,0,0,0,0,0],"floor_reached":51,"playtime":4101,"items_purged":["Strike_B"],"score":1328,"play_id":"0b0b1493-acab-4fda-845f-5aeaf8bd4a49","local_time":"20190105180342","is_ascension_mode":true,"campfire_choices":[{"data":"Zap","floor":7.0,"key":"SMITH"},{"floor":15,"key":"REST"},{"floor":23,"key":"REST"},{"data":"Defragment","floor":25,"key":"SMITH"},{"data":"Barrage","floor":28,"key":"SMITH"},{"data":"Defragment","floor":32,"key":"SMITH"},{"data":"Capacitor","floor":40,"key":"SMITH"},{"floor":44,"key":"REST"},{"floor":49,"key":"REST"}],"neow_cost":"NONE","seed_source_timestamp":0,"circlet_count":0,"master_deck":["AscendersBane","Strike_B","Defend_B","Defend_B","Defend_B","Zap+1","Dualcast","Ball Lightning","Capacitor+1","Cold Snap+1","Turbo","Defragment+1","Coolheaded+1","Cold Snap","Electrodynamics","Leap+1","Chill+1","Steam+1","Hologram+1","Barrage+1","White Noise+1","Defragment+1","Force Field+1","Amplify+1","Hologram+1","Mayhem","Flash of Steel+1","Auto Shields+1","Coolheaded+1","Streamline+1","BootSequence+1","Melter+1","Parasite","Coolheaded+1","Barrage+1","Redo+1","White Noise+1"],"special_seed":0,"relics":["Cracked Core","Potion Belt","Mercury Hourglass","Toxic Egg 2","Dream Catcher","Ectoplasm","The Courier","Molten Egg 2","Meat on the Bone","Shuriken","Nuclear Battery","Oddly Smooth Stone","Smiling Mask","MawBank","Pocketwatch"],"potions_floor_usage":[24,29,29,45,47,50,50,50],"damage_taken":[{"damage":2.0,"enemies":"2 Louse","floor":1.0,"turns":2.0},{"damage":2.0,"enemies":"Jaw Worm","floor":3.0,"turns":3.0},{"damage":1.0,"enemies":"Cultist","floor":4.0,"turns":3.0},{"damage":4.0,"enemies":"Looter","floor":5.0,"turns":3.0},{"damage":25.0,"enemies":"Gremlin Nob","floor":6.0,"turns":4.0},{"damage":10.0,"enemies":"Lots of Slimes","floor":8.0,"turns":3.0},{"damage":0,"enemies":"Large Slime","floor":11,"turns":5},{"damage":12,"enemies":"Slime Boss","floor":16,"turns":9},{"damage":11,"enemies":"Shell Parasite","floor":18,"turns":5},{"damage":12,"enemies":"2 Thieves","floor":21,"turns":3},{"damage":9,"enemies":"Snake Plant","floor":22,"turns":5},{"damage":8,"enemies":"Slavers","floor":24,"turns":5},{"damage":20,"enemies":"Book of Stabbing","floor":27,"turns":5},{"damage":0,"enemies":"Cultist and Chosen","floor":29,"turns":4},{"damage":0,"enemies":"Sentry and Sphere","floor":31,"turns":5},{"damage":8,"enemies":"Automaton","floor":33,"turns":8},{"damage":7,"enemies":"3 Darklings","floor":35,"turns":6},{"damage":0,"enemies":"Orb Walker","floor":37,"turns":2},{"damage":0,"enemies":"Maw","floor":38,"turns":7},{"damage":10,"enemies":"Reptomancer","floor":41,"turns":6},{"damage":0,"enemies":"Jaw Worm Horde","floor":42,"turns":5},{"damage":10,"enemies":"Writhing Mass","floor":45,"turns":7},{"damage":0,"enemies":"Giant Head","floor":46,"turns":10},{"damage":0,"enemies":"3 Darklings","floor":47,"turns":3},{"damage":9,"enemies":"Mind Bloom Boss Battle","floor":48,"turns":6},{"damage":3,"enemies":"Donu and Deca","floor":50,"turns":11}],"seed_played":"-9191635008627698884","potions_obtained":[{"floor":5.0,"key":"GamblersBrew"},{"floor":6.0,"key":"Energy Potion"},{"floor":8,"key":"Poison Potion"},{"floor":16,"key":"Energy Potion"},{"floor":22,"key":"Ancient Potion"},{"floor":24,"key":"Explosive Potion"},{"floor":31,"key":"Ancient Potion"},{"floor":35,"key":"SkillPotion"},{"floor":41,"key":"GamblersBrew"},{"floor":42,"key":"Dexterity Potion"},{"floor":48,"key":"AttackPotion"}],"is_trial":false,"path_per_floor":["M","?","M","M","M","E","R","M","T","?","M","T","$","?","R","B",null,"M","?","$","M","M","R","E","R","T","E","R","M","?","M","R","B",null,"M","?","M","M","?","R","E","M","T","R","M","E","M","?","R","B",null],"character_chosen":"DEFECT","items_purchased":["Coolheaded+1"],"campfire_rested":4,"item_purchase_floors":[13],"current_hp_per_floor":[62,55,53,52,48,23,23,13,13,13,13,13,13,13,34,22,59,48,48,48,36,27,48,40,40,40,20,20,32,32,44,44,36,62,55,50,50,50,50,50,40,40,40,61,51,51,51,42,63,60],"gold":0,"neow_bonus":"RANDOM_COMMON_RELIC","is_prod":false,"is_daily":false,"chose_seed":false,"campfire_upgraded":5,"win_rate":0,"timestamp":1546707822,"path_taken":["M","?","M","M","M","E","R","M","T","?","M","?","$","?","R","BOSS","M","?","$","M","M","R","E","R","T","E","R","?","?","?","R","BOSS","M","?","M","M","?","R","E","M","T","R","M","E","?","?","R","BOSS"],"build_version":"2019-01-03v4","purchased_purges":1,"victory":true,"max_hp_per_floor":[71,71,71,71,71,71,71,71,71,71,71,71,71,71,71,71,71,71,71,71,71,71,71,71,71,71,71,71,71,71,71,71,71,71,71,71,71,71,71,71,71,71,71,71,71,71,71,71,71,71],"card_choices":[{"not_picked":["Barrage","Sweeping Beam"],"picked":"Ball Lightning","floor":1.0},{"not_picked":["Sweeping Beam","Gash"],"picked":"Capacitor","floor":3.0},{"not_picked":["Tempest","Coolheaded"],"picked":"Cold Snap","floor":4.0},{"not_picked":["Aggregate","Beam Cell","Rip and Tear"],"picked":"SKIP","floor":5.0},{"not_picked":["Fission","Rip and Tear"],"picked":"Turbo","floor":6.0},{"not_picked":["Streamline","Reprogram","Gash"],"picked":"SKIP","floor":8},{"not_picked":["Lockon","Fusion+1"],"picked":"Defragment","floor":11},{"not_picked":["Darkness+1","Storm"],"picked":"Cold Snap","floor":15},{"not_picked":["Creative AI","Meteor Strike"],"picked":"Electrodynamics","floor":16},{"not_picked":["Ball Lightning","Coolheaded+1"],"picked":"Leap+1","floor":18},{"not_picked":["Sweeping Beam","Stack+1"],"picked":"Chill+1","floor":21},{"not_picked":["Gash","Rebound"],"picked":"Steam+1","floor":22},{"not_picked":["Rebound","Meteor Strike"],"picked":"Hologram+1","floor":23},{"not_picked":["Melter","Tempest+1"],"picked":"Barrage","floor":24},{"not_picked":["Ball Lightning+1","Genetic Algorithm+1"],"picked":"White Noise+1","floor":27},{"not_picked":["Stack+1","Steam+1"],"picked":"Defragment","floor":29},{"not_picked":["Stack+1","Turbo+1"],"picked":"Force Field+1","floor":31},{"not_picked":["Electrodynamics","Fission+1"],"picked":"Amplify+1","floor":33},{"not_picked":["Turbo+1","Steam+1"],"picked":"Hologram+1","floor":35},{"not_picked":["Finesse+1","Trip+1"],"picked":"Mayhem","floor":36},{"not_picked":["PanicButton+1","Trip+1"],"picked":"Flash of Steel+1","floor":36},{"not_picked":["Streamline+1","Heatsinks"],"picked":"Auto Shields+1","floor":37},{"not_picked":["Melter+1","Sunder+1"],"picked":"Coolheaded+1","floor":38},{"not_picked":["Steam+1","Turbo+1"],"picked":"Streamline+1","floor":41},{"not_picked":["Streamline+1","Hologram+1"],"picked":"BootSequence+1","floor":42},{"not_picked":["Hello World","Aggregate+1"],"picked":"Melter+1","floor":44},{"not_picked":["Stack+1","Core Surge+1"],"picked":"Coolheaded+1","floor":45},{"not_picked":["Reinforced Body+1","Sweeping Beam+1","Sunder+1"],"picked":"SKIP","floor":46},{"not_picked":["Steam+1","Consume+1"],"picked":"Barrage+1","floor":47},{"not_picked":["Turbo+1","Genetic Algorithm+1"],"picked":"Redo+1","floor":48},{"not_picked":["Compile Driver+1","Gash+1"],"picked":"White Noise+1","floor":49}],"player_experience":461568,"relics_obtained":[{"floor":6.0,"key":"Mercury Hourglass"},{"floor":9,"key":"Toxic Egg 2"},{"floor":12,"key":"Dream Catcher"},{"floor":24,"key":"The Courier"},{"floor":26,"key":"Molten Egg 2"},{"floor":27,"key":"Meat on the Bone"},{"floor":41,"key":"Oddly Smooth Stone"},{"floor":43,"key":"Smiling Mask"},{"floor":46,"key":"MawBank"},{"floor":48,"key":"Pocketwatch"}],"event_choices":[{"cards_removed":["Strike_B"],"damage_healed":0.0,"max_hp_gain":0.0,"max_hp_loss":0.0,"gold_gain":0.0,"event_name":"Golden Wing","player_choice":"Card Removal","floor":2.0,"gold_loss":0.0,"damage_taken":7.0},{"damage_healed":0,"gold_gain":0,"player_choice":"Ignored","damage_taken":0,"max_hp_gain":0,"max_hp_loss":0,"event_name":"Golden Idol","floor":10,"gold_loss":0},{"cards_removed":["Strike_B"],"damage_healed":0,"gold_gain":0,"player_choice":"Card Removal","damage_taken":0,"max_hp_gain":0,"max_hp_loss":0,"event_name":"The Cleric","floor":14,"gold_loss":75},{"cards_removed":["Defend_B"],"damage_healed":0,"gold_gain":0,"player_choice":"Upgrade and Remove","damage_taken":0,"max_hp_gain":0,"max_hp_loss":0,"event_name":"Designer","floor":19,"gold_loss":110,"cards_upgraded":["Cold Snap"]},{"damage_healed":0,"gold_gain":0,"player_choice":"Gave Potion","damage_taken":0,"relics_obtained":["Shuriken"],"max_hp_gain":0,"max_hp_loss":0,"event_name":"WeMeetAgain","floor":30,"gold_loss":0},{"damage_healed":0,"gold_gain":0,"player_choice":"Memory 2","damage_taken":5,"max_hp_gain":0,"max_hp_loss":0,"event_name":"SensoryStone","floor":36,"gold_loss":0},{"damage_healed":0,"gold_gain":0,"player_choice":"Ignored","damage_taken":0,"max_hp_gain":0,"max_hp_loss":0,"event_name":"SecretPortal","floor":39,"gold_loss":0},{"damage_healed":0,"gold_gain":0,"player_choice":"Fight","damage_taken":0,"max_hp_gain":0,"max_hp_loss":0,"event_name":"MindBloom","floor":48,"gold_loss":0}],"is_beta":false,"boss_relics":[{"not_picked":["Lizard Tail","Runic Dome"],"picked":"Ectoplasm"},{"not_picked":["White Beast Statue","Eternal Feather"],"picked":"Nuclear Battery"}],"items_purged_floors":[13],"is_endless":false,"potions_floor_spawned":[5,6,8,16,22,24,27,31,35,41,42,48],"ascension_level":16}