{"gold_per_floor":[111,211,229,247,259,288,288,288,288,304,330,330,344,368,368,497,497,518,518,531,531,531,531,542,542,565,583,617,617,224,239,239,344,344,363,378,378,478,491,491,505,538,538,552,587,604,604],"floor_reached":47,"playtime":3095,"items_purged":["Strike_B"],"score":856,"play_id":"50e9aa34-2e9c-43f0-86fa-06d411a62a46","local_time":"20190103192622","is_ascension_mode":true,"campfire_choices":[{"data":"Zap","floor":7,"key":"SMITH"},{"data":"Dualcast","floor":15,"key":"SMITH"},{"data":"Creative AI","floor":23,"key":"SMITH"},{"floor":25,"key":"REST"},{"data":"Consume","floor":29,"key":"SMITH"},{"floor":32,"key":"REST"},{"floor":40,"key":"REST"}],"neow_cost":"NONE","seed_source_timestamp":1195361991019285,"circlet_count":0,"master_deck":["AscendersBane","Strike_B","Defend_B","Defend_B+1","Defend_B","Zap+1","Dualcast+1","Ball Lightning","Hologram+1","Consume+1","Ball Lightning","Compile Driver","Go for the Eyes","Leap","Creative AI+1","Streamline+1","Sweeping Beam+1","Hologram+1","Glacier","Auto Shields+1","Loop+1","Go for the Eyes+1","Conserve Battery","Loop","Leap","Compile Driver+1","Glacier+1","Chaos+1","Coolheaded+1","Defragment","Conserve Battery+1"],"relics":["Cracked Core","War Paint","Pantograph","Symbiotic Virus","DataDisk","Bloody Idol","Astrolabe","Dodecahedron","Centennial Puzzle","Strawberry","Gremlin Horn","Inserter","Mango","Du-Vu Doll","Ornamental Fan","Bottled Lightning"],"potions_floor_usage":[5,6,14,16,27,33,33,46,47],"damage_taken":[{"damage":3,"enemies":"Jaw Worm","floor":1,"turns":4},{"damage":1,"enemies":"Cultist","floor":3,"turns":3},{"damage":3,"enemies":"2 Louse","floor":4,"turns":3},{"damage":8,"enemies":"Large Slime","floor":5,"turns":4},{"damage":33,"enemies":"Gremlin Nob","floor":6,"turns":5},{"damage":3,"enemies":"Blue Slaver","floor":10,"turns":3},{"damage":1,"enemies":"2 Fungi Beasts","floor":13,"turns":3},{"damage":6,"enemies":"Exordium Thugs","floor":14,"turns":2},{"damage":12,"enemies":"The Guardian","floor":16,"turns":8},{"damage":10,"enemies":"Shell Parasite","floor":18,"turns":3},{"damage":21,"enemies":"2 Thieves","floor":20,"turns":3},{"damage":2,"enemies":"Snecko","floor":24,"turns":5},{"damage":32,"enemies":"Cultist and Chosen","floor":27,"turns":5},{"damage":3,"enemies":"Book of Stabbing","floor":28,"turns":7},{"damage":3,"enemies":"3 Cultists","floor":31,"turns":4},{"damage":11,"enemies":"Collector","floor":33,"turns":12},{"damage":1,"enemies":"3 Shapes","floor":35,"turns":6},{"damage":0,"enemies":"Orb Walker","floor":36,"turns":4},{"damage":0,"enemies":"Mind Bloom Boss Battle","floor":38,"turns":7},{"damage":17,"enemies":"Spire Growth","floor":39,"turns":6},{"damage":0,"enemies":"4 Shapes","floor":41,"turns":5},{"damage":14,"enemies":"Giant Head","floor":42,"turns":9},{"damage":36,"enemies":"Writhing Mass","floor":44,"turns":7},{"damage":37,"enemies":"Nemesis","floor":45,"turns":9},{"damage":13,"enemies":"Transient","floor":46,"turns":5},{"damage":16,"enemies":"3 Darklings","floor":47,"turns":2}],"seed_played":"-5609170173554630883","potions_obtained":[{"floor":1,"key":"Block Potion"},{"floor":4,"key":"GamblersBrew"},{"floor":10,"key":"AttackPotion"},{"floor":13,"key":"Poison Potion"},{"floor":24,"key":"Strength Potion"},{"floor":27,"key":"Dexterity Potion"},{"floor":31,"key":"SpeedPotion"},{"floor":36,"key":"Strength Potion"},{"floor":41,"key":"Poison Potion"},{"floor":44,"key":"Energy Potion"},{"floor":46,"key":"Weak Potion"}],"is_trial":false,"path_per_floor":["M","?","M","M","M","E","R","T","T","M","T","?","M","M","R","B",null,"M","?","M","?","?","R","M","R","T","M","E","R","$","M","R","B",null,"M","M","?","?","M","R","M","E","T","M","E","M","M"],"character_chosen":"DEFECT","items_purchased":["Gremlin Horn","Loop"],"campfire_rested":3,"item_purchase_floors":[30,30],"current_hp_per_floor":[72,72,71,68,60,27,27,27,27,24,24,24,23,17,17,30,65,55,55,34,34,34,34,37,59,64,37,46,46,46,48,72,77,82,83,83,79,93,81,93,93,84,84,53,21,13,0],"gold":604,"neow_bonus":"TEN_PERCENT_HP_BONUS","is_prod":false,"is_daily":false,"chose_seed":false,"campfire_upgraded":4,"win_rate":0,"timestamp":1546539982,"path_taken":["M","?","M","?","M","E","R","?","T","M","?","?","M","M","R","BOSS","M","?","M","?","?","R","?","R","T","M","E","R","?","M","R","BOSS","M","M","?","?","M","R","M","E","T","M","E","M","M"],"build_version":"2018-12-20","purchased_purges":1,"victory":false,"max_hp_per_floor":[82,82,82,82,82,82,82,82,82,82,82,76,76,76,76,76,76,76,76,76,76,76,76,76,76,76,76,83,83,83,83,83,83,83,83,83,79,93,93,93,93,93,93,93,93,93,93],"card_choices":[{"not_picked":["Doom and Gloom","Blizzard"],"picked":"Ball Lightning","floor":1},{"not_picked":["Darkness","Melter"],"picked":"Hologram","floor":3},{"not_picked":["Aggregate","Stack","Sweeping Beam"],"picked":"SKIP","floor":4},{"not_picked":["Cold Snap","Coolheaded"],"picked":"Consume","floor":5},{"not_picked":["Tempest","Doom and Gloom"],"picked":"Ball Lightning","floor":6},{"not_picked":["Storm","Beam Cell"],"picked":"Compile Driver","floor":10},{"not_picked":["Hologram","Melter"],"picked":"Go for the Eyes","floor":13},{"not_picked":["Genetic Algorithm","Force Field"],"picked":"Leap","floor":14},{"not_picked":["All For One","Meteor Strike"],"picked":"Creative AI","floor":16},{"not_picked":["BootSequence","Steam+1"],"picked":"Glacier","floor":18},{"not_picked":["Reprogram+1","Redo"],"picked":"Auto Shields+1","floor":20},{"not_picked":["Static Discharge","Barrage+1"],"picked":"Loop+1","floor":24},{"not_picked":["Tempest","Loop"],"picked":"Go for the Eyes+1","floor":27},{"not_picked":["Stack","Steam"],"picked":"Conserve Battery","floor":28},{"not_picked":["Streamline+1","Beam Cell"],"picked":"Leap","floor":31},{"not_picked":["Aggregate","Beam Cell+1","Doom and Gloom+1"],"picked":"SKIP","floor":35},{"not_picked":["Sweeping Beam","Gash"],"picked":"Compile Driver+1","floor":36},{"not_picked":["Amplify","Rebound","Leap"],"picked":"SKIP","floor":39},{"not_picked":["Melter+1","Rebound"],"picked":"Glacier+1","floor":41},{"not_picked":["FTL","Double Energy"],"picked":"Chaos+1","floor":42},{"not_picked":["Darkness","Heatsinks+1"],"picked":"Coolheaded+1","floor":44},{"not_picked":["Barrage","Turbo+1"],"picked":"Defragment","floor":45},{"not_picked":["Barrage","Ball Lightning+1"],"picked":"Conserve Battery+1","floor":46}],"player_experience":434430,"relics_obtained":[{"floor":6,"key":"War Paint"},{"floor":8,"key":"Pantograph"},{"floor":9,"key":"Symbiotic Virus"},{"floor":11,"key":"DataDisk"},{"floor":26,"key":"Centennial Puzzle"},{"floor":28,"key":"Strawberry"},{"floor":38,"key":"Mango"},{"floor":42,"key":"Du-Vu Doll"},{"floor":43,"key":"Ornamental Fan"},{"floor":45,"key":"Bottled Lightning"}],"event_choices":[{"damage_healed":0,"gold_gain":100,"player_choice":"Pray","damage_taken":0,"max_hp_gain":0,"max_hp_loss":0,"event_name":"Golden Shrine","floor":2,"gold_loss":0},{"damage_healed":0,"gold_gain":0,"player_choice":"Lose Max HP","damage_taken":0,"relics_obtained":["Golden Idol"],"max_hp_gain":0,"max_hp_loss":6,"event_name":"Golden Idol","floor":12,"gold_loss":0},{"damage_healed":0,"gold_gain":0,"player_choice":"Opened","damage_taken":0,"relics_obtained":["Dodecahedron"],"max_hp_gain":0,"max_hp_loss":0,"event_name":"The Mausoleum","floor":19,"gold_loss":0},{"damage_healed":0,"gold_gain":0,"player_choice":"Gave Idol","damage_taken":0,"relics_obtained":["Bloody Idol"],"max_hp_gain":0,"max_hp_loss":0,"event_name":"Forgotten Altar","floor":21,"relics_lost":["Golden Idol"],"gold_loss":0},{"damage_healed":0,"gold_gain":0,"player_choice":"Ignored","damage_taken":0,"max_hp_gain":0,"max_hp_loss":0,"event_name":"Ghosts","floor":22,"gold_loss":0},{"damage_healed":0,"gold_gain":0,"player_choice":"Max HP","damage_taken":0,"max_hp_gain":0,"max_hp_loss":4,"event_name":"Winding Halls","floor":37,"gold_loss":0},{"damage_healed":0,"gold_gain":0,"player_choice":"Fight","damage_taken":0,"max_hp_gain":0,"max_hp_loss":0,"event_name":"MindBloom","floor":38,"gold_loss":0}],"is_beta":false,"boss_relics":[{"not_picked":["White Beast Statue","Black Star"],"picked":"Astrolabe"},{"not_picked":["Sozu","Eternal Feather"],"picked":"Inserter"}],"items_purged_floors":[30],"is_endless":false,"potions_floor_spawned":[1,4,10,13,24,27,31,36,41,42,44,46],"killed_by":"3 Darklings","ascension_level":11}