{"gold_per_floor":[110,12,12,23,23,23,51,51,97,110,128,128,143,169,169,270,270,250,250,250,267,167,167,200,200],"floor_reached":25,"playtime":1751,"items_purged":["Strike_G","Strike_G"],"score":366,"play_id":"14affa29-024f-486c-a6d3-b935d4fae16e","local_time":"20181212005730","is_ascension_mode":true,"campfire_choices":[{"data":"Neutralize","floor":6,"key":"SMITH"},{"floor":12,"key":"REST"},{"floor":15,"key":"REST"},{"data":"After Image","floor":23,"key":"SMITH"}],"neow_cost":"NONE","seed_source_timestamp":2347048988273170,"circlet_count":0,"master_deck":["AscendersBane","Defend_G","Defend_G+1","Defend_G","Defend_G","Defend_G","Strike_G+1","Strike_G+1","Survivor","Neutralize+1","Quick Slash+1","Quick Slash+1","PiercingWail+1","Noxious Fumes","Decay","Cloak And Dagger","Leg Sweep","Noxious Fumes","PiercingWail","After Image+1","Blade Dance+1","Backflip"],"relics":["Ring of the Snake","Matryoshka","Whetstone","War Paint","Bronze Scales","Philosopher\u0027s Stone","Happy Flower"],"potions_floor_usage":[13,24,24],"damage_taken":[{"damage":4,"enemies":"Cultist","floor":1,"turns":5},{"damage":2,"enemies":"Jaw Worm","floor":4,"turns":4},{"damage":30,"enemies":"3 Sentries","floor":7,"turns":11},{"damage":1,"enemies":"Small Slimes","floor":10,"turns":2},{"damage":6,"enemies":"Gremlin Gang","floor":11,"turns":6},{"damage":2,"enemies":"Exordium Wildlife","floor":13,"turns":5},{"damage":8,"enemies":"Lagavulin","floor":14,"turns":7},{"damage":20,"enemies":"The Guardian","floor":16,"turns":10},{"damage":0,"enemies":"2 Thieves","floor":18,"turns":5},{"damage":1,"enemies":"Chosen","floor":21,"turns":6},{"damage":39,"enemies":"Gremlin Leader","floor":24,"turns":8},{"damage":5,"enemies":"Centurion and Healer","floor":25,"turns":8}],"seed_played":"-6176570869954862894","potions_obtained":[{"floor":7,"key":"Fire Potion"},{"floor":13,"key":"SteroidPotion"},{"floor":18,"key":"Poison Potion"},{"floor":20,"key":"Dexterity Potion"},{"floor":20,"key":"Weak Potion"}],"is_trial":false,"path_per_floor":["M","$","T","M","?","R","E","?","T","M","M","R","M","E","R","B",null,"M","?","?","M","$","R","E","M"],"character_chosen":"THE_SILENT","items_purchased":["Quick Slash"],"campfire_rested":2,"item_purchase_floors":[2],"current_hp_per_floor":[59,59,59,57,43,43,13,13,13,12,6,27,25,17,38,18,57,57,44,44,43,43,43,4,0],"gold":200,"neow_bonus":"REMOVE_CARD","is_prod":false,"is_daily":false,"chose_seed":false,"campfire_upgraded":2,"win_rate":0,"timestamp":1544572650,"path_taken":["M","$","?","M","?","R","E","?","T","?","M","R","M","E","R","BOSS","M","?","?","?","?","R","E","M"],"build_version":"2018-12-06","purchased_purges":2,"victory":false,"max_hp_per_floor":[70,70,70,70,70,70,70,70,70,70,70,70,70,70,70,70,70,70,75,75,75,75,75,75,75],"card_choices":[{"not_picked":["Dodge and Roll","Outmaneuver"],"picked":"Quick Slash","floor":1},{"not_picked":["Accuracy","Poisoned Stab"],"picked":"PiercingWail","floor":4},{"not_picked":["Crippling Poison","Skewer"],"picked":"Noxious Fumes","floor":7},{"not_picked":["Accuracy","Distraction"],"picked":"Cloak And Dagger","floor":10},{"not_picked":["Choke","Reflex"],"picked":"Leg Sweep","floor":11},{"not_picked":["Blade Dance","Dagger Spray"],"picked":"Noxious Fumes","floor":13},{"not_picked":["Backflip","Deflect"],"picked":"PiercingWail","floor":14},{"not_picked":["Night Terror","Doppelganger"],"picked":"After Image","floor":16},{"not_picked":["Expertise","Outmaneuver+1","Flying Knee"],"picked":"SKIP","floor":18},{"not_picked":["Quick Slash","Outmaneuver"],"picked":"Blade Dance+1","floor":21},{"not_picked":["Choke","Bane"],"picked":"Backflip","floor":24}],"player_experience":320243,"relics_obtained":[{"floor":7,"key":"Matryoshka"},{"floor":9,"key":"Whetstone"},{"floor":9,"key":"War Paint"},{"floor":14,"key":"Bronze Scales"},{"floor":24,"key":"Happy Flower"}],"event_choices":[{"damage_healed":0,"gold_gain":0,"player_choice":"Entered Light","damage_taken":14,"max_hp_gain":0,"max_hp_loss":0,"event_name":"Shining Light","floor":5,"gold_loss":0,"cards_upgraded":["Strike_G","Quick Slash"]},{"damage_healed":0,"gold_gain":0,"player_choice":"Cursed","damage_taken":0,"max_hp_gain":0,"max_hp_loss":0,"event_name":"Wheel of Change","floor":8,"gold_loss":0,"cards_obtained":["Decay"]},{"damage_healed":0,"gold_gain":0,"player_choice":"Shed Blood","damage_taken":18,"max_hp_gain":5,"max_hp_loss":0,"event_name":"Forgotten Altar","floor":19,"gold_loss":0},{"damage_healed":0,"gold_gain":0,"player_choice":"Got Potions","damage_taken":0,"max_hp_gain":0,"max_hp_loss":0,"event_name":"Lab","floor":20,"gold_loss":0}],"is_beta":false,"boss_relics":[{"not_picked":["Ectoplasm","White Beast Statue"],"picked":"Philosopher\u0027s Stone"}],"items_purged_floors":[2,22],"is_endless":false,"potions_floor_spawned":[7,13,18],"killed_by":"Centurion and Healer","ascension_level":12}