{"gold_per_floor":[217,27,37,37,312,324,324,339,339,339,339],"floor_reached":11,"playtime":498,"items_purged":[],"score":63,"play_id":"a13e49db-0f5f-4fcb-82ff-3787ac50934c","local_time":"20190726035707","is_ascension_mode":false,"campfire_choices":[{"data":"Neutralize","floor":7,"key":"SMITH"},{"data":"Infinite Blades","floor":10,"key":"SMITH"}],"neow_cost":"NONE","seed_source_timestamp":304669286003266,"circlet_count":0,"master_deck":["Strike_G","Strike_G","Strike_G","Strike_G","Strike_G","Defend_G","Defend_G","Defend_G","Defend_G","Defend_G","Survivor","Neutralize+1","Dodge and Roll","Cloak And Dagger","Infinite Blades+1","Regret","Backflip"],"relics":["Ring of the Snake","Vajra","Torii"],"potions_floor_usage":[],"damage_taken":[{"damage":0,"enemies":"Cultist","floor":1,"turns":4},{"damage":6,"enemies":"Jaw Worm","floor":3,"turns":3},{"damage":4,"enemies":"Small Slimes","floor":6,"turns":3},{"damage":20,"enemies":"Red Slaver","floor":8,"turns":6},{"damage":36,"enemies":"Lagavulin","floor":11,"turns":10}],"seed_played":"8833112455228936830","potions_obtained":[],"is_trial":false,"path_per_floor":["M","$","M","?","?","M","R","M","T","R","E"],"character_chosen":"THE_SILENT","items_purchased":["Vajra","Cloak And Dagger"],"campfire_rested":0,"item_purchase_floors":[2,2],"current_hp_per_floor":[70,70,64,64,64,60,60,40,40,40,4],"gold":339,"neow_bonus":"HUNDRED_GOLD","is_prod":false,"is_daily":false,"chose_seed":false,"campfire_upgraded":2,"win_rate":0,"timestamp":1564106227,"path_taken":["M","$","M","?","?","?","R","M","T","R","E"],"build_version":"2019-07-17","purchased_purges":0,"victory":false,"max_hp_per_floor":[70,70,70,70,70,70,70,70,70,70,70],"card_choices":[{"not_picked":["Blade Dance","Prepared"],"picked":"Dodge and Roll","floor":1},{"not_picked":["Blur","PiercingWail"],"picked":"Infinite Blades","floor":3},{"not_picked":["Tactician","Calculated Gamble"],"picked":"Backflip","floor":6},{"not_picked":["Deadly Poison","Eviscerate","PiercingWail"],"picked":"SKIP","floor":8}],"player_experience":122685,"relics_obtained":[{"floor":9,"key":"Torii"}],"event_choices":[{"damage_healed":0,"gold_gain":0,"player_choice":"Leave","damage_taken":0,"max_hp_gain":0,"max_hp_loss":0,"event_name":"The Cleric","floor":4,"gold_loss":0},{"damage_healed":0,"gold_gain":275,"player_choice":"Desecrate","damage_taken":0,"max_hp_gain":0,"max_hp_loss":0,"event_name":"Golden Shrine","floor":5,"gold_loss":0,"cards_obtained":["Regret"]}],"is_beta":false,"boss_relics":[],"items_purged_floors":[],"is_endless":false,"potions_floor_spawned":[],"killed_by":"Lagavulin","ascension_level":0}