{"gold_per_floor":[115,115,115,128,148,181,208,235,247,279,291,313,340,42,42,141,141,161,177,189,206,11,37,37,37,37,37,55,84,102,102],"floor_reached":31,"playtime":1839,"items_purged":[],"score":308,"play_id":"7a38e600-a3e7-4958-9fe9-7c430991f83e","local_time":"20190728033142","is_ascension_mode":false,"campfire_choices":[{"floor":11,"key":"REST"},{"floor":15,"key":"REST"},{"data":"Berserk","floor":24,"key":"SMITH"},{"data":"Pummel","floor":27,"key":"SMITH"}],"neow_cost":"NONE","seed_source_timestamp":35481080662341,"circlet_count":0,"master_deck":["Strike_R","Strike_R","Strike_R","Strike_R","Defend_R","Defend_R","Defend_R","Defend_R","Bash","Warcry","Spot Weakness","Inflame","Thunderclap","Armaments","Impervious","Twin Strike","Pummel+1","Spot Weakness","Inflame","Berserk+1","Shrug It Off+1","Intimidate","Flex","Cleave","Limit Break","Ghostly Armor","Pommel Strike"],"relics":["Burning Blood","MawBank","HandDrill","Philosopher\u0027s Stone","Sling","Anchor","Lantern","Frozen Egg 2"],"potions_floor_usage":[6,12,16,19,21,31],"damage_taken":[{"damage":14,"enemies":"Jaw Worm","floor":1,"turns":4},{"damage":12,"enemies":"Small Slimes","floor":4,"turns":3},{"damage":12,"enemies":"Cultist","floor":5,"turns":5},{"damage":43,"enemies":"3 Sentries","floor":6,"turns":9},{"damage":50,"enemies":"Gremlin Gang","floor":7,"turns":5},{"damage":13,"enemies":"Exordium Thugs","floor":8,"turns":6},{"damage":3,"enemies":"2 Fungi Beasts","floor":10,"turns":4},{"damage":14,"enemies":"Blue Slaver","floor":12,"turns":3},{"damage":5,"enemies":"Looter","floor":13,"turns":3},{"damage":12,"enemies":"The Guardian","floor":16,"turns":10},{"damage":16,"enemies":"Shell Parasite","floor":18,"turns":4},{"damage":8,"enemies":"Chosen","floor":19,"turns":6},{"damage":15,"enemies":"Snake Plant","floor":20,"turns":3},{"damage":6,"enemies":"Cultist and Chosen","floor":21,"turns":5},{"damage":5,"enemies":"Gremlin Leader","floor":23,"turns":6},{"damage":22,"enemies":"Shelled Parasite and Fungi","floor":28,"turns":6},{"damage":5,"enemies":"Book of Stabbing","floor":29,"turns":3},{"damage":27,"enemies":"Centurion and Healer","floor":30,"turns":5},{"damage":5,"enemies":"Slavers","floor":31,"turns":4}],"seed_played":"-7754994511390999043","potions_obtained":[{"floor":4,"key":"BloodPotion"},{"floor":5,"key":"FearPotion"},{"floor":7,"key":"SkillPotion"},{"floor":8,"key":"Block Potion"},{"floor":13,"key":"Dexterity Potion"},{"floor":16,"key":"Block Potion"},{"floor":19,"key":"Weak Potion"},{"floor":20,"key":"Explosive Potion"},{"floor":23,"key":"LiquidBronze"},{"floor":30,"key":"Energy Potion"}],"is_trial":false,"path_per_floor":["M","?","?","M","M","E","M","M","T","M","R","M","M","$","R","B",null,"M","M","M","M","$","E","R","?","T","R","M","E","M","E"],"character_chosen":"IRONCLAD","items_purchased":["HandDrill","Spot Weakness","Inflame","Sling"],"campfire_rested":2,"item_purchase_floors":[14,14,14,22],"current_hp_per_floor":[72,65,90,84,78,63,19,12,12,15,42,34,35,35,62,56,90,80,78,69,69,69,70,70,52,52,52,36,37,16,11],"gold":102,"neow_bonus":"ONE_RANDOM_RARE_CARD","is_prod":false,"is_daily":false,"chose_seed":false,"campfire_upgraded":2,"win_rate":0,"timestamp":1564277502,"path_taken":["M","?","?","?","M","E","?","M","T","M","R","M","M","$","R","BOSS","M","M","M","M","$","E","R","?","T","R","M","E","M","E"],"build_version":"2019-07-17","purchased_purges":0,"victory":false,"max_hp_per_floor":[80,80,90,90,90,90,90,90,90,90,90,90,90,90,90,90,90,90,90,90,90,90,90,90,95,95,95,95,95,95,95],"card_choices":[{"not_picked":["Clothesline","Sword Boomerang","Iron Wave"],"picked":"SKIP","floor":1},{"not_picked":["Anger","Sever Soul"],"picked":"Warcry","floor":4},{"not_picked":["Shrug It Off","Fire Breathing"],"picked":"Spot Weakness","floor":5},{"not_picked":["Body Slam","Feel No Pain"],"picked":"Inflame","floor":6},{"not_picked":["Headbutt","Bloodletting"],"picked":"Thunderclap","floor":7},{"not_picked":["Iron Wave","Second Wind"],"picked":"Armaments","floor":8},{"not_picked":["Second Wind","Searing Blow"],"picked":"Impervious","floor":10},{"not_picked":["Clash","Body Slam"],"picked":"Twin Strike","floor":12},{"not_picked":["Headbutt","Sword Boomerang"],"picked":"Pummel","floor":13},{"not_picked":["Dark Embrace","Brutality"],"picked":"Berserk","floor":16},{"not_picked":["Intimidate","Sword Boomerang"],"picked":"Shrug It Off+1","floor":18},{"not_picked":["Clash","Cleave"],"picked":"Intimidate","floor":19},{"not_picked":["Sever Soul+1","Anger+1"],"picked":"Flex","floor":20},{"not_picked":["Reckless Charge+1","Corruption","Wild Strike"],"picked":"SKIP","floor":21},{"not_picked":["Searing Blow","Combust"],"picked":"Cleave","floor":23},{"not_picked":["Thunderclap+1","Bloodletting"],"picked":"Limit Break","floor":28},{"not_picked":["Pommel Strike","Juggernaut"],"picked":"Ghostly Armor","floor":29},{"not_picked":["Carnage","Disarm"],"picked":"Pommel Strike","floor":30}],"player_experience":140870,"relics_obtained":[{"floor":6,"key":"MawBank"},{"floor":23,"key":"Anchor"},{"floor":26,"key":"Lantern"},{"floor":29,"key":"Frozen Egg 2"}],"event_choices":[{"cards_removed":["Strike_R"],"damage_healed":0,"gold_gain":0,"player_choice":"Card Removal","damage_taken":7,"max_hp_gain":0,"max_hp_loss":0,"event_name":"Golden Wing","floor":2,"gold_loss":0},{"cards_removed":["Brutality"],"damage_healed":15,"gold_gain":0,"player_choice":"Offered Rare","damage_taken":0,"max_hp_gain":10,"max_hp_loss":0,"event_name":"Bonfire Elementals","floor":3,"gold_loss":0},{"damage_healed":0,"gold_gain":0,"player_choice":"Shed Blood","damage_taken":23,"max_hp_gain":5,"max_hp_loss":0,"event_name":"Forgotten Altar","floor":25,"gold_loss":0}],"is_beta":false,"boss_relics":[{"not_picked":["Fusion Hammer","Runic Dome"],"picked":"Philosopher\u0027s Stone"}],"items_purged_floors":[],"is_endless":false,"potions_floor_spawned":[4,5,7,8,13,16,18,19,20,23,30],"killed_by":"Slavers","ascension_level":0}