{"gold_per_floor":[113,127,43,43,43,43,71,71,71,90,90,15,34,52,52,123,123,78,78,78,78,2,2,2,2,2,2,2,2,2,2,2,2,2,2,2,2,2,2,2,2,2,2,2,2,2,2,2,2,2],"floor_reached":51,"playtime":2103,"items_purged":["Strike_B"],"score":1198,"play_id":"2991deb4-2868-4237-bc8d-d98a77df6d0d","local_time":"20190824082839","is_ascension_mode":true,"campfire_choices":[{"data":"Rip and Tear","floor":6.0,"key":"SMITH"},{"data":"Dualcast","floor":11.0,"key":"SMITH"},{"data":"Capacitor","floor":15.0,"key":"SMITH"},{"data":"Biased Cognition","floor":23.0,"key":"SMITH"},{"floor":25.0,"key":"REST"},{"data":"RitualDagger","floor":27.0,"key":"SMITH"},{"floor":32.0,"key":"REST"},{"floor":40.0,"key":"REST"},{"floor":45.0,"key":"REST"},{"floor":49.0,"key":"REST"}],"neow_cost":"NONE","seed_source_timestamp":639780985371674,"circlet_count":0,"master_deck":["AscendersBane","Defend_B","Defend_B","Defend_B","Defend_B","Zap","Dualcast+1","Leap","Ball Lightning","Rip and Tear+1","Leap","Capacitor+1","Ball Lightning","Biased Cognition+1","RitualDagger+1","Capacitor","Chaos","Chaos+1","Seek","Reinforced Body+1","Self Repair+1","Hologram+1","Static Discharge+1","Conserve Battery+1","Cold Snap+1","Chill","Parasite","Glacier+1","Melter","Defragment","Redo+1"],"special_seed":0,"relics":["Cracked Core","NeowsBlessing","Dream Catcher","Centennial Puzzle","Potion Belt","Ectoplasm","PreservedInsect","Regal Pillow","The Courier","Astrolabe","Meat on the Bone"],"potions_floor_usage":[50,50,50],"damage_taken":[{"damage":0.0,"enemies":"2 Louse","floor":1.0,"turns":1.0},{"damage":0.0,"enemies":"Small Slimes","floor":2.0,"turns":1.0},{"damage":0.0,"enemies":"Gremlin Nob","floor":7.0,"turns":1.0},{"damage":2.0,"enemies":"Jaw Worm","floor":10.0,"turns":2.0},{"damage":0.0,"enemies":"Blue Slaver","floor":13.0,"turns":3.0},{"damage":5.0,"enemies":"Red Slaver","floor":14.0,"turns":2.0},{"damage":25.0,"enemies":"The Guardian","floor":16.0,"turns":10.0},{"damage":5.0,"enemies":"2 Thieves","floor":18.0,"turns":4.0},{"damage":31.0,"enemies":"Book of Stabbing","floor":28.0,"turns":4.0},{"damage":7.0,"enemies":"3 Byrds","floor":31.0,"turns":3.0},{"damage":50.0,"enemies":"Champ","floor":33.0,"turns":10.0},{"damage":11.0,"enemies":"3 Shapes","floor":35.0,"turns":3.0},{"damage":7.0,"enemies":"Orb Walker","floor":36.0,"turns":3.0},{"damage":36.0,"enemies":"Jaw Worm Horde","floor":39.0,"turns":3.0},{"damage":21.0,"enemies":"Writhing Mass","floor":44.0,"turns":6.0},{"damage":17.0,"enemies":"Sphere and 2 Shapes","floor":46.0,"turns":4.0},{"damage":27.0,"enemies":"Transient","floor":47.0,"turns":5.0},{"damage":19.0,"enemies":"Jaw Worm Horde","floor":48.0,"turns":6.0},{"damage":5,"enemies":"Donu and Deca","floor":50,"turns":11}],"seed_played":"-9042862620147630872","potions_obtained":[{"floor":1.0,"key":"Fire Potion"},{"floor":10.0,"key":"Poison Potion"},{"floor":14.0,"key":"Weak Potion"},{"floor":33.0,"key":"Weak Potion"},{"floor":35.0,"key":"Ancient Potion"},{"floor":36.0,"key":"GamblersBrew"},{"floor":42.0,"key":"LiquidBronze"},{"floor":47.0,"key":"Energy Potion"}],"is_trial":false,"path_per_floor":["M","M","$","?","?","R","E","T","T","M","R","$","M","M","R","B",null,"M","T","?","?","$","R","?","R","T","R","E","$","$","M","R","B",null,"M","M","?","$","M","R","$","?","T","M","R","M","M","M","R","B",null],"character_chosen":"DEFECT","items_purchased":["Rip and Tear","Melter"],"campfire_rested":5,"item_purchase_floors":[3,22],"current_hp_per_floor":[64,64,64,64,64,64,64,64,64,62,62,62,62,57,57,32,61,56,56,50,50,50,50,30,52,52,52,21,21,21,14,51,1,57,46,49,49,49,23,60,60,60,60,49,76,69,52,55,76,76],"gold":2,"neow_bonus":"THREE_ENEMY_KILL","is_prod":false,"is_daily":false,"chose_seed":false,"campfire_upgraded":5,"win_rate":0,"timestamp":1566653319,"path_taken":["M","M","$","?","?","R","E","?","T","M","R","?","M","M","R","BOSS","M","?","?","?","$","R","?","R","T","R","E","?","$","M","R","BOSS","M","M","?","$","M","R","$","?","T","M","R","M","M","M","R","BOSS"],"build_version":"2019-07-17","purchased_purges":1,"victory":true,"max_hp_per_floor":[71,71,71,71,71,71,71,71,71,71,71,71,71,71,71,71,71,71,71,71,71,71,71,76,76,76,76,76,76,76,76,76,76,76,76,76,76,76,76,76,76,76,76,76,76,76,76,76,76,76],"card_choices":[{"not_picked":["Undo","Steam"],"picked":"Leap","floor":1.0},{"not_picked":["Conserve Battery","Go for the Eyes"],"picked":"Ball Lightning","floor":2.0},{"not_picked":["Hello World","Barrage","Turbo"],"picked":"SKIP","floor":7.0},{"not_picked":["Barrage","Steam"],"picked":"Leap","floor":10.0},{"not_picked":["Go for the Eyes","Turbo"],"picked":"Capacitor","floor":13.0},{"not_picked":["Storm","Conserve Battery"],"picked":"Ball Lightning","floor":14.0},{"not_picked":["Rainbow","Reboot"],"picked":"Biased Cognition","floor":16.0},{"not_picked":["Stack","Reinforced Body","Reprogram"],"picked":"SKIP","floor":18.0},{"not_picked":["Stack","Rip and Tear"],"picked":"Capacitor","floor":25.0},{"not_picked":["Beam Cell","Reinforced Body","Streamline"],"picked":"SKIP","floor":28.0},{"not_picked":["Skim","Turbo"],"picked":"Chaos","floor":31.0},{"not_picked":["Rebound","Redo"],"picked":"Chaos+1","floor":32.0},{"not_picked":["Echo Form","Rainbow"],"picked":"Seek","floor":33.0},{"not_picked":["Turbo+1","Barrage+1"],"picked":"Static Discharge+1","floor":35.0},{"not_picked":["Go for the Eyes","Beam Cell"],"picked":"Conserve Battery+1","floor":36.0},{"not_picked":["Gash","Force Field"],"picked":"Cold Snap+1","floor":39.0},{"not_picked":["Barrage+1","Force Field"],"picked":"Chill","floor":40.0},{"not_picked":["Ball Lightning","Conserve Battery","Beam Cell"],"picked":"SKIP","floor":44.0},{"not_picked":["Skim","Compile Driver"],"picked":"Glacier+1","floor":45.0},{"not_picked":["Leap","Steam","Undo"],"picked":"SKIP","floor":46.0},{"not_picked":["Stack","Sweeping Beam"],"picked":"Melter","floor":47.0},{"not_picked":["Reinforced Body","Sweeping Beam"],"picked":"Defragment","floor":48.0},{"not_picked":["Turbo+1","Multi-Cast"],"picked":"Redo+1","floor":49.0}],"player_experience":283497,"relics_obtained":[{"floor":7.0,"key":"Dream Catcher"},{"floor":8.0,"key":"Centennial Puzzle"},{"floor":9.0,"key":"Potion Belt"},{"floor":19.0,"key":"PreservedInsect"},{"floor":26.0,"key":"Regal Pillow"},{"floor":28.0,"key":"The Courier"},{"floor":43.0,"key":"Meat on the Bone"}],"event_choices":[{"damage_healed":0.0,"max_hp_gain":0.0,"max_hp_loss":0.0,"gold_gain":0.0,"event_name":"Shining Light","player_choice":"Ignored","floor":4.0,"gold_loss":0.0,"damage_taken":0.0},{"damage_healed":0.0,"max_hp_gain":0.0,"max_hp_loss":0.0,"gold_gain":0.0,"event_name":"Liars Game","player_choice":"Ignored","floor":5.0,"gold_loss":0.0,"damage_taken":0.0},{"damage_healed":0.0,"max_hp_gain":0.0,"max_hp_loss":0.0,"gold_gain":0.0,"event_name":"Nest","player_choice":"Joined the Cult","floor":20.0,"gold_loss":0.0,"damage_taken":6.0,"cards_obtained":["RitualDagger"]},{"damage_healed":0.0,"max_hp_gain":0.0,"max_hp_loss":0.0,"gold_gain":0.0,"event_name":"The Mausoleum","player_choice":"Ignored","floor":21.0,"gold_loss":0.0,"damage_taken":0.0},{"damage_healed":0.0,"max_hp_gain":5.0,"max_hp_loss":0.0,"gold_gain":0.0,"event_name":"Forgotten Altar","player_choice":"Shed Blood","floor":24.0,"gold_loss":0.0,"damage_taken":25.0},{"cards_removed":["Melter"],"damage_healed":0.0,"max_hp_gain":0.0,"max_hp_loss":0.0,"gold_gain":0.0,"event_name":"Falling","player_choice":"Removed Attack","floor":37.0,"gold_loss":0.0,"damage_taken":0.0},{"damage_healed":0.0,"max_hp_gain":0.0,"max_hp_loss":0.0,"gold_gain":0.0,"event_name":"Lab","player_choice":"Got Potions","floor":42.0,"gold_loss":0.0,"damage_taken":0.0}],"is_beta":false,"boss_relics":[{"not_picked":["Lizard Tail","White Beast Statue"],"picked":"Ectoplasm"},{"not_picked":["Philosopher\u0027s Stone","Coffee Dripper"],"picked":"Astrolabe"}],"items_purged_floors":[12],"is_endless":false,"potions_floor_spawned":[1,10,14,33,35,36,47],"ascension_level":16}