{"path_per_floor":["M","?","?","$","M","R","?","?","T","M","R","M","M","M","R","B",null,"M","?","?","$","M","M","R","M","T","R","M","M","R","M","R"],"character_chosen":"THE_SILENT","items_purchased":["Accuracy","Footwork"],"gold_per_floor":[210,385,385,231,255,255,255,255,255,278,278,299,315,328,328,458,458,458,458,458,277,232,232,232,232,232,232,232,232,232,232,232,232],"floor_reached":33,"campfire_rested":2,"playtime":1921,"current_hp_per_floor":[58,58,41,41,40,40,40,40,40,38,38,35,35,29,50,19,57,55,49,49,49,38,22,22,22,22,36,25,30,30,21,21,0],"items_purged":["Doubt","Bite"],"gold":232,"score":363,"play_id":"fd6bcb35-c3c5-459f-8113-e0f71c4b9846","local_time":"20180401001746","is_prod":false,"is_daily":false,"is_ascension_mode":true,"campfire_upgraded":1,"timestamp":1522534666,"path_taken":["M","?","?","$","M","R","?","?","T","?","R","M","M","M","R","BOSS","M","?","?","$","M","?","R","M","T","R","M","M","R","M","R","BOSS"],"build_version":"2018-03-29v2","purchased_purges":2,"victory":false,"master_deck":["Defend_G","Defend_G","Defend_G","Defend_G","Defend_G","Survivor","Neutralize+1","Accuracy+1","Backstab","Cloak And Dagger","Backstab","Storm of Steel","Escape Plan","Bite","Bite","Bite","Bite","Footwork","Distraction+1","Noxious Fumes","Infinite Blades"],"max_hp_per_floor":[70,70,70,70,70,70,70,70,70,70,70,70,70,70,70,70,70,70,49,49,49,49,49,49,49,49,49,49,49,49,49,49,49],"relics":["Golden Idol","Bronze Scales","Shovel","Whetstone","Ectoplasm","Nloth\u0027s Gift","Happy Flower","Thread and Needle","Prayer Wheel","Anchor"],"card_choices":[{"not_picked":["Acrobatics","PiercingWail"],"picked":"Backstab","floor":10},{"not_picked":["Flechettes","Prepared"],"picked":"Cloak And Dagger","floor":12},{"not_picked":["Acrobatics","Heel Hook"],"picked":"Backstab","floor":14},{"not_picked":["Doppelganger","Wraith Form"],"picked":"Storm of Steel","floor":16},{"not_picked":["Sucker Punch","Deadly Poison"],"picked":"Escape Plan","floor":18},{"not_picked":["Dagger Spray","Poisoned Stab"],"picked":"Distraction","floor":22},{"not_picked":["Dagger Throw","Deflect"],"picked":"Noxious Fumes","floor":23},{"not_picked":["Underhanded Strike","Outmaneuver"],"picked":"Infinite Blades","floor":28}],"player_experience":229035,"potions_floor_usage":[16],"damage_taken":[{"damage":5,"enemies":"2 Louse","floor":1,"turns":2},{"damage":1,"enemies":"Jaw Worm","floor":5,"turns":4},{"damage":2,"enemies":"Cultist","floor":10,"turns":4},{"damage":3,"enemies":"3 Louse","floor":12,"turns":3},{"damage":0,"enemies":"Gremlin Gang","floor":13,"turns":5},{"damage":6,"enemies":"Large Slime","floor":14,"turns":6},{"damage":31,"enemies":"The Guardian","floor":16,"turns":12},{"damage":2,"enemies":"3 Byrds","floor":18,"turns":4},{"damage":17,"enemies":"2 Thieves","floor":22,"turns":4},{"damage":30,"enemies":"Centurion and Healer","floor":23,"turns":9},{"damage":20,"enemies":"3 Cultists","floor":25,"turns":7},{"damage":19,"enemies":"Snake Plant","floor":28,"turns":4},{"damage":13,"enemies":"Centurion and Healer","floor":29,"turns":8},{"damage":23,"enemies":"Sentry and Sphere","floor":31,"turns":6},{"damage":32,"enemies":"Collector","floor":33,"turns":3}],"event_choices":[{"event_name":"Liars Game","player_choice":"agreed","floor":2,"damage_taken":0},{"event_name":"Golden Idol","player_choice":"Take Damage","floor":3,"damage_taken":0},{"event_name":"Dead Adventurer","player_choice":"Searched \u00271\u0027 times","floor":7,"damage_taken":0},{"event_name":"Accursed Blacksmith","player_choice":"Forge","floor":8,"damage_taken":0},{"event_name":"Vampires","player_choice":"Became a vampire","floor":19,"damage_taken":0},{"event_name":"N\u0027loth","player_choice":"Traded a Ring of the Snake","floor":20,"damage_taken":0}],"boss_relics":[{"not_picked":["Eternal Feather","Lizard Tail"],"picked":"Ectoplasm"}],"potions_floor_spawned":[10,12,14,18,23,25],"seed_played":"1610198596841940163","killed_by":"Collector","ascension_level":8,"is_trial":false}