{"gold_per_floor":[113,127,142,155,155,185,204,61,61,71,71,99,119,149,149,245,245,231,56,256,268,286,286,313,313,339,371,371,383,398,431,431,532,532,545,545,60,72,84,110,122,156,156,191,244,244,258,276,276,276],"floor_reached":51,"playtime":4478,"items_purged":["Strike_B","Strike_B","Defend_B"],"score":1494,"play_id":"03961a63-e726-4acb-9236-38571b91f88c","local_time":"20190104204547","is_ascension_mode":true,"campfire_choices":[{"floor":11,"key":"RECALL"},{"floor":15,"key":"REST"},{"floor":23,"key":"REST"},{"floor":25,"key":"REST"},{"floor":28,"key":"REST"},{"floor":32,"key":"REST"},{"data":"1","floor":46,"key":"LIFT"},{"data":"2","floor":49,"key":"LIFT"}],"neow_cost":"NONE","seed_source_timestamp":1285135488632270,"circlet_count":0,"master_deck":["AscendersBane","Strike_B","Strike_B","Defend_B+1","Defend_B","Defend_B","Zap","Dualcast","Skim","Glacier","Cold Snap","Loop","Ball Lightning","Chill","White Noise","Defragment","Buffer","Conserve Battery","White Noise","Go for the Eyes","Loop","White Noise","Seek","Barrage","Barrage","Self Repair","Echo Form","Capacitor","Hologram","White Noise","FTL","Seek+1","Glacier","Barrage+1","Coolheaded"],"relics":["Fusion Hammer","Emotion Chip","Question Card","Blue Candle","Singing Bowl","Runic Pyramid","Orichalcum","Pen Nib","Anchor","Juzu Bracelet","Nuclear Battery","Pantograph","Bottled Lightning","Strawberry","Peace Pipe","War Paint","Girya"],"potions_floor_usage":[6,6,16,22,24,31,33,33,45,50],"damage_taken":[{"damage":0,"enemies":"Small Slimes","floor":1,"turns":3},{"damage":1,"enemies":"Cultist","floor":2,"turns":4},{"damage":0,"enemies":"2 Louse","floor":3,"turns":2},{"damage":11,"enemies":"Exordium Wildlife","floor":4,"turns":4},{"damage":24,"enemies":"Lagavulin","floor":6,"turns":11},{"damage":10,"enemies":"3 Louse","floor":7,"turns":2},{"damage":0,"enemies":"Blue Slaver","floor":10,"turns":6},{"damage":13,"enemies":"Gremlin Nob","floor":12,"turns":5},{"damage":0,"enemies":"2 Fungi Beasts","floor":13,"turns":4},{"damage":8,"enemies":"Lagavulin","floor":14,"turns":7},{"damage":26,"enemies":"Slime Boss","floor":16,"turns":11},{"damage":14,"enemies":"2 Thieves","floor":18,"turns":4},{"damage":3,"enemies":"Chosen","floor":21,"turns":7},{"damage":8,"enemies":"Snecko","floor":22,"turns":11},{"damage":8,"enemies":"Book of Stabbing","floor":24,"turns":8},{"damage":54,"enemies":"Slavers","floor":27,"turns":10},{"damage":18,"enemies":"Snake Plant","floor":29,"turns":3},{"damage":0,"enemies":"Shelled Parasite and Fungi","floor":30,"turns":7},{"damage":20,"enemies":"Gremlin Leader","floor":31,"turns":11},{"damage":0,"enemies":"Champ","floor":33,"turns":12},{"damage":1,"enemies":"Orb Walker","floor":35,"turns":5},{"damage":8,"enemies":"3 Shapes","floor":38,"turns":3},{"damage":28,"enemies":"Spire Growth","floor":39,"turns":6},{"damage":0,"enemies":"Nemesis","floor":40,"turns":9},{"damage":7,"enemies":"4 Shapes","floor":41,"turns":7},{"damage":19,"enemies":"Giant Head","floor":42,"turns":8},{"damage":0,"enemies":"Nemesis","floor":44,"turns":9},{"damage":22,"enemies":"2 Orb Walkers","floor":45,"turns":7},{"damage":0,"enemies":"Maw","floor":47,"turns":9},{"damage":18,"enemies":"Writhing Mass","floor":48,"turns":6},{"damage":2,"enemies":"Donu and Deca","floor":50,"turns":12}],"seed_played":"-7409852578663613737","potions_obtained":[{"floor":1,"key":"Strength Potion"},{"floor":3,"key":"Strength Potion"},{"floor":6,"key":"Fire Potion"},{"floor":12,"key":"Fire Potion"},{"floor":14,"key":"Regen Potion"},{"floor":16,"key":"Dexterity Potion"},{"floor":22,"key":"Poison Potion"},{"floor":24,"key":"Fire Potion"},{"floor":31,"key":"Weak Potion"},{"floor":38,"key":"Weak Potion"},{"floor":42,"key":"Block Potion"},{"floor":48,"key":"Swift Potion"}],"is_trial":false,"path_per_floor":["M","M","M","M","?","E","M","$","T","M","R","E","M","E","R","B",null,"M","$","?","M","M","R","E","R","T","E","R","M","M","E","R","B",null,"M","?","$","M","M","E","M","E","T","E","?","R","M","M","R","B",null],"character_chosen":"DEFECT","items_purchased":["Loop","White Noise","Hologram","Pantograph","White Noise"],"campfire_rested":5,"item_purchase_floors":[8,19,37,37,37],"current_hp_per_floor":[68,67,67,56,75,51,41,41,41,41,41,28,28,20,42,16,60,46,46,46,43,50,72,64,75,75,21,43,25,25,5,27,34,65,71,71,71,63,42,58,67,55,55,71,63,63,77,61,61,84],"gold":276,"neow_bonus":"BOSS_RELIC","is_prod":false,"is_daily":false,"chose_seed":false,"campfire_upgraded":0,"win_rate":0,"timestamp":1546631147,"path_taken":["M","M","M","M","?","E","M","$","T","?","R","E","M","E","R","BOSS","M","$","?","?","M","R","E","R","T","E","R","M","?","E","R","BOSS","M","?","$","M","M","E","M","E","T","E","?","R","M","M","R","BOSS"],"build_version":"2019-01-03v3","purchased_purges":3,"victory":true,"max_hp_per_floor":[75,75,75,75,75,75,75,75,75,75,75,75,75,75,75,75,75,75,75,75,75,75,75,75,75,75,75,75,75,75,75,75,75,75,75,75,75,75,75,77,79,86,86,88,88,88,88,90,90,90],"card_choices":[{"not_picked":["Consume","Heatsinks"],"picked":"Skim","floor":1},{"not_picked":["Streamline","Genetic Algorithm"],"picked":"Steam Power","floor":2},{"not_picked":["Streamline","Rebound","Steam"],"picked":"SKIP","floor":3},{"not_picked":["Leap","Hologram"],"picked":"Glacier","floor":4},{"not_picked":["Sweeping Beam","Gash","Aggregate"],"picked":"SKIP","floor":6},{"not_picked":["Biased Cognition","FTL"],"picked":"Cold Snap","floor":7},{"not_picked":["Genetic Algorithm","Rebound","Streamline"],"picked":"Ball Lightning","floor":10},{"not_picked":["Darkness","Turbo","Skim"],"picked":"Chill","floor":12},{"not_picked":["Beam Cell","Double Energy","Rebound"],"picked":"White Noise","floor":13},{"not_picked":["Double Energy","Sweeping Beam","Barrage"],"picked":"Defragment","floor":14},{"not_picked":["Amplify","Multi-Cast","Hyperbeam"],"picked":"Buffer","floor":16},{"not_picked":["Turbo","Rebound","Redo"],"picked":"Conserve Battery","floor":18},{"not_picked":["Steam","Beam Cell","Undo"],"picked":"Go for the Eyes","floor":21},{"not_picked":["Darkness","Compile Driver","Heatsinks"],"picked":"Loop","floor":22},{"not_picked":["Steam","Cold Snap","Steam Power"],"picked":"White Noise","floor":24},{"not_picked":["Go for the Eyes","Stack+1","Streamline"],"picked":"Seek","floor":27},{"not_picked":["Turbo","Beam Cell","Loop"],"picked":"Barrage","floor":29},{"not_picked":["Beam Cell+1","Scrape","Hello World"],"picked":"Barrage","floor":30},{"not_picked":["Rainbow","Ball Lightning","Stack"],"picked":"Self Repair","floor":31},{"not_picked":["Meteor Strike","Core Surge","Fission"],"picked":"Echo Form","floor":33},{"not_picked":["Auto Shields+1","Compile Driver+1","Reprogram"],"picked":"Capacitor","floor":35},{"not_picked":["Barrage","Leap","Steam"],"picked":"FTL","floor":38},{"not_picked":["Compile Driver+1","Rebound+1","Cold Snap+1"],"picked":"Seek","floor":39},{"not_picked":["Sweeping Beam+1","Beam Cell+1","Genetic Algorithm","Streamline+1"],"picked":"SKIP","floor":40},{"not_picked":["Sweeping Beam+1","Beam Cell+1","Genetic Algorithm","Streamline+1"],"picked":"Singing Bowl","floor":40},{"not_picked":["Beam Cell","Streamline","Genetic Algorithm","Coolheaded"],"picked":"Singing Bowl","floor":41},{"not_picked":["Consume+1","Undo","Stack"],"picked":"Glacier","floor":42},{"not_picked":["Stack","Doom and Gloom","Reinforced Body","Streamline"],"picked":"Singing Bowl","floor":44},{"not_picked":["Rebound+1","BootSequence","Chaos"],"picked":"Barrage+1","floor":45},{"not_picked":["Tempest","Reprogram","Ball Lightning"],"picked":"Coolheaded","floor":47},{"not_picked":["Steam","FTL+1","Thunder Strike","Compile Driver"],"picked":"Singing Bowl","floor":48}],"player_experience":443886,"relics_obtained":[{"floor":6,"key":"Emotion Chip"},{"floor":9,"key":"Question Card"},{"floor":12,"key":"Blue Candle"},{"floor":14,"key":"Singing Bowl"},{"floor":24,"key":"Orichalcum"},{"floor":26,"key":"Pen Nib"},{"floor":27,"key":"Anchor"},{"floor":31,"key":"Juzu Bracelet"},{"floor":40,"key":"Bottled Lightning"},{"floor":42,"key":"Strawberry"},{"floor":43,"key":"Peace Pipe"},{"floor":44,"key":"War Paint"},{"floor":45,"key":"Girya"}],"event_choices":[{"cards_removed":["Steam Power"],"damage_healed":19,"gold_gain":0,"player_choice":"Offered Uncommon","damage_taken":0,"max_hp_gain":0,"max_hp_loss":0,"event_name":"Bonfire Elementals","floor":5,"gold_loss":0},{"damage_healed":0,"gold_gain":200,"player_choice":"Gold","damage_taken":0,"max_hp_gain":0,"max_hp_loss":0,"event_name":"Wheel of Change","floor":20,"gold_loss":0},{"damage_healed":0,"gold_gain":0,"player_choice":"Ignored","damage_taken":0,"max_hp_gain":0,"max_hp_loss":0,"event_name":"Tomb of Lord Red Mask","floor":36,"gold_loss":0},{"damage_healed":0,"gold_gain":0,"player_choice":"Fight","damage_taken":0,"max_hp_gain":0,"max_hp_loss":0,"event_name":"Mysterious Sphere","floor":45,"gold_loss":0}],"is_beta":false,"boss_relics":[{"not_picked":["Tiny House","Lizard Tail"],"picked":"Runic Pyramid"},{"not_picked":["Empty Cage","White Beast Statue"],"picked":"Nuclear Battery"}],"items_purged_floors":[8,19,37],"is_endless":false,"potions_floor_spawned":[1,3,6,12,14,16,22,24,27,31,38,42,44,48],"ascension_level":12}