{"gold_per_floor":[116,128,146,161,5,32,49,59,111,111,121,121,3,3,3,77,77,87,87,100,100,100,100,115,61,61,90,190,190,209,221,221,295,295,308,308,308,322,336,336,133,133],"floor_reached":42,"playtime":3854,"items_purged":["Strike_B","Regret"],"score":798,"play_id":"bf1a7a44-6367-4c01-9f99-711916da1dd2","local_time":"20190928222333","is_ascension_mode":true,"campfire_choices":[{"data":"Auto Shields","floor":10.0,"key":"SMITH"},{"floor":12.0,"key":"REST"},{"floor":15.0,"key":"REST"},{"floor":23.0,"key":"REST"},{"floor":29.0,"key":"REST"},{"floor":32.0,"key":"REST"},{"floor":40.0,"key":"REST"}],"neow_cost":"NONE","seed_source_timestamp":0,"circlet_count":0,"master_deck":["AscendersBane","Strike_B+1","Strike_B+1","Strike_B+1","Defend_B+1","Defend_B+1","Defend_B+1","Defend_B+1","Zap","Dualcast","Ball Lightning","Sweeping Beam","Auto Shields+1","Cold Snap","Coolheaded","Ball Lightning","Electrodynamics","Rip and Tear+1","Leap","Machine Learning","Capacitor+1","Rip and Tear","Streamline","Redo+1","Force Field+1","Creative AI","Coolheaded+1","Coolheaded+1","PanicButton","Parasite"],"special_seed":0,"relics":["Snecko Eye","Bag of Preparation","Pen Nib","Fusion Hammer","MutagenicStrength","Ornamental Fan","Turnip","Ice Cream","Cables","Cursed Key","Shovel"],"potions_floor_usage":[],"damage_taken":[{"damage":11.0,"enemies":"Small Slimes","floor":1.0,"turns":5.0},{"damage":0.0,"enemies":"2 Louse","floor":2.0,"turns":3.0},{"damage":6.0,"enemies":"Jaw Worm","floor":3.0,"turns":5.0},{"damage":8.0,"enemies":"Blue Slaver","floor":4.0,"turns":3.0},{"damage":11.0,"enemies":"Lagavulin","floor":6.0,"turns":5.0},{"damage":0.0,"enemies":"Looter","floor":7.0,"turns":3.0},{"damage":0.0,"enemies":"Large Slime","floor":8.0,"turns":5.0},{"damage":22.0,"enemies":"Exordium Thugs","floor":11.0,"turns":3.0},{"damage":6.0,"enemies":"Slime Boss","floor":16.0,"turns":7.0},{"damage":0.0,"enemies":"3 Byrds","floor":18.0,"turns":3.0},{"damage":21.0,"enemies":"Shell Parasite","floor":20.0,"turns":5.0},{"damage":9.0,"enemies":"Cultist and Chosen","floor":24.0,"turns":4.0},{"damage":16.0,"enemies":"Slavers","floor":27.0,"turns":3.0},{"damage":0.0,"enemies":"Colosseum Slavers","floor":28.0,"turns":4.0},{"damage":3.0,"enemies":"Colosseum Nobs","floor":28.0,"turns":3.0},{"damage":20.0,"enemies":"Chosen and Byrds","floor":30.0,"turns":5.0},{"damage":4.0,"enemies":"Shelled Parasite and Fungi","floor":31.0,"turns":3.0},{"damage":43.0,"enemies":"Collector","floor":33.0,"turns":9.0},{"damage":26.0,"enemies":"3 Darklings","floor":35.0,"turns":6.0},{"damage":3.0,"enemies":"Orb Walker","floor":38.0,"turns":2.0},{"damage":25.0,"enemies":"3 Darklings","floor":39.0,"turns":3.0},{"damage":33,"enemies":"Writhing Mass","floor":42,"turns":5}],"seed_played":"-514235169428427706","potions_obtained":[{"floor":1.0,"key":"Block Potion"},{"floor":3.0,"key":"EssenceOfSteel"},{"floor":6.0,"key":"Dexterity Potion"},{"floor":8.0,"key":"Explosive Potion"},{"floor":16.0,"key":"Energy Potion"},{"floor":18.0,"key":"Swift Potion"},{"floor":24.0,"key":"Ancient Potion"},{"floor":38.0,"key":"SkillPotion"}],"is_trial":false,"path_per_floor":["M","M","M","M","$","E","M","M","T","R","M","R","$","?","R","B",null,"M","?","M","?","?","R","M","$","T","E","?","R","M","M","R","B",null,"M","?","T","M","M","R","$","M"],"character_chosen":"DEFECT","items_purchased":["Auto Shields","Rip and Tear","Leap","Streamline","PanicButton"],"campfire_rested":6,"item_purchase_floors":[5,13,13,25,41],"current_hp_per_floor":[53,53,47,39,39,28,28,28,28,28,6,27,27,27,48,42,64,64,64,43,43,43,64,55,55,55,39,36,57,37,33,54,11,56,30,30,30,27,2,23,23,0],"gold":133,"neow_bonus":"BOSS_RELIC","is_prod":false,"is_daily":false,"chose_seed":false,"campfire_upgraded":1,"win_rate":0,"timestamp":1569727413,"path_taken":["M","M","M","M","$","E","M","M","T","R","M","R","$","?","R","BOSS","M","?","M","?","?","R","M","$","T","E","?","R","M","M","R","BOSS","M","?","?","M","M","R","$","M"],"build_version":"2019-07-17","purchased_purges":2,"victory":false,"max_hp_per_floor":[71,71,71,71,71,71,71,71,71,71,71,71,71,71,71,71,71,71,71,71,71,71,71,71,71,71,71,71,71,71,71,71,71,71,71,71,71,71,71,71,71,71],"card_choices":[{"not_picked":["Aggregate","Cold Snap"],"picked":"Ball Lightning","floor":1.0},{"not_picked":["Gash","FTL"],"picked":"Sweeping Beam","floor":2.0},{"not_picked":["Redo","White Noise"],"picked":"Streamline","floor":3.0},{"not_picked":["Hologram","Chaos","Beam Cell"],"picked":"SKIP","floor":4.0},{"not_picked":["Storm","Conserve Battery"],"picked":"Cold Snap","floor":6.0},{"not_picked":["Beam Cell","Reprogram"],"picked":"Coolheaded","floor":7.0},{"not_picked":["Aggregate","Hologram"],"picked":"Ball Lightning","floor":8.0},{"not_picked":["Barrage","Go for the Eyes"],"picked":"Electrodynamics","floor":11.0},{"not_picked":["Fission","All For One"],"picked":"Machine Learning","floor":16.0},{"not_picked":["Streamline","Turbo"],"picked":"Capacitor+1","floor":18.0},{"not_picked":["Gash","Compile Driver","Blizzard"],"picked":"SKIP","floor":20.0},{"not_picked":["Coolheaded","Blizzard"],"picked":"Rip and Tear","floor":24.0},{"not_picked":["Scrape","Reinforced Body"],"picked":"Redo+1","floor":27.0},{"not_picked":["Streamline","FTL","Reboot"],"picked":"SKIP","floor":30.0},{"not_picked":["Leap","Reprogram"],"picked":"Force Field+1","floor":31.0},{"not_picked":["Amplify","Rainbow"],"picked":"Creative AI","floor":33.0},{"not_picked":["Fusion","Stack","Conserve Battery"],"picked":"SKIP","floor":35.0},{"not_picked":["Conserve Battery","Rebound"],"picked":"Coolheaded+1","floor":38.0},{"not_picked":["Auto Shields","Ball Lightning"],"picked":"Coolheaded+1","floor":39.0}],"player_experience":305099,"relics_obtained":[{"floor":6.0,"key":"Bag of Preparation"},{"floor":9.0,"key":"Pen Nib"},{"floor":26.0,"key":"Ornamental Fan"},{"floor":27.0,"key":"Turnip"},{"floor":28.0,"key":"Ice Cream"},{"floor":28.0,"key":"Cables"},{"floor":37.0,"key":"Shovel"}],"event_choices":[{"damage_healed":0.0,"max_hp_gain":0.0,"max_hp_loss":0.0,"gold_gain":0.0,"event_name":"Living Wall","player_choice":"Grow","floor":14.0,"gold_loss":0.0,"damage_taken":0.0,"cards_upgraded":["Rip and Tear"]},{"damage_healed":0.0,"max_hp_gain":0.0,"max_hp_loss":0.0,"gold_gain":0.0,"event_name":"Back to Basics","player_choice":"Simplicity","floor":19.0,"gold_loss":0.0,"damage_taken":0.0,"cards_upgraded":["Strike_B","Strike_B","Strike_B","Defend_B","Defend_B","Defend_B","Defend_B"]},{"damage_healed":0.0,"max_hp_gain":0.0,"max_hp_loss":0.0,"gold_gain":0.0,"event_name":"Cursed Tome","player_choice":"Ignored","floor":21.0,"gold_loss":0.0,"damage_taken":0.0},{"damage_healed":0.0,"max_hp_gain":0.0,"max_hp_loss":0.0,"gold_gain":0.0,"event_name":"Drug Dealer","player_choice":"Inject Mutagens","floor":22.0,"gold_loss":0.0,"damage_taken":0.0,"relics_obtained":["MutagenicStrength"]},{"damage_healed":0.0,"max_hp_gain":0.0,"max_hp_loss":0.0,"gold_gain":0.0,"event_name":"Colosseum","player_choice":"Fight","floor":28.0,"gold_loss":0.0,"damage_taken":0.0},{"damage_healed":0.0,"max_hp_gain":0.0,"max_hp_loss":0.0,"gold_gain":0.0,"event_name":"Colosseum","player_choice":"Fought Nobs","floor":28.0,"gold_loss":0.0,"damage_taken":0.0},{"cards_removed":["Streamline"],"damage_healed":0.0,"max_hp_gain":0.0,"max_hp_loss":0.0,"gold_gain":0.0,"event_name":"Falling","player_choice":"Removed Attack","floor":36.0,"gold_loss":0.0,"damage_taken":0.0}],"is_beta":false,"boss_relics":[{"not_picked":["Black Star","Tiny House"],"picked":"Fusion Hammer"},{"not_picked":["Orrery","Astrolabe"],"picked":"Cursed Key"}],"items_purged_floors":[5,41],"is_endless":false,"potions_floor_spawned":[1,3,6,8,16,18,24,27,28,31,38],"killed_by":"Writhing Mass","ascension_level":18}