{"path_per_floor":["M","M","?","M","$","R","E","M","T","E","M","E","?","E","R","B",null,"M","M","?","T","M"],"character_chosen":"IRONCLAD","items_purchased":["Gremlin Horn"],"gold_per_floor":[119,134,234,252,8,8,40,51,81,112,132,160,160,190,190,291,291,309,328,228,228,238],"floor_reached":23,"campfire_rested":1,"playtime":1436,"current_hp_per_floor":[76,76,76,73,73,73,65,62,62,44,37,23,16,16,40,21,82,74,51,51,51,32],"items_purged":[],"gold":238,"score":243,"play_id":"f056113e-1140-4de3-83d1-346943b315b9","is_prod":false,"is_daily":false,"is_ascension_mode":true,"campfire_upgraded":1,"path_taken":["M","M","?","M","$","R","E","M","T","E","M","E","?","E","R","BOSS","M","M","?","?","M","E"],"build_version":"2018-02-15-PROD1","purchased_purges":0,"victory":false,"master_deck":["Bash","Pommel Strike","Rampage+1","Seeing Red","Thunderclap","Inflame+1","Perfected Strike","Body Slam","Armaments","Armaments","Thunderclap","Sever Soul","Twin Strike","Shrug It Off","Battle Trance","J.A.X."],"max_hp_per_floor":[80,80,80,80,80,80,80,80,80,80,80,80,80,80,80,82,82,82,84,84,84,86],"relics":["Burning Blood","Gremlin Horn","Oddly Smooth Stone","Tiny Chest","Frozen Egg 2","Ancient Tea Set","Singing Bowl","Pandora\u0027s Box","Juzu Bracelet"],"card_choices":[{"not_picked":["Reckless Charge","Blood for Blood"],"picked":"Pommel Strike"},{"not_picked":["Infernal Blade","Thunderclap"],"picked":"Rampage"},{"not_picked":["Havoc","Brutality"],"picked":"Seeing Red"},{"not_picked":["Evolve","Twin Strike"],"picked":"Thunderclap"},{"not_picked":["Berserk","Clothesline"],"picked":"Inflame"},{"not_picked":["Cleave","Body Slam"],"picked":"Battle Trance"}],"player_experience":148489,"potions_floor_usage":[7,10,12,14,18,23],"damage_taken":[{"damage":10,"enemies":"Small Slimes","floor":1,"turns":4},{"damage":6,"enemies":"Cultist","floor":2,"turns":3},{"damage":9,"enemies":"Jaw Worm","floor":4,"turns":3},{"damage":14,"enemies":"Gremlin Nob","floor":7,"turns":4},{"damage":9,"enemies":"2 Fungi Beasts","floor":8,"turns":3},{"damage":24,"enemies":"Lagavulin","floor":10,"turns":5},{"damage":13,"enemies":"Blue Slaver","floor":11,"turns":2},{"damage":20,"enemies":"Gremlin Nob","floor":12,"turns":4},{"damage":6,"enemies":"3 Sentries","floor":14,"turns":7},{"damage":27,"enemies":"Slime Boss","floor":16,"turns":7},{"damage":14,"enemies":"2 Thieves","floor":18,"turns":4},{"damage":31,"enemies":"Chosen","floor":19,"turns":4},{"damage":27,"enemies":"Snake Plant","floor":22,"turns":3},{"damage":33,"enemies":"Slavers","floor":23,"turns":2}],"event_choices":[{"event_name":"Wheel of Change","player_choice":"Gold","floor":3,"damage_taken":0},{"event_name":"Golden Wing","player_choice":"Card Removal","floor":13,"damage_taken":0},{"event_name":"Drug Dealer","player_choice":"Got JAXXED","floor":20,"damage_taken":0}],"boss_relics":[{"not_picked":["Eternal Feather","Calling Bell"],"picked":"Pandora\u0027s Box"}],"potions_floor_spawned":[1,2,7,8,12,16,22],"seed_played":"-4785764128562743715","killed_by":"Slavers","ascension_level":2,"is_trial":false}