{"gold_per_floor":[109,184,201,166,181,181,215,215,261,261,288,288,301,311,311,409,409,420,335,385,400,20,20,20],"floor_reached":24,"playtime":2173,"items_purged":[],"score":214,"play_id":"6b6ae13c-49fe-4cea-8cb1-ed5681377442","local_time":"20190417115636","is_ascension_mode":true,"campfire_choices":[{"data":"Burst","floor":6.0,"key":"SMITH"},{"floor":8.0,"key":"REST"},{"floor":10.0,"key":"REST"},{"floor":15,"key":"REST"},{"floor":23,"key":"REST"}],"neow_cost":"NONE","seed_source_timestamp":0,"circlet_count":0,"master_deck":["Defend_G","Defend_G","Defend_G","Defend_G","Defend_G","Strike_G","Strike_G","Strike_G","Strike_G","Strike_G","Survivor","Neutralize","Burst+1","Backstab","Deflect","Bouncing Flask","Deflect","Deadly Poison","Sucker Punch","Poisoned Stab","Phantasmal Killer","Terror","Backflip","Deadly Poison","Secret Technique"],"special_seed":0,"relics":["Ring of the Snake","Lantern","Gremlin Horn","Regal Pillow","Eternal Feather","Darkstone Periapt","ClockworkSouvenir"],"potions_floor_usage":[16,16],"damage_taken":[{"damage":0.0,"enemies":"Small Slimes","floor":1.0,"turns":4.0},{"damage":0.0,"enemies":"2 Louse","floor":3.0,"turns":1.0},{"damage":0.0,"enemies":"Jaw Worm","floor":5.0,"turns":5.0},{"damage":54.0,"enemies":"Gremlin Nob","floor":7.0,"turns":5.0},{"damage":34,"enemies":"3 Sentries","floor":11,"turns":18},{"damage":8,"enemies":"Exordium Thugs","floor":13,"turns":6},{"damage":0,"enemies":"Looter","floor":14,"turns":3},{"damage":19,"enemies":"Hexaghost","floor":16,"turns":8},{"damage":33,"enemies":"3 Byrds","floor":18,"turns":6},{"damage":27,"enemies":"2 Thieves","floor":21,"turns":5},{"damage":61,"enemies":"Gremlin Leader","floor":24,"turns":5}],"seed_played":"-721655752834916915","potions_obtained":[{"floor":1.0,"key":"AttackPotion"},{"floor":7.0,"key":"FearPotion"},{"floor":11,"key":"GhostInAJar"},{"floor":14,"key":"EssenceOfSteel"}],"is_trial":false,"path_per_floor":["M","?","M","?","M","R","E","R","T","R","E","?","M","M","R","B",null,"M","?","?","M","$","R","E"],"character_chosen":"THE_SILENT","items_purchased":["ClockworkSouvenir","Deadly Poison","Secret Technique"],"campfire_rested":4,"item_purchase_floors":[22,22,22],"current_hp_per_floor":[70,59,59,70,70,70,16,37,37,58,24,24,16,16,52,33,70,37,37,37,10,10,61,0],"gold":20,"neow_bonus":"ONE_RANDOM_RARE_CARD","is_prod":false,"is_daily":false,"chose_seed":false,"campfire_upgraded":1,"win_rate":0,"timestamp":1555516596,"path_taken":["M","?","M","?","M","R","E","R","T","R","E","?","?","M","R","BOSS","M","?","?","?","$","R","E"],"build_version":"2019-01-23","purchased_purges":0,"victory":false,"max_hp_per_floor":[70,70,70,70,70,70,70,70,70,70,70,70,70,70,70,70,70,70,70,70,70,70,70,70],"card_choices":[{"not_picked":["Riddle With Holes","Dagger Throw"],"picked":"Backstab","floor":1.0},{"not_picked":["Predator","All Out Attack"],"picked":"Deflect","floor":3.0},{"not_picked":["Flying Knee","Cloak And Dagger"],"picked":"Bouncing Flask","floor":5.0},{"not_picked":["Expertise","Calculated Gamble"],"picked":"Deflect","floor":7.0},{"not_picked":["Bane","Catalyst"],"picked":"Deadly Poison","floor":11},{"not_picked":["Finisher","Tools of the Trade"],"picked":"Sucker Punch","floor":13},{"not_picked":["Outmaneuver","Quick Slash"],"picked":"Poisoned Stab","floor":14},{"not_picked":["Wraith Form v2","A Thousand Cuts"],"picked":"Phantasmal Killer","floor":16},{"not_picked":["Dodge and Roll+1","Prepared"],"picked":"Terror","floor":18},{"not_picked":["Heel Hook","Flying Knee"],"picked":"Backflip","floor":21}],"player_experience":110700,"relics_obtained":[{"floor":7.0,"key":"Lantern"},{"floor":11,"key":"Gremlin Horn"}],"event_choices":[{"damage_healed":0.0,"max_hp_gain":0.0,"max_hp_loss":0.0,"gold_gain":75.0,"event_name":"World of Goop","player_choice":"Gather Gold","floor":2.0,"gold_loss":0.0,"damage_taken":11.0},{"damage_healed":17.0,"max_hp_gain":0.0,"max_hp_loss":0.0,"gold_gain":0.0,"event_name":"The Cleric","player_choice":"Healed","floor":4.0,"gold_loss":35.0,"damage_taken":0.0},{"damage_healed":0,"gold_gain":0,"player_choice":"Gave Potion","damage_taken":0,"relics_obtained":["Regal Pillow"],"max_hp_gain":0,"max_hp_loss":0,"event_name":"WeMeetAgain","floor":12,"gold_loss":0},{"damage_healed":0,"gold_gain":0,"player_choice":"Obtained Relic","damage_taken":0,"relics_obtained":["Darkstone Periapt"],"max_hp_gain":0,"max_hp_loss":0,"event_name":"Addict","floor":19,"gold_loss":85},{"damage_healed":0,"gold_gain":100,"player_choice":"Bet on Murderer","damage_taken":0,"max_hp_gain":0,"max_hp_loss":0,"event_name":"The Joust","floor":20,"gold_loss":50}],"is_beta":false,"boss_relics":[{"not_picked":["Velvet Choker","Pandora\u0027s Box"],"picked":"Eternal Feather"}],"items_purged_floors":[],"is_endless":false,"potions_floor_spawned":[1,7,11,14],"killed_by":"Gremlin Leader","ascension_level":1}