{"gold_per_floor":[115,115,128,142,156,156,189,189,241,241,191,220,220,234,234,331,331],"floor_reached":17,"playtime":509,"items_purged":[],"score":190,"play_id":"1bcc0866-efee-423d-a127-c20a1f2cd2a0","local_time":"20190825141103","is_ascension_mode":true,"campfire_choices":[{"data":"Immolate","floor":6,"key":"SMITH"},{"data":"Metallicize","floor":8,"key":"SMITH"},{"data":"Bash","floor":10,"key":"SMITH"},{"data":"Battle Trance","floor":15,"key":"SMITH"}],"neow_cost":"NONE","seed_source_timestamp":167414965490201,"circlet_count":0,"master_deck":["Strike_R","Strike_R","Strike_R","Defend_R","Defend_R","Defend_R","Defend_R","Bash+1","Immolate+1","Twin Strike","Metallicize+1","Shrug It Off","Evolve+1","Battle Trance+1","Barricade+1"],"relics":["Burning Blood","Frozen Egg 2","Bag of Marbles"],"potions_floor_usage":[],"damage_taken":[{"damage":7,"enemies":"Jaw Worm","floor":1,"turns":2},{"damage":0,"enemies":"2 Louse","floor":3,"turns":1},{"damage":1,"enemies":"Cultist","floor":4,"turns":3},{"damage":0,"enemies":"3 Louse","floor":5,"turns":1},{"damage":17,"enemies":"3 Sentries","floor":7,"turns":6},{"damage":24,"enemies":"Gremlin Nob","floor":12,"turns":4},{"damage":3,"enemies":"Looter","floor":14,"turns":2},{"damage":53,"enemies":"Hexaghost","floor":16,"turns":11}],"seed_played":"-3434291476635668028","potions_obtained":[{"floor":4,"key":"Regen Potion"},{"floor":5,"key":"FairyPotion"},{"floor":12,"key":"Explosive Potion"},{"floor":16,"key":"BloodPotion"}],"is_trial":false,"path_per_floor":["M","?","M","M","M","R","E","R","T","R","?","E","?","M","R","B",null],"character_chosen":"IRONCLAD","items_purchased":[],"campfire_rested":0,"item_purchase_floors":[],"current_hp_per_floor":[79,72,78,80,80,80,69,69,69,69,69,51,51,54,54,7,7],"gold":331,"neow_bonus":"ONE_RANDOM_RARE_CARD","is_prod":false,"is_daily":false,"chose_seed":false,"campfire_upgraded":4,"win_rate":0,"timestamp":1566735063,"path_taken":["M","?","M","M","M","R","E","R","T","R","?","E","?","?","R","BOSS"],"build_version":"2019-07-17","purchased_purges":0,"victory":false,"max_hp_per_floor":[80,80,80,80,80,80,80,80,80,80,80,80,80,80,80,80,80],"card_choices":[{"not_picked":["Anger","Clothesline"],"picked":"Twin Strike","floor":1},{"not_picked":["Wild Strike","Warcry"],"picked":"Metallicize","floor":3},{"not_picked":["Sword Boomerang","Body Slam","Rampage"],"picked":"SKIP","floor":4},{"not_picked":["Body Slam","Seeing Red"],"picked":"Shrug It Off","floor":5},{"not_picked":["Iron Wave","Clash","Uppercut"],"picked":"SKIP","floor":7},{"not_picked":["Blood for Blood","Headbutt"],"picked":"Evolve+1","floor":12},{"not_picked":["Twin Strike","Bloodletting","True Grit"],"picked":"SKIP","floor":14},{"not_picked":["Immolate","Double Tap"],"picked":"Barricade+1","floor":16}],"player_experience":239857,"relics_obtained":[{"floor":7,"key":"Frozen Egg 2"},{"floor":12,"key":"Bag of Marbles"}],"event_choices":[{"cards_removed":["Strike_R"],"damage_healed":0,"gold_gain":0,"player_choice":"Card Removal","damage_taken":7,"max_hp_gain":0,"max_hp_loss":0,"event_name":"Golden Wing","floor":2,"gold_loss":0},{"cards_removed":["Strike_R"],"damage_healed":0,"gold_gain":0,"player_choice":"Card Removal","damage_taken":0,"max_hp_gain":0,"max_hp_loss":0,"event_name":"The Cleric","floor":11,"gold_loss":50},{"damage_healed":0,"gold_gain":0,"player_choice":"1 cards matched","damage_taken":0,"max_hp_gain":0,"max_hp_loss":0,"event_name":"Match and Keep!","floor":13,"gold_loss":0,"cards_obtained":["Battle Trance"]}],"is_beta":false,"boss_relics":[],"items_purged_floors":[],"is_endless":false,"potions_floor_spawned":[4,5,12,16],"ascension_level":3}