{"gold_per_floor":[111,111,124,143,159,159,185,185,211,211,211,227,244,254,254,349,349,369,387,387,312,329,329,329,361,384,384,394,394,405,405,405,502,502,516,516,516,526,279,308,327,21,21,37,55,82,95,109,109,109],"floor_reached":51,"playtime":9224,"items_purged":["Strike_G","Strike_G"],"score":810,"play_id":"9d156f18-2287-4265-95f2-9b721ba3d64c","local_time":"20191009191310","is_ascension_mode":false,"campfire_choices":[{"data":"Deflect","floor":6.0,"key":"SMITH"},{"data":"Flechettes","floor":8.0,"key":"SMITH"},{"floor":11.0,"key":"REST"},{"data":"Glass Knife","floor":15.0,"key":"SMITH"},{"data":"Neutralize","floor":23.0,"key":"SMITH"},{"floor":27.0,"key":"REST"},{"data":"Bouncing Flask","floor":29.0,"key":"SMITH"},{"floor":32.0,"key":"REST"},{"floor":49,"key":"RECALL"}],"neow_cost":"NONE","seed_source_timestamp":261363307217231,"circlet_count":0,"master_deck":["Strike_G","Strike_G","Defend_G+1","Defend_G","Defend_G","Defend_G","Defend_G+1","Survivor","Neutralize+1","Finesse","Predator","Deflect+1","Flechettes+1","Backflip","Cloak And Dagger","Glass Knife+1","Venomology","Bane+1","Blur+1","Bouncing Flask+1","Deadly Poison+1","Acrobatics+1","Dagger Throw+1","Dodge and Roll+1"],"special_seed":0,"relics":["Ring of the Snake","Art of War","Snake Skull","White Beast Statue","Happy Flower","Oddly Smooth Stone","Fusion Hammer","Blue Candle","Sundial","Ginger","Toy Ornithopter","Mummified Hand","Ice Cream"],"potions_floor_usage":[45,45,46,46,47,47,48,50,50,50],"damage_taken":[{"damage":0.0,"enemies":"2 Louse","floor":1.0,"turns":3.0},{"damage":0.0,"enemies":"Jaw Worm","floor":3.0,"turns":3.0},{"damage":0.0,"enemies":"Cultist","floor":4.0,"turns":3.0},{"damage":3.0,"enemies":"Large Slime","floor":5.0,"turns":8.0},{"damage":10.0,"enemies":"Lagavulin","floor":7.0,"turns":8.0},{"damage":0.0,"enemies":"Looter","floor":12.0,"turns":2.0},{"damage":0.0,"enemies":"Blue Slaver","floor":13.0,"turns":3.0},{"damage":0.0,"enemies":"2 Fungi Beasts","floor":14.0,"turns":3.0},{"damage":26.0,"enemies":"Hexaghost","floor":16.0,"turns":16.0},{"damage":5.0,"enemies":"2 Thieves","floor":18.0,"turns":4.0},{"damage":0.0,"enemies":"3 Byrds","floor":19.0,"turns":8.0},{"damage":7.0,"enemies":"3 Cultists","floor":22.0,"turns":7.0},{"damage":4.0,"enemies":"Cultist and Chosen","floor":24.0,"turns":4.0},{"damage":25.0,"enemies":"Book of Stabbing","floor":25.0,"turns":9.0},{"damage":0.0,"enemies":"Snecko","floor":28.0,"turns":5.0},{"damage":0.0,"enemies":"Centurion and Healer","floor":30.0,"turns":10.0},{"damage":36.0,"enemies":"Champ","floor":33.0,"turns":10.0},{"damage":0.0,"enemies":"3 Shapes","floor":35.0,"turns":3.0},{"damage":0.0,"enemies":"Orb Walker","floor":38.0,"turns":3.0},{"damage":21.0,"enemies":"Giant Head","floor":40.0,"turns":8.0},{"damage":6.0,"enemies":"Transient","floor":41.0,"turns":5.0},{"damage":9.0,"enemies":"Writhing Mass","floor":44.0,"turns":6.0},{"damage":10,"enemies":"Spire Growth","floor":45,"turns":3},{"damage":0,"enemies":"Nemesis","floor":46,"turns":5},{"damage":0,"enemies":"Jaw Worm Horde","floor":47,"turns":5},{"damage":1,"enemies":"4 Shapes","floor":48,"turns":5},{"damage":19,"enemies":"Awakened One","floor":50,"turns":20}],"seed_played":"-5888573133563613233","potions_obtained":[{"floor":1.0,"key":"Weak Potion"},{"floor":3.0,"key":"SteroidPotion"},{"floor":13.0,"key":"PowerPotion"},{"floor":14.0,"key":"Fire Potion"},{"floor":18.0,"key":"Block Potion"},{"floor":19.0,"key":"Block Potion"},{"floor":22.0,"key":"Ancient Potion"},{"floor":25.0,"key":"GamblersBrew"},{"floor":28.0,"key":"Explosive Potion"},{"floor":33.0,"key":"GhostInAJar"},{"floor":35.0,"key":"Regen Potion"},{"floor":40.0,"key":"FearPotion"},{"floor":41.0,"key":"Energy Potion"},{"floor":45,"key":"GamblersBrew"},{"floor":46,"key":"GamblersBrew"},{"floor":47,"key":"Swift Potion"}],"is_trial":false,"path_per_floor":["M","?","M","M","M","R","E","R","T","?","R","M","M","M","R","B",null,"M","M","?","$","M","R","M","E","T","R","M","R","M","?","R","B",null,"M","?","?","M","$","E","M","$","T","M","M","E","M","M","R","B",null],"character_chosen":"THE_SILENT","items_purchased":["Sundial","Toy Ornithopter"],"campfire_rested":3,"item_purchase_floors":[39,42],"current_hp_per_floor":[70,63,63,63,60,60,50,50,50,36,57,57,57,57,57,31,70,65,65,65,65,58,58,54,29,29,50,50,50,50,37,59,23,75,75,75,75,75,75,66,60,60,60,56,56,66,75,75,75,69],"gold":109,"neow_bonus":"RANDOM_COLORLESS","is_prod":false,"is_daily":false,"chose_seed":false,"campfire_upgraded":5,"win_rate":0,"timestamp":1570641190,"path_taken":["M","?","M","M","M","R","E","R","T","?","R","M","M","M","R","BOSS","M","M","?","$","M","R","M","E","T","R","M","R","M","?","R","BOSS","M","?","?","M","$","E","M","$","T","M","M","E","?","M","R","BOSS"],"build_version":"2019-07-17","purchased_purges":2,"victory":true,"max_hp_per_floor":[70,70,70,70,70,70,70,70,70,70,70,70,70,70,70,70,70,70,70,70,70,70,70,70,70,70,70,70,70,70,75,75,75,75,75,75,75,75,75,75,75,75,75,75,75,75,75,75,75,75],"card_choices":[{"not_picked":["Quick Slash","Endless Agony"],"picked":"Predator","floor":1.0},{"not_picked":["Dagger Spray","Terror"],"picked":"Deflect","floor":3.0},{"not_picked":["Flying Knee","Heel Hook"],"picked":"Flechettes","floor":4.0},{"not_picked":["Terror","Prepared"],"picked":"Backflip","floor":5.0},{"not_picked":["Calculated Gamble","Acrobatics"],"picked":"Cloak And Dagger","floor":7.0},{"not_picked":["Flying Knee","Backflip","Heel Hook"],"picked":"SKIP","floor":12.0},{"not_picked":["Deflect","Acrobatics","Slice"],"picked":"SKIP","floor":13.0},{"not_picked":["Sucker Punch","Cloak And Dagger"],"picked":"Glass Knife","floor":14.0},{"not_picked":["Wraith Form v2","Doppelganger"],"picked":"Venomology","floor":16.0},{"not_picked":["Cloak And Dagger","Backflip"],"picked":"Bane+1","floor":18.0},{"not_picked":["Predator","Dagger Spray"],"picked":"Blur+1","floor":19.0},{"not_picked":["Bane","Acrobatics","Flying Knee"],"picked":"SKIP","floor":22.0},{"not_picked":["Leg Sweep","Deflect+1"],"picked":"Bouncing Flask","floor":25.0},{"not_picked":["Cloak And Dagger","Heel Hook","Distraction"],"picked":"SKIP","floor":28.0},{"not_picked":["Masterful Stab","Slice"],"picked":"Deadly Poison+1","floor":30.0},{"not_picked":["Die Die Die","Night Terror"],"picked":"Tools of the Trade","floor":33.0},{"not_picked":["Deadly Poison+1","Dagger Spray+1","Dodge and Roll"],"picked":"SKIP","floor":35.0},{"not_picked":["Endless Agony+1","Underhanded Strike"],"picked":"Acrobatics+1","floor":38.0},{"not_picked":["All Out Attack","Footwork","Bane"],"picked":"SKIP","floor":40.0},{"not_picked":["PiercingWail","Terror+1"],"picked":"Dagger Throw+1","floor":41.0},{"not_picked":["Backflip","Quick Slash+1"],"picked":"Dodge and Roll+1","floor":44.0},{"not_picked":["Slice+1","Dagger Throw+1","Phantasmal Killer"],"picked":"SKIP","floor":45},{"not_picked":["Dodge and Roll","Reflex","Underhanded Strike"],"picked":"SKIP","floor":46},{"not_picked":["Acrobatics","Underhanded Strike+1","Quick Slash"],"picked":"SKIP","floor":47},{"not_picked":["Backstab","Sucker Punch","Slice"],"picked":"SKIP","floor":48}],"player_experience":364659,"relics_obtained":[{"floor":7.0,"key":"Art of War"},{"floor":9.0,"key":"Snake Skull"},{"floor":25.0,"key":"Happy Flower"},{"floor":26.0,"key":"Oddly Smooth Stone"},{"floor":37.0,"key":"Blue Candle"},{"floor":40.0,"key":"Ginger"},{"floor":43.0,"key":"Mummified Hand"},{"floor":46,"key":"Ice Cream"}],"event_choices":[{"cards_removed":["Strike_G"],"damage_healed":0.0,"max_hp_gain":0.0,"max_hp_loss":0.0,"gold_gain":0.0,"event_name":"Golden Wing","player_choice":"Card Removal","floor":2.0,"gold_loss":0.0,"damage_taken":7.0},{"damage_healed":0.0,"max_hp_gain":0.0,"max_hp_loss":0.0,"gold_gain":0.0,"event_name":"Shining Light","player_choice":"Entered Light","floor":10.0,"gold_loss":0.0,"damage_taken":14.0,"cards_upgraded":["Defend_G","Defend_G"]},{"damage_healed":0.0,"max_hp_gain":0.0,"max_hp_loss":0.0,"gold_gain":0.0,"event_name":"Ghosts","player_choice":"Ignored","floor":20.0,"gold_loss":0.0,"damage_taken":0.0},{"damage_healed":0.0,"max_hp_gain":5.0,"max_hp_loss":0.0,"gold_gain":0.0,"event_name":"Forgotten Altar","player_choice":"Shed Blood","floor":31.0,"gold_loss":0.0,"damage_taken":18.0},{"cards_removed":["Tools of the Trade"],"damage_healed":0.0,"max_hp_gain":0.0,"max_hp_loss":0.0,"gold_gain":0.0,"event_name":"Falling","player_choice":"Removed Power","floor":36.0,"gold_loss":0.0,"damage_taken":0.0},{"damage_healed":0.0,"max_hp_gain":0.0,"max_hp_loss":0.0,"gold_gain":0.0,"event_name":"Wheel of Change","player_choice":"Relic","floor":37.0,"gold_loss":0.0,"damage_taken":0.0}],"is_beta":false,"boss_relics":[{"not_picked":["Pandora\u0027s Box","Busted Crown"],"picked":"White Beast Statue"},{"not_picked":["Tiny House","Empty Cage"],"picked":"Fusion Hammer"}],"items_purged_floors":[21,42],"is_endless":false,"potions_floor_spawned":[1,3,13,14,18,19,22,24,25,28,30,33,35,38,40,41,44,45,46,47,48],"ascension_level":0}