{"gold_per_floor":[118,134,134,151,31,31,51,69,69,102,102,102,113,142,142,238,238,251,271,271,284,298,213,213,239,239,250,263,263,294,309,309,405,455,469,516,531,549,37,37,37,37,37,52,52,83,100,132,132,132],"floor_reached":51,"playtime":13791,"items_purged":[],"score":811,"play_id":"7b7709df-8bd0-4445-bd6b-3f00accdd3b6","local_time":"20191004132353","is_ascension_mode":false,"campfire_choices":[{"data":"Bash","floor":6.0,"key":"SMITH"},{"floor":12.0,"key":"REST"},{"floor":15.0,"key":"REST"},{"floor":24.0,"key":"REST"},{"floor":32,"key":"REST"},{"floor":40,"key":"REST"},{"floor":42,"key":"REST"},{"floor":49,"key":"REST"}],"neow_cost":"NONE","seed_source_timestamp":0,"circlet_count":0,"master_deck":["Strike_R","Strike_R","Strike_R+1","Strike_R","Strike_R","Defend_R","Defend_R","Defend_R","Defend_R","Bash+1","Shrug It Off","Dropkick","Headbutt","Sword Boomerang","Iron Wave","Thunderclap","Impervious+1","Heavy Blade","Anger","Limit Break+1","Spot Weakness+1","Pommel Strike","Anger","Pommel Strike+1","Anger","Pommel Strike+1","Cleave+1","Body Slam+1","Limit Break+1","Perfected Strike","Heavy Blade","Entrench+1","Heavy Blade","Secret Weapon+1","Limit Break+1","Demon Form","Writhe","Battle Trance+1"],"special_seed":0,"relics":["Burning Blood","Toxic Egg 2","Matryoshka","Juzu Bracelet","Fusion Hammer","Shuriken","Meat on the Bone","PreservedInsect","Sundial","Pantograph","Tiny House","Calipers","Red Skull","Ancient Tea Set","Kunai","Vajra","Bag of Preparation"],"potions_floor_usage":[33,33,35,47,50,50],"damage_taken":[{"damage":11.0,"enemies":"Jaw Worm","floor":1.0,"turns":5.0},{"damage":2.0,"enemies":"Cultist","floor":2.0,"turns":4.0},{"damage":0.0,"enemies":"2 Louse","floor":4.0,"turns":3.0},{"damage":4.0,"enemies":"Looter","floor":7.0,"turns":3.0},{"damage":4.0,"enemies":"Large Slime","floor":8.0,"turns":5.0},{"damage":30.0,"enemies":"3 Sentries","floor":10.0,"turns":9.0},{"damage":0.0,"enemies":"3 Louse","floor":13.0,"turns":5.0},{"damage":41.0,"enemies":"Lagavulin","floor":14.0,"turns":9.0},{"damage":55.0,"enemies":"Hexaghost","floor":16.0,"turns":11.0},{"damage":17.0,"enemies":"3 Byrds","floor":18.0,"turns":5.0},{"damage":11.0,"enemies":"Chosen","floor":19.0,"turns":5.0},{"damage":16.0,"enemies":"Centurion and Healer","floor":21.0,"turns":3.0},{"damage":25.0,"enemies":"Shelled Parasite and Fungi","floor":22.0,"turns":4.0},{"damage":23.0,"enemies":"Book of Stabbing","floor":25.0,"turns":4.0},{"damage":16.0,"enemies":"Snake Plant","floor":27.0,"turns":3.0},{"damage":0.0,"enemies":"Chosen and Byrds","floor":28.0,"turns":4.0},{"damage":0.0,"enemies":"Gremlin Leader","floor":30.0,"turns":4.0},{"damage":25.0,"enemies":"3 Cultists","floor":31.0,"turns":5.0},{"damage":73,"enemies":"Collector","floor":33,"turns":8},{"damage":14,"enemies":"3 Shapes","floor":35,"turns":3},{"damage":59,"enemies":"2 Orb Walkers","floor":36,"turns":5},{"damage":13,"enemies":"Orb Walker","floor":37,"turns":3},{"damage":52,"enemies":"Sphere and 2 Shapes","floor":38,"turns":7},{"damage":12,"enemies":"4 Shapes","floor":44,"turns":6},{"damage":26,"enemies":"Giant Head","floor":46,"turns":6},{"damage":0,"enemies":"Spire Growth","floor":47,"turns":3},{"damage":23,"enemies":"Reptomancer","floor":48,"turns":5},{"damage":27,"enemies":"Donu and Deca","floor":50,"turns":4}],"seed_played":"-3465829180243556189","potions_obtained":[{"floor":2.0,"key":"Ancient Potion"},{"floor":4.0,"key":"Fire Potion"},{"floor":8.0,"key":"PowerPotion"},{"floor":11.0,"key":"Explosive Potion"},{"floor":18.0,"key":"BloodPotion"},{"floor":22.0,"key":"BloodPotion"},{"floor":27.0,"key":"Swift Potion"},{"floor":28.0,"key":"Fruit Juice"},{"floor":30.0,"key":"Regen Potion"},{"floor":31.0,"key":"Block Potion"},{"floor":34,"key":"Poison Potion"},{"floor":38,"key":"SteroidPotion"},{"floor":46,"key":"EssenceOfSteel"},{"floor":48,"key":"Poison Potion"}],"is_trial":false,"path_per_floor":["M","M","?","M","$","R","M","M","T","E","?","R","M","E","R","B",null,"M","M","?","M","M","?","R","E","T","M","M","?","E","M","R","B",null,"M","?","M","M","$","R","$","R","T","M","?","E","M","E","R","B",null],"character_chosen":"IRONCLAD","items_purchased":["BloodPotion","Sword Boomerang","Red Skull","Heavy Blade","Secret Weapon+1","Limit Break+1"],"campfire_rested":7,"item_purchase_floors":[5,5,39,39,39,39],"current_hp_per_floor":[83,87,87,88,88,88,88,88,88,64,64,88,88,53,79,30,88,77,72,72,84,65,65,88,71,71,61,72,72,78,91,93,61,98,90,49,54,20,20,49,49,78,78,72,97,77,83,66,95,77],"gold":132,"neow_bonus":"TEN_PERCENT_HP_BONUS","is_prod":false,"is_daily":false,"chose_seed":false,"campfire_upgraded":1,"win_rate":0,"timestamp":1570213433,"path_taken":["M","M","?","M","$","R","M","M","T","E","?","R","M","E","R","BOSS","M","M","?","M","M","?","R","E","T","M","M","?","E","M","R","BOSS","M","?","M","M","$","R","$","R","T","M","?","E","M","E","R","BOSS"],"build_version":"2019-07-17","purchased_purges":0,"victory":true,"max_hp_per_floor":[88,88,88,88,88,88,88,88,88,88,88,88,88,88,88,88,88,88,88,88,88,88,88,88,88,88,88,93,93,93,93,93,93,98,98,98,98,98,98,98,98,98,98,98,98,98,98,98,98,98],"card_choices":[{"not_picked":["Cleave","Sever Soul"],"picked":"Shrug It Off","floor":1.0},{"not_picked":["Thunderclap","Flex"],"picked":"Dropkick","floor":2.0},{"not_picked":["Iron Wave","Searing Blow"],"picked":"Headbutt","floor":4.0},{"not_picked":["Dual Wield","True Grit"],"picked":"Iron Wave","floor":7.0},{"not_picked":["Bloodletting","Shrug It Off"],"picked":"Thunderclap","floor":8.0},{"not_picked":["Juggernaut","Perfected Strike"],"picked":"Impervious+1","floor":10.0},{"not_picked":["Warcry+1","Clash"],"picked":"Heavy Blade","floor":13.0},{"not_picked":["Flex+1","Combust"],"picked":"Anger","floor":14.0},{"not_picked":["Berserk","Double Tap+1"],"picked":"Limit Break+1","floor":16.0},{"not_picked":["Warcry+1","Hemokinesis"],"picked":"Spot Weakness+1","floor":18.0},{"not_picked":["Anger+1","Flex+1"],"picked":"Pommel Strike","floor":19.0},{"not_picked":["Body Slam","Sword Boomerang+1"],"picked":"Anger","floor":21.0},{"not_picked":["Iron Wave","Sever Soul"],"picked":"Pommel Strike+1","floor":22.0},{"not_picked":["Searing Blow","Carnage"],"picked":"Anger","floor":25.0},{"not_picked":["Clothesline","Hemokinesis"],"picked":"Pommel Strike+1","floor":27.0},{"not_picked":["Flex+1","Spot Weakness+1"],"picked":"Cleave+1","floor":28.0},{"not_picked":["Bloodletting+1","Rupture","Dark Embrace"],"picked":"SKIP","floor":30.0},{"not_picked":["Sever Soul+1","Reckless Charge"],"picked":"Body Slam+1","floor":31.0},{"not_picked":["Dark Embrace","Brutality"],"picked":"Limit Break+1","floor":33},{"not_picked":["Sword Boomerang+1","Iron Wave"],"picked":"Perfected Strike","floor":34},{"not_picked":["Dropkick","Warcry+1","Shrug It Off+1"],"picked":"SKIP","floor":35},{"not_picked":["Flex+1","Twin Strike+1"],"picked":"Heavy Blade","floor":36},{"not_picked":["Body Slam+1","Clash","Pommel Strike"],"picked":"SKIP","floor":37},{"not_picked":["Anger+1","Body Slam+1"],"picked":"Entrench+1","floor":38},{"not_picked":["Power Through+1","Armaments+1"],"picked":"Demon Form","floor":44},{"not_picked":["Bloodletting+1","Dual Wield+1","Warcry+1"],"picked":"SKIP","floor":46},{"not_picked":["Cleave","Headbutt","Juggernaut"],"picked":"SKIP","floor":47},{"not_picked":["Anger+1","Clothesline+1"],"picked":"Battle Trance+1","floor":48}],"player_experience":46592,"relics_obtained":[{"floor":9.0,"key":"Toxic Egg 2"},{"floor":10.0,"key":"Matryoshka"},{"floor":14.0,"key":"Juzu Bracelet"},{"floor":25.0,"key":"Meat on the Bone"},{"floor":26.0,"key":"PreservedInsect"},{"floor":26.0,"key":"Sundial"},{"floor":30.0,"key":"Pantograph"},{"floor":36,"key":"Calipers"},{"floor":43,"key":"Ancient Tea Set"},{"floor":43,"key":"Kunai"},{"floor":46,"key":"Vajra"},{"floor":48,"key":"Bag of Preparation"}],"event_choices":[{"damage_healed":0.0,"max_hp_gain":0.0,"max_hp_loss":0.0,"gold_gain":0.0,"event_name":"The Cleric","player_choice":"Leave","floor":3.0,"gold_loss":0.0,"damage_taken":0.0},{"damage_healed":0.0,"max_hp_gain":0.0,"max_hp_loss":0.0,"gold_gain":0.0,"event_name":"Lab","player_choice":"Got Potions","floor":11.0,"gold_loss":0.0,"damage_taken":0.0},{"damage_healed":0.0,"max_hp_gain":0.0,"max_hp_loss":0.0,"gold_gain":0.0,"event_name":"Vampires","player_choice":"Ignored","floor":20.0,"gold_loss":0.0,"damage_taken":0.0},{"damage_healed":0.0,"max_hp_gain":0.0,"max_hp_loss":0.0,"gold_gain":0.0,"event_name":"Addict","player_choice":"Obtained Relic","floor":23.0,"gold_loss":85.0,"damage_taken":0.0,"relics_obtained":["Shuriken"]},{"damage_healed":0.0,"max_hp_gain":0.0,"max_hp_loss":0.0,"gold_gain":0.0,"event_name":"Beggar","player_choice":"Ignored","floor":29.0,"gold_loss":0.0,"damage_taken":0.0},{"damage_healed":0,"gold_gain":0,"player_choice":"Fight","damage_taken":0,"max_hp_gain":0,"max_hp_loss":0,"event_name":"Mysterious Sphere","floor":36,"gold_loss":0},{"damage_healed":25,"gold_gain":0,"player_choice":"Writhe","damage_taken":0,"max_hp_gain":0,"max_hp_loss":0,"event_name":"Winding Halls","floor":45,"gold_loss":0,"cards_obtained":["Writhe"]}],"is_beta":false,"boss_relics":[{"not_picked":["Mark of Pain","Sozu"],"picked":"Fusion Hammer"},{"not_picked":["Eternal Feather","Empty Cage"],"picked":"Tiny House"}],"items_purged_floors":[],"is_endless":false,"potions_floor_spawned":[2,4,8,14,18,22,27,28,30,31,38,46,48],"ascension_level":0}