{"gold_per_floor":[117,117,133,208,158,188,188,198,276,276,287,302,302,331,331,432,432,449,449,463,60,80,80,105,121,121,152,77,2,2,15,15,15],"floor_reached":33,"playtime":1611,"items_purged":["Strike_R"],"score":413,"play_id":"019818ad-7b4c-427d-a56c-87272f0ef83e","local_time":"20191002202531","is_ascension_mode":true,"campfire_choices":[{"data":"Spot Weakness","floor":7,"key":"SMITH"},{"data":"Shockwave","floor":10,"key":"SMITH"},{"data":"Bash","floor":13,"key":"SMITH"},{"data":"True Grit","floor":15,"key":"SMITH"},{"data":"Immolate","floor":23,"key":"SMITH"},{"data":"Metallicize","floor":30,"key":"SMITH"},{"data":"Metallicize","floor":32,"key":"SMITH"}],"neow_cost":"NONE","seed_source_timestamp":333291013007593,"circlet_count":0,"master_deck":["Strike_R","Defend_R","Defend_R","Defend_R","Defend_R","Bash+1","Spot Weakness+1","Shockwave+1","Battle Trance","Headbutt","True Grit+1","Immolate+1","Anger","Evolve","Metallicize+1","Metallicize+1"],"relics":["Burning Blood","PreservedInsect","Blue Candle","Omamori","Sozu","Mummified Hand","Centennial Puzzle","Singing Bowl","Red Skull","Anchor","Strawberry"],"potions_floor_usage":[6,6,14,16,16,24],"damage_taken":[{"damage":17,"enemies":"2 Louse","floor":1,"turns":4},{"damage":0,"enemies":"Small Slimes","floor":3,"turns":3},{"damage":22,"enemies":"3 Sentries","floor":6,"turns":5},{"damage":2,"enemies":"Jaw Worm","floor":8,"turns":6},{"damage":9,"enemies":"Looter","floor":11,"turns":4},{"damage":9,"enemies":"2 Fungi Beasts","floor":12,"turns":5},{"damage":13,"enemies":"Lagavulin","floor":14,"turns":7},{"damage":21,"enemies":"Hexaghost","floor":16,"turns":11},{"damage":16,"enemies":"Shell Parasite","floor":18,"turns":6},{"damage":17,"enemies":"2 Thieves","floor":20,"turns":2},{"damage":12,"enemies":"Centurion and Healer","floor":22,"turns":4},{"damage":4,"enemies":"Gremlin Leader","floor":24,"turns":5},{"damage":4,"enemies":"Cultist and Chosen","floor":25,"turns":3},{"damage":5,"enemies":"Book of Stabbing","floor":27,"turns":3},{"damage":15,"enemies":"Snake Plant","floor":31,"turns":3},{"damage":53,"enemies":"Champ","floor":33,"turns":7}],"seed_played":"234102143850178405","potions_obtained":[{"floor":0,"key":"AttackPotion"},{"floor":0,"key":"SmokeBomb"},{"floor":0,"key":"AttackPotion"},{"floor":6,"key":"SkillPotion"},{"floor":8,"key":"Poison Potion"},{"floor":11,"key":"SkillPotion"},{"floor":12,"key":"SteroidPotion"},{"floor":14,"key":"Weak Potion"}],"is_trial":false,"path_per_floor":["M","?","M","?","?","E","R","M","T","R","M","M","R","E","R","B",null,"M","?","M","$","M","R","E","M","T","E","$","?","R","M","R","B"],"character_chosen":"IRONCLAD","items_purchased":["Centennial Puzzle","Singing Bowl"],"campfire_rested":0,"item_purchase_floors":[21,21],"current_hp_per_floor":[61,54,60,49,49,33,33,37,37,37,34,31,31,24,24,9,62,52,52,41,41,35,35,39,41,41,51,51,51,51,44,44,0],"gold":15,"neow_bonus":"THREE_SMALL_POTIONS","is_prod":false,"is_daily":false,"chose_seed":false,"campfire_upgraded":7,"win_rate":0,"timestamp":1570040731,"path_taken":["M","?","M","?","?","E","R","M","T","R","M","M","R","E","R","BOSS","M","?","M","$","M","R","E","M","T","E","$","?","R","M","R","BOSS"],"build_version":"2019-07-17","purchased_purges":1,"victory":false,"max_hp_per_floor":[80,80,80,80,80,80,80,80,80,80,80,80,80,80,80,80,80,80,80,80,80,80,80,82,82,82,91,91,91,91,93,93,93],"card_choices":[{"not_picked":["Corruption","Dropkick"],"picked":"Spot Weakness","floor":1},{"not_picked":["Heavy Blade","Ghostly Armor"],"picked":"Shockwave","floor":3},{"not_picked":["Bloodletting","Rampage","Wild Strike"],"picked":"SKIP","floor":6},{"not_picked":["Clash","Evolve","Body Slam"],"picked":"SKIP","floor":8},{"not_picked":["Rampage","Spot Weakness"],"picked":"Battle Trance","floor":11},{"not_picked":["Double Tap","Havoc"],"picked":"Headbutt","floor":12},{"not_picked":["Blood for Blood","Perfected Strike"],"picked":"True Grit","floor":14},{"not_picked":["Demon Form","Double Tap"],"picked":"Immolate","floor":16},{"not_picked":["Shockwave","Iron Wave"],"picked":"Anger","floor":18},{"not_picked":["Warcry","Carnage"],"picked":"Evolve","floor":20},{"not_picked":["Entrench+1","Combust"],"picked":"Metallicize","floor":22},{"not_picked":["Pommel Strike","Battle Trance","Evolve"],"picked":"Singing Bowl","floor":24},{"not_picked":["Clash","Perfected Strike"],"picked":"Metallicize","floor":25},{"not_picked":["True Grit","Clash","Clothesline+1"],"picked":"Singing Bowl","floor":27},{"not_picked":["Wild Strike","Sever Soul","Sentinel"],"picked":"Singing Bowl","floor":31}],"player_experience":334234,"relics_obtained":[{"floor":6,"key":"PreservedInsect"},{"floor":9,"key":"Blue Candle"},{"floor":14,"key":"Omamori"},{"floor":24,"key":"Red Skull"},{"floor":26,"key":"Anchor"},{"floor":27,"key":"Strawberry"}],"event_choices":[{"cards_removed":["Strike_R"],"damage_healed":0,"gold_gain":0,"player_choice":"Card Removal","damage_taken":7,"max_hp_gain":0,"max_hp_loss":0,"event_name":"Golden Wing","floor":2,"gold_loss":0},{"damage_healed":0,"gold_gain":75,"player_choice":"Gather Gold","damage_taken":11,"max_hp_gain":0,"max_hp_loss":0,"event_name":"World of Goop","floor":4,"gold_loss":0},{"cards_removed":["Strike_R"],"damage_healed":0,"gold_gain":0,"player_choice":"Card Removal","damage_taken":0,"max_hp_gain":0,"max_hp_loss":0,"event_name":"The Cleric","floor":5,"gold_loss":50},{"damage_healed":0,"gold_gain":0,"player_choice":"Opened","damage_taken":0,"relics_obtained":["Mummified Hand"],"max_hp_gain":0,"max_hp_loss":0,"event_name":"The Mausoleum","floor":19,"gold_loss":0},{"cards_removed":["Strike_R"],"damage_healed":0,"gold_gain":0,"player_choice":"Gave Gold","damage_taken":0,"max_hp_gain":0,"max_hp_loss":0,"event_name":"Beggar","floor":29,"gold_loss":75}],"is_beta":false,"boss_relics":[{"not_picked":["Busted Crown","Black Star"],"picked":"Sozu"}],"items_purged_floors":[28],"is_endless":false,"potions_floor_spawned":[6,8,11,12,14,18,20,24],"killed_by":"Champ","ascension_level":8}