{"gold_per_floor":[116,116,132,24,24,24,59,8,8,62,78,78,92,110,110,236,236,261,135,135,135,135,135,174,273,300,300,8,51,69,84,84,84],"floor_reached":33,"playtime":1177,"items_purged":["Strike_B","Strike_B"],"score":352,"play_id":"0ccaacd4-331c-4ebf-be94-91201794a64f","local_time":"20190826190831","is_ascension_mode":true,"campfire_choices":[{"data":"Dualcast","floor":6.0,"key":"SMITH"},{"data":"Tempest","floor":12.0,"key":"SMITH"},{"data":"Tempest","floor":15.0,"key":"SMITH"},{"data":"Fission","floor":23,"key":"SMITH"},{"data":"Gash","floor":27,"key":"SMITH"},{"floor":32,"key":"REST"}],"neow_cost":"NONE","seed_source_timestamp":0,"circlet_count":0,"master_deck":["Strike_B","Strike_B","Defend_B","Defend_B","Defend_B+1","Defend_B","Zap+1","Dualcast+1","Gash+1","Gash+1","Cold Snap","Tempest+1","Tempest+1","Fission+1","Gash+1","Stack","Self Repair","Skim","Chill"],"special_seed":0,"relics":["Cracked Core","NeowsBlessing","Golden Idol","Mummified Hand","Anchor","PreservedInsect","Nuclear Battery","Nilry\u0027s Codex","MutagenicStrength","Strawberry","Happy Flower","Whetstone"],"potions_floor_usage":[18,29,29,33,33,33],"damage_taken":[{"damage":0.0,"enemies":"Small Slimes","floor":1.0,"turns":1.0},{"damage":0.0,"enemies":"Jaw Worm","floor":3.0,"turns":1.0},{"damage":0.0,"enemies":"3 Sentries","floor":7.0,"turns":1.0},{"damage":0.0,"enemies":"2 Louse","floor":11.0,"turns":2.0},{"damage":0.0,"enemies":"2 Fungi Beasts","floor":13.0,"turns":3.0},{"damage":9.0,"enemies":"3 Louse","floor":14.0,"turns":3.0},{"damage":11.0,"enemies":"Hexaghost","floor":16.0,"turns":8.0},{"damage":10,"enemies":"3 Byrds","floor":18,"turns":3},{"damage":11,"enemies":"Book of Stabbing","floor":24,"turns":3},{"damage":6,"enemies":"Slavers","floor":29,"turns":4},{"damage":0,"enemies":"Shell Parasite","floor":30,"turns":1},{"damage":25,"enemies":"Snecko","floor":31,"turns":5},{"damage":67,"enemies":"Automaton","floor":33,"turns":6}],"seed_played":"5654818191122363834","potions_obtained":[{"floor":1.0,"key":"Block Potion"},{"floor":13.0,"key":"Block Potion"},{"floor":18,"key":"Dexterity Potion"},{"floor":29,"key":"Explosive Potion"},{"floor":31,"key":"Dexterity Potion"}],"is_trial":false,"path_per_floor":["M","?","M","$","?","R","E","$","T","T","M","R","M","M","R","B",null,"M","$","?","?","?","R","E","?","T","R","$","E","M","M","R","B"],"character_chosen":"DEFECT","items_purchased":["Gash","Cold Snap","PowerPotion","Stack","Self Repair","FocusPotion","Block Potion"],"campfire_rested":1,"item_purchase_floors":[4,4,8,19,28,28,28],"current_hp_per_floor":[75,57,57,57,42,42,42,42,42,42,42,42,42,33,33,22,75,65,65,49,49,49,49,45,45,45,45,45,46,46,21,45,0],"gold":84,"neow_bonus":"THREE_ENEMY_KILL","is_prod":false,"is_daily":false,"chose_seed":false,"campfire_upgraded":5,"win_rate":0,"timestamp":1566839311,"path_taken":["M","?","M","$","?","R","E","?","T","?","M","R","M","?","R","BOSS","M","$","?","?","?","R","E","?","T","R","$","E","M","M","R","BOSS"],"build_version":"2019-07-17","purchased_purges":2,"victory":false,"max_hp_per_floor":[75,75,75,75,75,75,75,75,75,75,75,75,75,75,75,75,75,75,75,75,75,75,75,82,82,82,82,82,82,82,82,82,82],"card_choices":[{"not_picked":["Aggregate","Sweeping Beam","Redo"],"picked":"SKIP","floor":1.0},{"not_picked":["Leap","Beam Cell"],"picked":"Gash","floor":3.0},{"not_picked":["Rebound","Steam"],"picked":"Tempest","floor":7.0},{"not_picked":["Rebound","Hello World"],"picked":"Tempest","floor":11.0},{"not_picked":["Coolheaded","Sweeping Beam","Cold Snap"],"picked":"SKIP","floor":13.0},{"not_picked":["Rebound","Streamline","Chaos"],"picked":"SKIP","floor":14.0},{"not_picked":["Machine Learning","Core Surge"],"picked":"Fission","floor":16.0},{"not_picked":["Blizzard","Stack"],"picked":"Gash","floor":18},{"not_picked":["Coolheaded","Compile Driver+1","Steam Power"],"picked":"SKIP","floor":24},{"not_picked":["Darkness","Genetic Algorithm","Sweeping Beam"],"picked":"SKIP","floor":29},{"not_picked":["Stack","Go for the Eyes+1"],"picked":"Skim","floor":30},{"not_picked":["Rainbow","Stack"],"picked":"Chill","floor":31}],"player_experience":247052,"relics_obtained":[{"floor":7.0,"key":"Mummified Hand"},{"floor":9.0,"key":"Anchor"},{"floor":10.0,"key":"PreservedInsect"},{"floor":20,"key":"Nilry\u0027s Codex"},{"floor":24,"key":"Strawberry"},{"floor":26,"key":"Happy Flower"},{"floor":29,"key":"Whetstone"}],"event_choices":[{"damage_healed":0.0,"max_hp_gain":0.0,"max_hp_loss":0.0,"gold_gain":0.0,"event_name":"Golden Idol","player_choice":"Take Damage","floor":2.0,"gold_loss":0.0,"damage_taken":18.0,"relics_obtained":["Golden Idol"]},{"damage_healed":0.0,"max_hp_gain":0.0,"max_hp_loss":0.0,"gold_gain":0.0,"event_name":"Shining Light","player_choice":"Entered Light","floor":5.0,"gold_loss":0.0,"damage_taken":15.0,"cards_upgraded":["Defend_B","Zap"]},{"damage_healed":0,"gold_gain":0,"player_choice":"Obtained Book","damage_taken":16,"max_hp_gain":0,"max_hp_loss":0,"event_name":"Cursed Tome","floor":20,"gold_loss":0},{"damage_healed":0,"gold_gain":0,"player_choice":"Inject Mutagens","damage_taken":0,"relics_obtained":["MutagenicStrength"],"max_hp_gain":0,"max_hp_loss":0,"event_name":"Drug Dealer","floor":21,"gold_loss":0},{"damage_healed":0,"gold_gain":0,"player_choice":"Ignored","damage_taken":0,"max_hp_gain":0,"max_hp_loss":0,"event_name":"Vampires","floor":22,"gold_loss":0},{"damage_healed":0,"gold_gain":99,"player_choice":"Stole From Cult","damage_taken":0,"max_hp_gain":0,"max_hp_loss":0,"event_name":"Nest","floor":25,"gold_loss":0}],"is_beta":false,"boss_relics":[{"not_picked":["Coffee Dripper","Runic Dome"],"picked":"Nuclear Battery"}],"items_purged_floors":[19,28],"is_endless":false,"potions_floor_spawned":[1,13,14,18,29,31],"killed_by":"Automaton","ascension_level":3}