{"gold_per_floor":[213,313,331,345,362,362,372,405,432,4,4,17,28,39,39,115,115,127,145,57,57,57,57,57],"floor_reached":24,"playtime":1505,"items_purged":["Strike_B"],"score":400,"play_id":"22e121ab-95b4-4d3e-beee-20516503c644","local_time":"20190110211214","is_ascension_mode":true,"campfire_choices":[{"data":"Zap","floor":6.0,"key":"SMITH"},{"data":"Coolheaded","floor":11.0,"key":"SMITH"},{"data":"Conserve Battery","floor":15.0,"key":"SMITH"},{"data":"Loop","floor":23,"key":"SMITH"}],"neow_cost":"NONE","seed_source_timestamp":0,"circlet_count":0,"master_deck":["AscendersBane","Strike_B+1","Strike_B+1","Strike_B+1","Defend_B+1","Defend_B+1","Defend_B+1","Defend_B+1","Zap+1","Dualcast","Cold Snap","Streamline","Coolheaded+1","Turbo","Cold Snap","Electrodynamics","Conserve Battery+1","Conserve Battery","Coolheaded","Hologram","Reboot","Leap","Loop+1"],"special_seed":0,"relics":["Cracked Core","Orichalcum","Bronze Scales","Lee\u0027s Waffle","Eternal Feather"],"potions_floor_usage":[],"damage_taken":[{"damage":3.0,"enemies":"2 Louse","floor":1.0,"turns":3.0},{"damage":2.0,"enemies":"Cultist","floor":3.0,"turns":4.0},{"damage":2.0,"enemies":"Jaw Worm","floor":4.0,"turns":3.0},{"damage":4.0,"enemies":"3 Louse","floor":5.0,"turns":4.0},{"damage":6.0,"enemies":"2 Fungi Beasts","floor":7.0,"turns":4.0},{"damage":22.0,"enemies":"Lagavulin","floor":8.0,"turns":8.0},{"damage":3.0,"enemies":"Exordium Wildlife","floor":12.0,"turns":2.0},{"damage":5.0,"enemies":"3 Louse","floor":13.0,"turns":3.0},{"damage":0.0,"enemies":"2 Fungi Beasts","floor":14.0,"turns":2.0},{"damage":47.0,"enemies":"Slime Boss","floor":16.0,"turns":9.0},{"damage":6,"enemies":"Shell Parasite","floor":18,"turns":8},{"damage":4,"enemies":"3 Byrds","floor":19,"turns":4},{"damage":69,"enemies":"Book of Stabbing","floor":24,"turns":7}],"seed_played":"-5454121032809381517","potions_obtained":[{"floor":1.0,"key":"Block Potion"},{"floor":3.0,"key":"Explosive Potion"}],"is_trial":false,"path_per_floor":["M","?","M","M","M","R","M","E","T","$","R","M","M","M","R","B",null,"M","M","$","?","?","R","E"],"character_chosen":"DEFECT","items_purchased":["Electrodynamics","Conserve Battery","Lee\u0027s Waffle","Loop"],"campfire_rested":0,"item_purchase_floors":[10,10,10,20],"current_hp_per_floor":[61,61,59,57,53,53,47,25,25,78,78,75,70,70,70,23,64,58,54,54,54,54,66,0],"gold":57,"neow_bonus":"HUNDRED_GOLD","is_prod":false,"is_daily":false,"chose_seed":false,"campfire_upgraded":4,"win_rate":0,"timestamp":1547151134,"path_taken":["M","?","M","M","M","R","M","E","T","?","R","M","M","M","R","BOSS","M","M","$","?","?","R","E"],"build_version":"2019-01-03v4","purchased_purges":1,"victory":false,"max_hp_per_floor":[71,71,71,71,71,71,71,71,71,78,78,78,78,78,78,78,78,78,78,78,78,78,78,78],"card_choices":[{"not_picked":["Auto Shields","Double Energy"],"picked":"Cold Snap","floor":1.0},{"not_picked":["Steam","Compile Driver"],"picked":"Streamline","floor":3.0},{"not_picked":["Gash","Hologram"],"picked":"Coolheaded","floor":4.0},{"not_picked":["Ball Lightning","Compile Driver"],"picked":"Turbo","floor":5.0},{"not_picked":["Go for the Eyes","Melter"],"picked":"Cold Snap","floor":7.0},{"not_picked":["Reinforced Body","Heatsinks","Beam Cell"],"picked":"SKIP","floor":8.0},{"not_picked":["Stack","Leap"],"picked":"Conserve Battery","floor":12.0},{"not_picked":["Conserve Battery","Redo"],"picked":"Coolheaded","floor":13.0},{"not_picked":["Barrage","Creative AI"],"picked":"Hologram","floor":14.0},{"not_picked":["All For One","Rainbow"],"picked":"Reboot","floor":16.0},{"not_picked":["Beam Cell","Streamline"],"picked":"Leap","floor":18},{"not_picked":["Fusion","Storm","Steam"],"picked":"SKIP","floor":19}],"player_experience":508748,"relics_obtained":[{"floor":8.0,"key":"Orichalcum"},{"floor":9.0,"key":"Bronze Scales"}],"event_choices":[{"damage_healed":0.0,"max_hp_gain":0.0,"max_hp_loss":0.0,"gold_gain":100.0,"event_name":"Wheel of Change","player_choice":"Gold","floor":2.0,"gold_loss":0.0,"damage_taken":0.0},{"damage_healed":0,"gold_gain":0,"player_choice":"Simplicity","damage_taken":0,"max_hp_gain":0,"max_hp_loss":0,"event_name":"Back to Basics","floor":21,"gold_loss":0,"cards_upgraded":["Strike_B","Strike_B","Strike_B","Defend_B","Defend_B","Defend_B","Defend_B"]}],"is_beta":false,"boss_relics":[{"not_picked":["Orrery","Busted Crown"],"picked":"Eternal Feather"}],"items_purged_floors":[10],"is_endless":false,"potions_floor_spawned":[1,3,5],"killed_by":"Book of Stabbing","ascension_level":20}