{"gold_per_floor":[118,118,42,42,42,42,53,79,79,110,126,126,158,178,178,273,273,291,305,325,325,4,34,34,45,71,71,71,0,0,16,16,116,116,130,31,131,131,150,150,205,205,205,220,220,220,220,248,248,248],"floor_reached":51,"playtime":3157,"items_purged":["Evolve"],"score":973,"play_id":"7d13d740-d2ac-4d90-b079-b0af03b2462a","local_time":"20190410000503","is_ascension_mode":true,"campfire_choices":[{"data":"Armaments","floor":6.0,"key":"SMITH"},{"data":"Searing Blow","floor":12.0,"key":"SMITH"},{"data":"Searing Blow+1","floor":15.0,"key":"SMITH"},{"floor":24.0,"key":"REST"},{"data":"Searing Blow+2","floor":30.0,"key":"SMITH"},{"floor":32.0,"key":"REST"},{"data":"True Grit","floor":40,"key":"SMITH"},{"data":"True Grit","floor":42,"key":"SMITH"},{"data":"Searing Blow+3","floor":45,"key":"SMITH"},{"floor":47,"key":"REST"},{"data":"Havoc","floor":49,"key":"SMITH"}],"neow_cost":"NONE","seed_source_timestamp":0,"circlet_count":1,"master_deck":["Defend_R+1","Defend_R+1","Defend_R+1","Defend_R+1","Bash+1","Armaments+1","Whirlwind","Searing Blow+4","Dark Embrace+1","Havoc+1","Flex","Barricade+1","Rage+1","Battle Trance+1","Anger+1","Metallicize+1","Bite","Bite","Bite","Bite","Metallicize+1","True Grit+1","Reaper","True Grit+1","Sword Boomerang+1"],"special_seed":0,"relics":["Burning Blood","Juzu Bracelet","Circlet","Frozen Egg 2","Ancient Tea Set","Kunai","Sozu","Paper Frog","Vajra","Busted Crown","Champion Belt","Incense Burner","Molten Egg 2"],"potions_floor_usage":[],"damage_taken":[{"damage":5.0,"enemies":"2 Louse","floor":1.0,"turns":4.0},{"damage":1.0,"enemies":"Cultist","floor":7.0,"turns":4.0},{"damage":20.0,"enemies":"3 Sentries","floor":8.0,"turns":4.0},{"damage":16.0,"enemies":"Gremlin Nob","floor":10.0,"turns":3.0},{"damage":0.0,"enemies":"Small Slimes","floor":11.0,"turns":4.0},{"damage":10.0,"enemies":"3 Sentries","floor":13.0,"turns":7.0},{"damage":13.0,"enemies":"Exordium Wildlife","floor":14.0,"turns":7.0},{"damage":22.0,"enemies":"The Guardian","floor":16.0,"turns":10.0},{"damage":18.0,"enemies":"Spheric Guardian","floor":18.0,"turns":5.0},{"damage":2.0,"enemies":"Chosen","floor":19.0,"turns":4.0},{"damage":14.0,"enemies":"Centurion and Healer","floor":20.0,"turns":7.0},{"damage":44.0,"enemies":"Slavers","floor":23.0,"turns":7.0},{"damage":8.0,"enemies":"Sentry and Sphere","floor":25.0,"turns":5.0},{"damage":19.0,"enemies":"Snake Plant","floor":31.0,"turns":4.0},{"damage":35.0,"enemies":"Automaton","floor":33.0,"turns":13.0},{"damage":36,"enemies":"3 Shapes","floor":35,"turns":8},{"damage":0,"enemies":"Orb Walker","floor":39,"turns":3},{"damage":77,"enemies":"2 Orb Walkers","floor":41,"turns":7},{"damage":25,"enemies":"Transient","floor":44,"turns":5},{"damage":28,"enemies":"Nemesis","floor":48,"turns":11},{"damage":91,"enemies":"Time Eater","floor":50,"turns":14}],"seed_played":"-7535919112894192694","potions_obtained":[{"floor":7.0,"key":"SkillPotion"},{"floor":10.0,"key":"Weak Potion"},{"floor":13.0,"key":"SkillPotion"},{"floor":16.0,"key":"Energy Potion"}],"is_trial":false,"path_per_floor":["M","?","$","?","?","R","M","E","T","E","M","R","E","M","R","B",null,"M","M","M","?","$","E","R","M","T","?","?","$","R","M","R","B",null,"M","$","?","?","M","R","?","R","T","M","R","?","R","E","R","B",null],"character_chosen":"IRONCLAD","items_purchased":["Whirlwind","Paper Frog","Metallicize+1","Metallicize+1","True Grit"],"campfire_rested":3,"item_purchase_floors":[3,22,22,29,36],"current_hp_per_floor":[73,73,73,57,62,62,67,53,53,43,49,49,45,38,38,22,69,57,61,53,53,53,15,40,38,38,22,22,22,22,22,49,63,83,90,90,90,90,90,90,30,30,30,31,31,31,58,67,67,11],"gold":248,"neow_bonus":"RANDOM_COMMON_RELIC","is_prod":false,"is_daily":false,"chose_seed":false,"campfire_upgraded":8,"win_rate":0,"timestamp":1554847503,"path_taken":["M","?","?","?","?","R","M","E","T","E","M","R","E","M","R","BOSS","M","M","M","?","$","E","R","M","T","?","?","?","R","M","R","BOSS","M","$","?","?","M","R","?","R","T","M","R","?","R","E","R","BOSS"],"build_version":"2019-01-23","purchased_purges":1,"victory":true,"max_hp_per_floor":[80,80,80,80,85,85,85,85,85,85,85,85,85,85,85,85,85,85,85,85,85,85,85,85,85,85,90,90,90,90,90,90,90,90,90,90,90,90,90,90,90,90,90,90,90,90,90,90,90,90],"card_choices":[{"not_picked":["Cleave","Shrug It Off"],"picked":"Armaments","floor":1.0},{"not_picked":["Cleave","Infernal Blade","Power Through"],"picked":"SKIP","floor":7.0},{"not_picked":["Sword Boomerang","Evolve"],"picked":"Searing Blow","floor":8.0},{"not_picked":["Intimidate","Rampage"],"picked":"Dark Embrace+1","floor":10.0},{"not_picked":["Twin Strike","Wild Strike"],"picked":"Havoc","floor":11.0},{"not_picked":["Hemokinesis","Intimidate","Infernal Blade"],"picked":"SKIP","floor":13.0},{"not_picked":["Hemokinesis","Pommel Strike"],"picked":"Flex","floor":14.0},{"not_picked":["Fiend Fire","Immolate"],"picked":"Barricade+1","floor":16.0},{"not_picked":["Clash+1","Flex"],"picked":"Rage+1","floor":18.0},{"not_picked":["Perfected Strike","Havoc"],"picked":"Battle Trance+1","floor":19.0},{"not_picked":["Hemokinesis","Whirlwind"],"picked":"Anger+1","floor":20.0},{"not_picked":["Dual Wield","Wild Strike","Sentinel"],"picked":"SKIP","floor":23.0},{"not_picked":["Sentinel","Wild Strike","Twin Strike"],"picked":"SKIP","floor":25.0},{"not_picked":["Infernal Blade","Warcry"],"picked":"True Grit","floor":31.0},{"not_picked":["Impervious","Double Tap"],"picked":"Reaper","floor":33.0},{"not_picked":["Pommel Strike"],"picked":"SKIP","floor":35},{"not_picked":[],"picked":"Sword Boomerang+1","floor":39},{"not_picked":["Evolve+1"],"picked":"SKIP","floor":44},{"not_picked":["Flex"],"picked":"SKIP","floor":48}],"player_experience":617466,"relics_obtained":[{"floor":8.0,"key":"construct:FoamFinger"},{"floor":9.0,"key":"Frozen Egg 2"},{"floor":10.0,"key":"Ancient Tea Set"},{"floor":13.0,"key":"Kunai"},{"floor":23.0,"key":"Vajra"},{"floor":26.0,"key":"Blood Vial"},{"floor":41,"key":"Champion Belt"},{"floor":43,"key":"Incense Burner"},{"floor":48,"key":"Molten Egg 2"}],"event_choices":[{"damage_healed":0.0,"max_hp_gain":0.0,"max_hp_loss":0.0,"gold_gain":0.0,"cards_transformed":["Strike_R"],"event_name":"Transmorgrifier","player_choice":"Transformed","floor":2.0,"gold_loss":0.0,"damage_taken":0.0,"cards_obtained":["Evolve"]},{"damage_healed":0.0,"max_hp_gain":0.0,"max_hp_loss":0.0,"gold_gain":0.0,"event_name":"Shining Light","player_choice":"Entered Light","floor":4.0,"gold_loss":0.0,"damage_taken":16.0,"cards_upgraded":["Bash","Strike_R"]},{"damage_healed":0.0,"max_hp_gain":5.0,"max_hp_loss":0.0,"gold_gain":0.0,"event_name":"Big Fish","player_choice":"Donut","floor":5.0,"gold_loss":0.0,"damage_taken":0.0},{"damage_healed":0.0,"max_hp_gain":0.0,"max_hp_loss":0.0,"gold_gain":0.0,"event_name":"Back to Basics","player_choice":"Simplicity","floor":21.0,"gold_loss":0.0,"damage_taken":0.0,"cards_upgraded":["Strike_R","Strike_R","Strike_R","Defend_R","Defend_R","Defend_R","Defend_R"]},{"damage_healed":0.0,"max_hp_gain":5.0,"max_hp_loss":0.0,"gold_gain":0.0,"event_name":"Forgotten Altar","player_choice":"Shed Blood","floor":27.0,"gold_loss":0.0,"damage_taken":21.0},{"damage_healed":0.0,"max_hp_gain":0.0,"max_hp_loss":0.0,"gold_gain":0.0,"event_name":"Vampires","player_choice":"Became a vampire (Vial)","floor":28.0,"relics_lost":["Blood Vial"],"gold_loss":0.0,"damage_taken":0.0,"cards_obtained":["Bite","Bite","Bite","Bite","Bite"]},{"damage_healed":0,"gold_gain":100,"player_choice":"Pray","damage_taken":0,"max_hp_gain":0,"max_hp_loss":0,"event_name":"Golden Shrine","floor":37,"gold_loss":0},{"cards_removed":["Bite"],"damage_healed":0,"gold_gain":0,"player_choice":"Removed Attack","damage_taken":0,"max_hp_gain":0,"max_hp_loss":0,"event_name":"Falling","floor":38,"gold_loss":0},{"damage_healed":0,"gold_gain":0,"player_choice":"Fight","damage_taken":0,"max_hp_gain":0,"max_hp_loss":0,"event_name":"Mysterious Sphere","floor":41,"gold_loss":0},{"damage_healed":0,"gold_gain":0,"player_choice":"Memory 1","damage_taken":0,"max_hp_gain":0,"max_hp_loss":0,"event_name":"SensoryStone","floor":46,"gold_loss":0}],"is_beta":false,"boss_relics":[{"not_picked":["Snecko Eye","Eternal Feather"],"picked":"Sozu"},{"not_picked":["Empty Cage","Black Star"],"picked":"Busted Crown"}],"items_purged_floors":[36],"is_endless":false,"potions_floor_spawned":[7,10,13,16,20,31,33,44],"ascension_level":8}