{"gold_per_floor":[109,109,127,140,155,184,184,202,202,230,230,257,257,269,269,370,370,389,304,314,332,332,364,364,393,393,393,404,404,416,149,149,250,250,268,368,386,218,218,246,246,280,306,306,95,108,139,157,157,157,157,157,7,40,40],"floor_reached":55,"playtime":4501,"items_purged":["Strike_B","Strike_B","Strike_B","Parasite"],"score":1060,"play_id":"dc8ad277-5b36-47f1-9f60-6cb172349f0f","local_time":"20181210155036","is_ascension_mode":true,"campfire_choices":[{"floor":7.0,"key":"REST"},{"floor":11.0,"key":"REST"},{"floor":13.0,"key":"RECALL"},{"floor":15.0,"key":"REST"},{"data":"Recycle","floor":24.0,"key":"SMITH"},{"data":"Conserve Battery","floor":27.0,"key":"SMITH"},{"floor":29.0,"key":"REST"},{"floor":32.0,"key":"REST"},{"data":"Capacitor","floor":41,"key":"SMITH"},{"data":"Loop","floor":49,"key":"SMITH"},{"data":"Forethought","floor":52,"key":"SMITH"}],"neow_cost":"NONE","seed_source_timestamp":0,"circlet_count":0,"master_deck":["Strike_B","Defend_B","Defend_B","Defend_B","Defend_B","Zap","Dualcast","Streamline","Gash","Genetic Algorithm","Gash","Recycle+1","Self Repair","FTL","Loop+1","Gash","Beam Cell","Conserve Battery+1","Thunder Strike","Leap","Gash+1","Capacitor","Machine Learning","Ball Lightning+1","Gash","Gash","Double Energy","All For One","Turbo+1","Beam Cell+1","Conserve Battery+1","Capacitor+1","Master of Strategy","Forethought+1","Beam Cell+1","Loop+1","Gash+1","Beam Cell+1","Go for the Eyes+1","Gash+1","Hologram+1"],"special_seed":0,"relics":["FrozenCore","NeowsBlessing","Prayer Wheel","Sundial","Dead Branch","Unceasing Top","Anchor","Blood Vial","Mercury Hourglass","Darkstone Periapt","Happy Flower","Nuclear Battery","Molten Egg 2","Bottled Flame","Bronze Scales","Bag of Preparation","Oddly Smooth Stone"],"potions_floor_usage":[50,50],"damage_taken":[{"damage":0.0,"enemies":"Small Slimes","floor":1.0,"turns":1.0},{"damage":0.0,"enemies":"Jaw Worm","floor":3.0,"turns":1.0},{"damage":0.0,"enemies":"2 Louse","floor":4.0,"turns":1.0},{"damage":9.0,"enemies":"Gremlin Gang","floor":5.0,"turns":6.0},{"damage":30.0,"enemies":"Gremlin Nob","floor":6.0,"turns":4.0},{"damage":8.0,"enemies":"Exordium Wildlife","floor":8.0,"turns":5.0},{"damage":26.0,"enemies":"Lagavulin","floor":10.0,"turns":7.0},{"damage":9.0,"enemies":"3 Sentries","floor":12.0,"turns":5.0},{"damage":5.0,"enemies":"2 Fungi Beasts","floor":14.0,"turns":3.0},{"damage":28.0,"enemies":"Slime Boss","floor":16.0,"turns":7.0},{"damage":8.0,"enemies":"Chosen","floor":18.0,"turns":6.0},{"damage":17.0,"enemies":"Shell Parasite","floor":20.0,"turns":8.0},{"damage":2.0,"enemies":"Centurion and Healer","floor":21.0,"turns":9.0},{"damage":18.0,"enemies":"Book of Stabbing","floor":23.0,"turns":7.0},{"damage":37.0,"enemies":"Slavers","floor":25.0,"turns":11.0},{"damage":8.0,"enemies":"Shelled Parasite and Fungi","floor":28.0,"turns":7.0},{"damage":14.0,"enemies":"Sentry and Sphere","floor":30.0,"turns":4.0},{"damage":50.0,"enemies":"Collector","floor":33.0,"turns":9.0},{"damage":8,"enemies":"3 Darklings","floor":35,"turns":3},{"damage":0,"enemies":"3 Shapes","floor":37,"turns":2},{"damage":0,"enemies":"Nemesis","floor":40,"turns":6},{"damage":0,"enemies":"Giant Head","floor":42,"turns":3},{"damage":0,"enemies":"Writhing Mass","floor":46,"turns":3},{"damage":0,"enemies":"Reptomancer","floor":47,"turns":4},{"damage":22,"enemies":"Sphere and 2 Shapes","floor":48,"turns":6},{"damage":59,"enemies":"Awakened One","floor":50,"turns":9},{"damage":5,"enemies":"Shield and Spear","floor":54,"turns":3},{"damage":101,"enemies":"The Heart","floor":55,"turns":3}],"seed_played":"8908337527451850132","potions_obtained":[{"floor":3.0,"key":"PowerPotion"},{"floor":10.0,"key":"Strength Potion"},{"floor":12.0,"key":"FocusPotion"},{"floor":16.0,"key":"Block Potion"},{"floor":18.0,"key":"Weak Potion"},{"floor":28.0,"key":"Explosive Potion"},{"floor":30.0,"key":"Ancient Potion"},{"floor":35,"key":"PowerPotion"},{"floor":54,"key":"Energy Potion"}],"is_trial":false,"path_per_floor":["M","?","M","M","M","E","R","M","T","E","R","E","R","M","R","B",null,"M","?","M","M","?","E","R","E","T","R","M","R","M","$","R","B",null,"M","?","M","$","?","E","R","E","T","?","$","M","E","M","R","B",null,"R","$","E","B"],"character_chosen":"DEFECT","items_purchased":["Double Energy","Happy Flower","Capacitor","Loop","Gash+1"],"campfire_rested":5,"item_purchase_floors":[31,31,38,45,45],"current_hp_per_floor":[75,57,57,57,48,18,40,32,32,13,35,33,33,35,57,36,75,74,74,64,69,69,58,58,30,30,30,31,53,48,48,70,29,75,74,74,75,75,70,75,75,75,75,75,75,81,81,66,66,16,81,81,78,78,0],"gold":40,"neow_bonus":"THREE_ENEMY_KILL","is_prod":false,"is_daily":false,"chose_seed":false,"campfire_upgraded":5,"win_rate":0,"timestamp":1544453436,"path_taken":["M","?","M","M","M","E","R","M","T","E","R","E","R","M","R","BOSS","M","?","M","M","?","E","R","E","T","R","M","R","M","$","R","BOSS","M","?","?","$","?","E","R","E","T","?","$","M","E","M","R","BOSS","R","$","E","BOSS"],"build_version":"2018-12-06","purchased_purges":4,"victory":false,"max_hp_per_floor":[75,75,75,75,75,75,75,75,75,75,75,75,75,75,75,75,75,75,75,75,75,75,75,75,75,75,75,75,75,75,75,75,75,75,75,75,75,75,75,75,75,75,75,75,75,81,81,81,81,81,81,81,78,78,78],"card_choices":[{"not_picked":["Stack","Self Repair","Glacier"],"picked":"SKIP","floor":1.0},{"not_picked":["Darkness","Conserve Battery"],"picked":"Streamline","floor":3.0},{"not_picked":["Self Repair","Coolheaded","Blizzard"],"picked":"SKIP","floor":3.0},{"not_picked":["Biased Cognition","Go for the Eyes"],"picked":"Gash","floor":4.0},{"not_picked":["Fusion","Barrage"],"picked":"Genetic Algorithm","floor":4.0},{"not_picked":["Ball Lightning","White Noise"],"picked":"Gash","floor":5.0},{"not_picked":["Steam","Compile Driver","Glacier"],"picked":"SKIP","floor":5.0},{"not_picked":["Redo","Buffer"],"picked":"Recycle","floor":6.0},{"not_picked":["Doom and Gloom","Compile Driver"],"picked":"Self Repair","floor":8.0},{"not_picked":["Cold Snap","Leap"],"picked":"FTL","floor":8.0},{"not_picked":["Rip and Tear","Double Energy"],"picked":"Loop","floor":10.0},{"not_picked":["Coolheaded","Cold Snap"],"picked":"Gash","floor":12.0},{"not_picked":["Redo","Fusion"],"picked":"Beam Cell","floor":14.0},{"not_picked":["Cold Snap","Sweeping Beam"],"picked":"Conserve Battery","floor":14.0},{"not_picked":["Rainbow","Creative AI"],"picked":"Thunder Strike","floor":16.0},{"not_picked":["Steam","Cold Snap"],"picked":"Leap","floor":18.0},{"not_picked":["Sunder","Stack","Steam Power+1"],"picked":"SKIP","floor":18.0},{"not_picked":["BootSequence","Turbo+1"],"picked":"Gash+1","floor":20.0},{"not_picked":["Scrape","Force Field","Coolheaded"],"picked":"SKIP","floor":20.0},{"not_picked":["Melter+1","Leap+1"],"picked":"Capacitor","floor":21.0},{"not_picked":["Compile Driver","Coolheaded","BootSequence"],"picked":"SKIP","floor":21.0},{"not_picked":["Hello World","Sunder"],"picked":"Machine Learning","floor":23.0},{"not_picked":["Compile Driver","Multi-Cast","Cold Snap"],"picked":"SKIP","floor":25.0},{"not_picked":["Self Repair","Streamline"],"picked":"Ball Lightning+1","floor":28.0},{"not_picked":["Chaos+1","Conserve Battery"],"picked":"Gash","floor":28.0},{"not_picked":["Hologram","Compile Driver"],"picked":"Gash","floor":30.0},{"not_picked":["Meteor Strike","Force Field","Coolheaded+1"],"picked":"SKIP","floor":30.0},{"not_picked":["Buffer","Creative AI"],"picked":"All For One","floor":33.0},{"not_picked":["Hello World+1","Lockon"],"picked":"Turbo+1","floor":35},{"not_picked":["Reinforced Body","Go for the Eyes","Stack+1"],"picked":"SKIP","floor":35},{"not_picked":["Conserve Battery","Rebound"],"picked":"Beam Cell+1","floor":37},{"not_picked":["Sweeping Beam+1","Turbo+1"],"picked":"Conserve Battery+1","floor":37},{"not_picked":["PanicButton","Magnetism"],"picked":"Master of Strategy","floor":39},{"not_picked":["Impatience","Blind"],"picked":"Forethought","floor":39},{"not_picked":["Chill+1","Go for the Eyes+1"],"picked":"Beam Cell","floor":40},{"not_picked":["Barrage+1","Rebound+1","Hello World+1"],"picked":"SKIP","floor":42},{"not_picked":["Glacier","Streamline+1"],"picked":"Beam Cell+1","floor":46},{"not_picked":["Stack+1","Coolheaded+1"],"picked":"Go for the Eyes+1","floor":46},{"not_picked":["Genetic Algorithm+1","Ball Lightning+1","Sunder+1"],"picked":"SKIP","floor":47},{"not_picked":["Coolheaded","Stack+1"],"picked":"Gash+1","floor":48},{"not_picked":["Streamline+1","Doom and Gloom+1","Melter+1"],"picked":"SKIP","floor":48},{"not_picked":["Turbo","Capacitor"],"picked":"Hologram+1","floor":54}],"player_experience":295698,"relics_obtained":[{"floor":6.0,"key":"Sundial"},{"floor":10.0,"key":"Dead Branch"},{"floor":12.0,"key":"Unceasing Top"},{"floor":23.0,"key":"Blood Vial"},{"floor":25.0,"key":"Mercury Hourglass"},{"floor":26.0,"key":"Darkstone Periapt"},{"floor":40,"key":"Molten Egg 2"},{"floor":42,"key":"Bottled Flame"},{"floor":43,"key":"Bronze Scales"},{"floor":47,"key":"Bag of Preparation"},{"floor":54,"key":"Oddly Smooth Stone"}],"event_choices":[{"damage_healed":0.0,"max_hp_gain":0.0,"max_hp_loss":0.0,"gold_gain":0.0,"event_name":"Scrap Ooze","player_choice":"Success","floor":2.0,"gold_loss":0.0,"damage_taken":18.0,"relics_obtained":["Prayer Wheel"]},{"damage_healed":0.0,"max_hp_gain":0.0,"max_hp_loss":0.0,"gold_gain":0.0,"event_name":"Addict","player_choice":"Obtained Relic","floor":19.0,"gold_loss":85.0,"damage_taken":0.0,"relics_obtained":["Anchor"]},{"damage_healed":0.0,"max_hp_gain":0.0,"max_hp_loss":0.0,"gold_gain":0.0,"event_name":"Vampires","player_choice":"Ignored","floor":22.0,"gold_loss":0.0,"damage_taken":0.0},{"damage_healed":0,"gold_gain":100,"player_choice":"Pray","damage_taken":0,"max_hp_gain":0,"max_hp_loss":0,"event_name":"Golden Shrine","floor":36,"gold_loss":0},{"damage_healed":0,"gold_gain":0,"player_choice":"Memory 2","damage_taken":5,"max_hp_gain":0,"max_hp_loss":0,"event_name":"SensoryStone","floor":39,"gold_loss":0},{"damage_healed":0,"gold_gain":0,"player_choice":"Upgraded","damage_taken":0,"max_hp_gain":0,"max_hp_loss":0,"event_name":"Upgrade Shrine","floor":44,"gold_loss":0,"cards_upgraded":["Loop"]}],"is_beta":false,"boss_relics":[{"not_picked":["Runic Dome","Sozu"],"picked":"FrozenCore"},{"not_picked":["Tiny House","Runic Pyramid"],"picked":"Nuclear Battery"}],"items_purged_floors":[31,38,45,53],"is_endless":false,"potions_floor_spawned":[3,10,12,16,18,21,28,30,35,40,42,46,54],"killed_by":"The Heart","ascension_level":2}