{"gold_per_floor":[111,111,36,55,72,72,106,106,133,33,33,33,45,77,77,149,149,159,159,159,186,201,201,201,201,201,201,232,245,114,126,126,200,200,211,211,231,247,258,258],"floor_reached":40,"playtime":2071,"items_purged":["Strike_B","Strike_B","Defend_B"],"score":766,"play_id":"6ae7c50e-99a6-4be9-8bee-c9e8130e89b3","local_time":"20190105233127","is_ascension_mode":true,"campfire_choices":[{"data":"Coolheaded","floor":6,"key":"SMITH"},{"data":"Redo","floor":8,"key":"SMITH"},{"data":"Dualcast","floor":11,"key":"SMITH"},{"data":"Defragment","floor":15,"key":"SMITH"},{"data":"Capacitor","floor":23,"key":"SMITH"},{"data":"Turbo","floor":25,"key":"SMITH"},{"data":"Leap","floor":27,"key":"SMITH"},{"floor":32,"key":"REST"}],"neow_cost":"NONE","seed_source_timestamp":1383892313982454,"circlet_count":0,"master_deck":["AscendersBane","Defend_B","Defend_B","Defend_B","Zap+1","Dualcast+1","Ball Lightning","Turbo+1","Coolheaded+1","Redo+1","Defragment+1","Reboot","Electrodynamics","Capacitor+1","Leap+1","Ball Lightning","RitualDagger","Go for the Eyes","White Noise","Cold Snap","Cold Snap","Compile Driver+1","BootSequence","Steam"],"relics":["Cracked Core","Omamori","Pen Nib","Matryoshka","Eternal Feather","Smiling Mask","Kunai","Red Mask","Dream Catcher","Orichalcum","Ornamental Fan","Sozu"],"potions_floor_usage":[7,21,31,31],"damage_taken":[{"damage":0,"enemies":"Small Slimes","floor":1,"turns":3},{"damage":1,"enemies":"Cultist","floor":4,"turns":3},{"damage":4,"enemies":"2 Louse","floor":5,"turns":3},{"damage":14,"enemies":"3 Sentries","floor":7,"turns":9},{"damage":4,"enemies":"Exordium Thugs","floor":13,"turns":3},{"damage":3,"enemies":"Lagavulin","floor":14,"turns":7},{"damage":16,"enemies":"The Guardian","floor":16,"turns":9},{"damage":5,"enemies":"Spheric Guardian","floor":18,"turns":4},{"damage":28,"enemies":"Masked Bandits","floor":21,"turns":3},{"damage":2,"enemies":"Shell Parasite","floor":22,"turns":10},{"damage":18,"enemies":"Slavers","floor":28,"turns":3},{"damage":16,"enemies":"Snake Plant","floor":29,"turns":3},{"damage":0,"enemies":"3 Cultists","floor":31,"turns":3},{"damage":40,"enemies":"Champ","floor":33,"turns":10},{"damage":6,"enemies":"Orb Walker","floor":35,"turns":4},{"damage":11,"enemies":"3 Shapes","floor":37,"turns":5},{"damage":10,"enemies":"Maw","floor":38,"turns":8},{"damage":7,"enemies":"4 Shapes","floor":39,"turns":3},{"damage":47,"enemies":"Giant Head","floor":40,"turns":9}],"seed_played":"-2274721743512178471","potions_obtained":[{"floor":1,"key":"SkillPotion"},{"floor":13,"key":"Weak Potion"},{"floor":29,"key":"Swift Potion"},{"floor":31,"key":"Fruit Juice"}],"is_trial":false,"path_per_floor":["M","?","$","M","M","R","E","R","T","$","R","$","M","E","R","B",null,"M","?","T","?","M","R","?","R","T","R","E","M","$","M","R","B",null,"M","?","M","M","M","E"],"character_chosen":"DEFECT","items_purchased":["White Noise"],"campfire_rested":1,"item_purchase_floors":[30],"current_hp_per_floor":[64,64,64,63,59,59,45,45,45,45,45,45,41,38,38,22,59,54,54,54,26,24,33,27,36,36,45,27,11,11,16,50,10,60,54,69,58,48,41,0],"gold":258,"neow_bonus":"UPGRADE_CARD","is_prod":false,"is_daily":false,"chose_seed":false,"campfire_upgraded":7,"win_rate":0,"timestamp":1546727487,"path_taken":["M","?","$","?","?","R","E","R","T","$","R","$","M","E","R","BOSS","M","?","?","?","M","R","?","R","T","R","E","?","?","M","R","BOSS","M","?","M","M","M","E"],"build_version":"2019-01-03v4","purchased_purges":3,"victory":false,"max_hp_per_floor":[71,71,71,71,71,71,71,71,71,71,71,71,71,71,71,71,71,71,71,71,71,71,71,71,71,71,71,71,71,71,76,76,76,76,76,76,76,76,76,76],"card_choices":[{"not_picked":["Beam Cell","Force Field"],"picked":"Ball Lightning","floor":1},{"not_picked":["Aggregate","Stack"],"picked":"Turbo","floor":4},{"not_picked":["Barrage","Hologram"],"picked":"Coolheaded","floor":5},{"not_picked":["Stack","Static Discharge"],"picked":"Redo","floor":7},{"not_picked":["Storm","Streamline"],"picked":"Defragment","floor":13},{"not_picked":["Rebound","Lockon"],"picked":"Reboot","floor":14},{"not_picked":["Amplify","Creative AI"],"picked":"Electrodynamics","floor":16},{"not_picked":["Sweeping Beam+1","Recycle"],"picked":"Capacitor","floor":18},{"not_picked":["Ball Lightning","Compile Driver"],"picked":"Leap","floor":21},{"not_picked":["Gash+1","Capacitor"],"picked":"Ball Lightning","floor":22},{"not_picked":["Melter","Electrodynamics"],"picked":"Go for the Eyes","floor":28},{"not_picked":["Genetic Algorithm","Turbo","Rebound"],"picked":"SKIP","floor":29},{"not_picked":["Ball Lightning","Leap"],"picked":"Cold Snap","floor":31},{"not_picked":["Gash","Redo"],"picked":"Cold Snap","floor":32},{"not_picked":["Melter","Chaos+1"],"picked":"Compile Driver+1","floor":35},{"not_picked":["Sweeping Beam","Gash","Scrape+1"],"picked":"SKIP","floor":37},{"not_picked":["Scrape","Steam"],"picked":"BootSequence","floor":38},{"not_picked":["Barrage","Streamline+1"],"picked":"Steam","floor":39}],"player_experience":466762,"relics_obtained":[{"floor":7,"key":"Omamori"},{"floor":9,"key":"Pen Nib"},{"floor":14,"key":"Matryoshka"},{"floor":20,"key":"Smiling Mask"},{"floor":20,"key":"Kunai"},{"floor":21,"key":"Red Mask"},{"floor":26,"key":"Dream Catcher"},{"floor":26,"key":"Orichalcum"},{"floor":28,"key":"Ornamental Fan"}],"event_choices":[{"cards_removed":["Strike_B"],"damage_healed":0,"gold_gain":0,"player_choice":"Offered Basic","damage_taken":0,"max_hp_gain":0,"max_hp_loss":0,"event_name":"Bonfire Elementals","floor":2,"gold_loss":0},{"cards_removed":["Strike_B"],"damage_healed":0,"gold_gain":0,"player_choice":"Elegance","damage_taken":0,"max_hp_gain":0,"max_hp_loss":0,"event_name":"Back to Basics","floor":19,"gold_loss":0},{"damage_healed":0,"gold_gain":0,"player_choice":"Fought Bandits","damage_taken":0,"max_hp_gain":0,"max_hp_loss":0,"event_name":"Masked Bandits","floor":21,"gold_loss":0},{"damage_healed":0,"gold_gain":0,"player_choice":"Joined the Cult","damage_taken":6,"max_hp_gain":0,"max_hp_loss":0,"event_name":"Nest","floor":24,"gold_loss":0,"cards_obtained":["RitualDagger"]},{"damage_healed":15,"gold_gain":0,"player_choice":"Writhe","damage_taken":0,"max_hp_gain":0,"max_hp_loss":0,"event_name":"Winding Halls","floor":36,"gold_loss":0,"cards_obtained":["Writhe"]}],"is_beta":false,"boss_relics":[{"not_picked":["Runic Pyramid","Tiny House"],"picked":"Eternal Feather"},{"not_picked":["Fusion Hammer","Calling Bell"],"picked":"Sozu"}],"items_purged_floors":[3,10,30],"is_endless":false,"potions_floor_spawned":[1,13,29,31,35,38],"killed_by":"Giant Head","ascension_level":17}