{"path_per_floor":["M","$","M","M","M","R","E","R","T","R","?","E","?","?","R","B",null,"M","?","?","?","M","E","$","R","T","R","T","E","R","E","R","B",null,"M","M","$","M","M","R","E","R","T","T","R","M","M","E","R","B"],"character_chosen":"THE_SILENT","items_purchased":["Snake Skull","Caltrops","Dodge and Roll","Singing Bowl","Apotheosis"],"gold_per_floor":[112,37,49,65,80,80,115,115,115,115,65,94,94,169,169,272,272,283,183,183,163,177,202,48,48,348,348,348,374,374,405,405,509,509,522,534,10,23,40,40,65,65,65,118,118,133,145,176,176,176],"floor_reached":51,"campfire_rested":6,"playtime":3974,"current_hp_per_floor":[70,70,69,69,66,66,43,43,43,70,70,67,60,49,49,30,60,50,50,50,50,37,11,11,47,47,47,47,32,68,61,61,50,65,60,51,51,25,13,49,22,58,58,58,58,44,21,15,51,11],"items_purged":["Strike_G","Strike_G"],"gold":176,"score":768,"play_id":"a227fd77-53ad-4bc3-b768-fa9b64e98928","is_prod":false,"is_daily":false,"is_ascension_mode":true,"campfire_upgraded":6,"path_taken":["M","$","M","M","M","R","E","R","T","R","?","E","?","?","R","BOSS","M","?","?","?","?","E","$","R","T","R","?","E","R","E","R","BOSS","M","M","$","M","M","R","E","R","T","?","R","M","M","E","R","BOSS"],"build_version":"2018-02-22-PROD2","purchased_purges":2,"victory":true,"master_deck":["Defend_G","Defend_G","Defend_G","Defend_G","Strike_G","Strike_G","Survivor","Neutralize+1","Backflip","Dagger Throw","Flying Knee+1","Adrenaline+1","Leg Sweep+1","Quick Slash+1","Envenom+1","Noxious Fumes+1","Escape Plan+1","Infinite Blades","Regret","Decay","Cloak And Dagger+1","Corpse Explosion","Caltrops","Dodge and Roll","Apotheosis+1","Bullet Time","Escape Plan+1","Adrenaline","Doubt","Doubt","Well Laid Plans","Cloak And Dagger+1"],"max_hp_per_floor":[70,70,70,70,70,70,70,70,70,70,70,70,70,70,70,70,70,70,70,70,70,70,70,70,70,70,70,70,70,70,70,70,70,70,70,70,70,70,70,70,70,70,70,70,70,70,72,72,72,72],"relics":["Ring of the Snake","Regal Pillow","Matryoshka","Happy Flower","Du-Vu Doll","Sundial","Cursed Key","Letter Opener","Pantograph","Snake Skull","Old Coin","Bronze Scales","Bag of Marbles","Vajra","War Paint","Question Card","Singing Bowl","Tough Bandages","Pen Nib","Blue Candle"],"card_choices":[{"not_picked":["Choke","Riddle With Holes"],"picked":"Backflip"},{"not_picked":["Outmaneuver","Poisoned Stab"],"picked":"Dagger Throw"},{"not_picked":["Slice","Acrobatics"],"picked":"Flying Knee"},{"not_picked":["Sucker Punch","Dagger Spray"],"picked":"Adrenaline"},{"not_picked":["Underhanded Strike","Setup"],"picked":"Leg Sweep"},{"not_picked":["Finisher","Deflect"],"picked":"Quick Slash"},{"not_picked":["Night Terror","Burst"],"picked":"Envenom"},{"not_picked":["Malaise","Poisoned Stab"],"picked":"Noxious Fumes"},{"not_picked":["Outmaneuver","Setup"],"picked":"Escape Plan"},{"not_picked":["Bane","Underhanded Strike"],"picked":"Infinite Blades"},{"not_picked":["Poisoned Stab","Acrobatics"],"picked":"Cloak And Dagger"},{"not_picked":["Doppelganger","Tools of the Trade"],"picked":"Corpse Explosion"},{"not_picked":["Slice","Flying Knee","Deflect"],"picked":"Bullet Time"},{"not_picked":["Poisoned Stab","Acrobatics","Expertise"],"picked":"Escape Plan"},{"not_picked":["Bane","Dagger Spray","Poisoned Stab"],"picked":"Adrenaline"},{"not_picked":["Bane","Reflex","Flechettes"],"picked":"Well Laid Plans"},{"not_picked":["Bane","Backflip","Prepared"],"picked":"Cloak And Dagger"}],"player_experience":175763,"potions_floor_usage":[],"damage_taken":[{"damage":0.0,"enemies":"Small Slimes","floor":1.0,"turns":4.0},{"damage":1.0,"enemies":"2 Louse","floor":3.0,"turns":3.0},{"damage":0.0,"enemies":"Jaw Worm","floor":4.0,"turns":4.0},{"damage":3.0,"enemies":"Looter","floor":5.0,"turns":3.0},{"damage":23.0,"enemies":"Lagavulin","floor":7.0,"turns":6.0},{"damage":3.0,"enemies":"Gremlin Nob","floor":12.0,"turns":4.0},{"damage":19.0,"enemies":"Slime Boss","floor":16.0,"turns":10.0},{"damage":10.0,"enemies":"Spheric Guardian","floor":18.0,"turns":4.0},{"damage":13.0,"enemies":"3 Byrds","floor":22.0,"turns":5.0},{"damage":26.0,"enemies":"Slavers","floor":23.0,"turns":7.0},{"damage":15.0,"enemies":"Gremlin Leader","floor":29.0,"turns":5.0},{"damage":7.0,"enemies":"Slavers","floor":31.0,"turns":4.0},{"damage":20.0,"enemies":"Collector","floor":33.0,"turns":6.0},{"damage":5.0,"enemies":"3 Shapes","floor":35.0,"turns":5.0},{"damage":9.0,"enemies":"3 Darklings","floor":36.0,"turns":3.0},{"damage":26.0,"enemies":"Sphere and 2 Shapes","floor":38.0,"turns":4.0},{"damage":12.0,"enemies":"Maw","floor":39.0,"turns":6.0},{"damage":27.0,"enemies":"2 Orb Walkers","floor":41.0,"turns":5.0},{"damage":14.0,"enemies":"4 Shapes","floor":46.0,"turns":4.0},{"damage":25.0,"enemies":"Sphere and 2 Shapes","floor":47.0,"turns":3.0},{"damage":6.0,"enemies":"Giant Head","floor":48.0,"turns":7.0},{"damage":61,"enemies":"Donu and Deca","floor":50,"turns":7}],"event_choices":[{"event_name":"The Cleric","player_choice":"Card Removal","floor":11.0,"damage_taken":0.0},{"event_name":"Golden Wing","player_choice":"Card Removal","floor":13.0,"damage_taken":0.0},{"event_name":"World of Goop","player_choice":"Gather Gold","floor":14.0,"damage_taken":0.0},{"event_name":"Drug Dealer","player_choice":"Got JAXXED","floor":19.0,"damage_taken":0.0},{"event_name":"Addict","player_choice":"Gave JAX","floor":20.0,"damage_taken":0.0},{"event_name":"The Woman in Blue","player_choice":"Bought 1 Potion","floor":21.0,"damage_taken":0.0}],"boss_relics":[],"potions_floor_spawned":[1,12,22,23,35,46],"seed_played":"-5905733148050764239","ascension_level":5,"is_trial":false}