{"path_per_floor":["M","?","M","M","M","R","E","M","T","M","M","?","?","$","R","B",null,"M","$","?","$"],"character_chosen":"IRONCLAD","items_purchased":["Thunderclap","Cleave"],"gold_per_floor":[113,113,124,140,157,157,185,198,198,212,223,223,193,95,95,200,200,220,120,390,239],"floor_reached":22,"campfire_rested":1,"playtime":1700,"current_hp_per_floor":[68,68,74,80,80,80,57,53,53,46,41,25,25,25,49,25,80,61,61,29,29],"items_purged":["Strike_R","Decay","Decay"],"gold":239,"play_id":"26076df7-d534-4c46-877a-f766771e48d9","is_prod":false,"is_daily":false,"is_ascension_mode":false,"campfire_upgraded":1,"path_taken":["M","?","?","M","M","R","E","M","T","M","M","?","?","$","R","BOSS","M","?","?","$","M"],"build_version":"2018-02-01-PROD3","purchased_purges":3,"victory":false,"master_deck":["Strike_R","Strike_R","Strike_R","Defend_R","Defend_R","Defend_R","Defend_R+1","Bash+1","Flex+1","Shrug It Off","Inflame","Dropkick","Perfected Strike","Thunderclap","Offering","Clumsy","Cleave"],"max_hp_per_floor":[80,80,80,80,80,80,80,80,80,80,80,80,80,80,80,80,80,80,80,80,80],"relics":["Burning Blood","Ancient Tea Set","Shovel","Calling Bell","Blood Vial","Prayer Wheel","Orichalcum"],"card_choices":[{"not_picked":["Corruption","Body Slam"],"picked":"Flex"},{"not_picked":["Thunderclap","Power Through"],"picked":"Inflame"},{"not_picked":["Bloodletting","Fire Breathing"],"picked":"Dropkick"},{"not_picked":["Rage","Heavy Blade"],"picked":"Perfected Strike"},{"not_picked":["Reaper","Brutality"],"picked":"Offering"}],"player_experience":21850,"potions_floor_usage":[],"damage_taken":[{"damage":18.0,"enemies":"Blue Slaver","floor":1.0,"turns":5.0},{"damage":0.0,"enemies":"Small Slimes","floor":3.0,"turns":4.0},{"damage":0.0,"enemies":"Jaw Worm","floor":4.0,"turns":4.0},{"damage":1.0,"enemies":"3 Louse","floor":5.0,"turns":6.0},{"damage":29.0,"enemies":"Lagavulin","floor":7.0,"turns":9.0},{"damage":10.0,"enemies":"2 Fungi Beasts","floor":8.0,"turns":5.0},{"damage":13.0,"enemies":"Lots of Slimes","floor":10.0,"turns":6.0},{"damage":11.0,"enemies":"Large Slime","floor":11.0,"turns":8.0},{"damage":30.0,"enemies":"The Guardian","floor":16.0,"turns":12.0},{"damage":25,"enemies":"Chosen","floor":18,"turns":6},{"damage":33,"enemies":"Spheric Guardian","floor":22,"turns":5}],"event_choices":[{"event_name":"Transmorgrifier","player_choice":"Transform","floor":2.0,"damage_taken":0.0},{"event_name":"Shining Light","player_choice":"Entered Light","floor":12.0,"damage_taken":0.0},{"event_name":"World of Goop","player_choice":"Left","floor":13.0,"damage_taken":0.0},{"event_name":"Knowing Skull","player_choice":"GOLD GOLD GOLD ","floor":20,"damage_taken":0}],"boss_relics":[{"not_picked":["Eternal Feather","Orrery"],"picked":"Calling Bell"}],"potions_floor_spawned":[4,7,8,10,18],"seed_played":"2783688997128927632","killed_by":"Spheric Guardian","ascension_level":0,"is_trial":false}