{"gold_per_floor":[116,116,132,132,149,164,195,195,195,205,232,249,249,249,249,322,322,341,352,6,6],"floor_reached":21,"playtime":858,"items_purged":["Strike_R"],"score":340,"play_id":"2bac8311-bb7a-4a5e-8d85-8d374a86cd0f","local_time":"20190322034735","is_ascension_mode":true,"campfire_choices":[{"data":"Body Slam","floor":8,"key":"SMITH"},{"data":"Flame Barrier","floor":15,"key":"SMITH"}],"neow_cost":"NONE","seed_source_timestamp":691537242346037,"circlet_count":0,"master_deck":["AscendersBane","Strike_R+1","Strike_R","Strike_R","Strike_R","Defend_R","Defend_R","Defend_R","Defend_R","Bash+1","Juggernaut","Body Slam+1","Seeing Red","Pain","Flame Barrier+1","Ghostly Armor","Armaments","Rupture+1","Exhume","Disarm"],"relics":["Burning Blood","Singing Bowl","WarpedTongs","Orichalcum","Whetstone","Frozen Egg 2","Paper Frog","Busted Crown","Membership Card","Strawberry"],"potions_floor_usage":[6,6,11,21,21],"damage_taken":[{"damage":11,"enemies":"Cultist","floor":1,"turns":4},{"damage":9,"enemies":"2 Louse","floor":3,"turns":4},{"damage":15,"enemies":"Jaw Worm","floor":5,"turns":4},{"damage":18,"enemies":"2 Fungi Beasts","floor":6,"turns":4},{"damage":16,"enemies":"Lagavulin","floor":7,"turns":7},{"damage":6,"enemies":"Blue Slaver","floor":10,"turns":4},{"damage":16,"enemies":"Gremlin Nob","floor":11,"turns":4},{"damage":14,"enemies":"3 Louse","floor":12,"turns":4},{"damage":12,"enemies":"Hexaghost","floor":16,"turns":9},{"damage":30,"enemies":"3 Byrds","floor":18,"turns":4},{"damage":18,"enemies":"Spheric Guardian","floor":19,"turns":5},{"damage":48,"enemies":"Masked Bandits","floor":21,"turns":4}],"seed_played":"3097439768052953534","potions_obtained":[{"floor":3,"key":"Regen Potion"},{"floor":5,"key":"SteroidPotion"},{"floor":10,"key":"Strength Potion"},{"floor":16,"key":"Fire Potion"},{"floor":19,"key":"FearPotion"}],"is_trial":false,"path_per_floor":["M","T","M","?","M","M","E","R","T","M","E","M","T","?","R","B",null,"M","M","$","?"],"character_chosen":"IRONCLAD","items_purchased":["Membership Card","Strawberry","Disarm"],"campfire_rested":0,"item_purchase_floors":[20,20,20],"current_hp_per_floor":[67,67,64,64,57,57,47,47,47,47,37,31,31,31,31,25,69,47,37,44,0],"gold":6,"neow_bonus":"ONE_RANDOM_RARE_CARD","is_prod":false,"is_daily":false,"chose_seed":false,"campfire_upgraded":2,"win_rate":0,"timestamp":1553194055,"path_taken":["M","?","M","?","M","M","E","R","T","?","E","M","?","?","R","BOSS","M","M","$","?"],"build_version":"2019-01-23","purchased_purges":1,"victory":false,"max_hp_per_floor":[80,80,80,80,82,82,82,82,82,82,82,84,84,84,84,84,84,86,88,95,95],"card_choices":[{"not_picked":["Clothesline","Havoc"],"picked":"Body Slam","floor":1},{"not_picked":["Pummel","Headbutt"],"picked":"Seeing Red","floor":3},{"not_picked":["Warcry","Havoc","Twin Strike"],"picked":"Singing Bowl","floor":5},{"not_picked":["Ghostly Armor","Spot Weakness"],"picked":"Flame Barrier","floor":6},{"not_picked":["Headbutt","Heavy Blade"],"picked":"Ghostly Armor","floor":7},{"not_picked":["Corruption","Bloodletting"],"picked":"Armaments","floor":10},{"not_picked":["Power Through","Anger"],"picked":"Rupture","floor":11},{"not_picked":["Perfected Strike","Pommel Strike","Warcry"],"picked":"Singing Bowl","floor":12},{"not_picked":["Berserk+1","Dark Embrace+1"],"picked":"Exhume","floor":16},{"not_picked":["Thunderclap+1"],"picked":"Singing Bowl","floor":18},{"not_picked":["Headbutt"],"picked":"Singing Bowl","floor":19}],"player_experience":590854,"relics_obtained":[{"floor":2,"key":"Singing Bowl"},{"floor":7,"key":"Orichalcum"},{"floor":9,"key":"Whetstone"},{"floor":11,"key":"Frozen Egg 2"},{"floor":13,"key":"Paper Frog"}],"event_choices":[{"damage_healed":0,"gold_gain":0,"player_choice":"Rummage","damage_taken":0,"relics_obtained":["WarpedTongs"],"max_hp_gain":0,"max_hp_loss":0,"event_name":"Accursed Blacksmith","floor":4,"gold_loss":0,"cards_obtained":["Pain"]},{"damage_healed":0,"gold_gain":0,"player_choice":"Ignored","damage_taken":0,"max_hp_gain":0,"max_hp_loss":0,"event_name":"Liars Game","floor":14,"gold_loss":0},{"damage_healed":0,"gold_gain":0,"player_choice":"Fought Bandits","damage_taken":0,"max_hp_gain":0,"max_hp_loss":0,"event_name":"Masked Bandits","floor":21,"gold_loss":0}],"is_beta":false,"boss_relics":[{"not_picked":["Astrolabe","Fusion Hammer"],"picked":"Busted Crown"}],"items_purged_floors":[20],"is_endless":false,"potions_floor_spawned":[3,5,10,16,19],"killed_by":"Masked Bandits","ascension_level":13}