{"path_per_floor":["M","M","M","M","?","R","M","R","T","?","M","?","M","?","R"],"character_chosen":"THE_SILENT","items_purchased":[],"gold_per_floor":[119,129,144,158,233,233,244,244,244,244,265,265,289,239,239],"floor_reached":16,"campfire_rested":0,"playtime":996,"current_hp_per_floor":[69,67,67,63,52,52,42,42,42,42,42,65,62,62,62],"items_purged":[],"gold":239,"score":113,"play_id":"ed46c1fe-db38-4733-b10b-dd27055e55e6","is_prod":false,"is_daily":false,"is_ascension_mode":true,"campfire_upgraded":3,"path_taken":["M","M","M","M","?","R","M","R","T","?","M","?","M","?","R","BOSS"],"build_version":"2018-02-15-PROD1","purchased_purges":0,"victory":false,"master_deck":["Defend_G","Defend_G","Defend_G","Defend_G","Defend_G","Strike_G","Strike_G","Strike_G","Strike_G","Survivor","Neutralize","Poisoned Stab+1","Cloak And Dagger+1","Backflip","Dagger Throw","Backflip","Cloak And Dagger+1"],"max_hp_per_floor":[70,70,70,70,70,70,70,70,70,65,65,65,65,65,65],"relics":["Ring of the Snake","Dead Branch","Golden Idol"],"card_choices":[{"not_picked":["Dagger Throw","Flying Knee"],"picked":"Poisoned Stab"},{"not_picked":["Crippling Poison","Slice"],"picked":"Cloak And Dagger"},{"not_picked":["Cloak And Dagger","Riddle With Holes"],"picked":"Backflip"},{"not_picked":["Deflect","Deadly Poison"],"picked":"Dagger Throw"},{"not_picked":["Prepared","Tactician"],"picked":"Backflip"},{"not_picked":["Underhanded Strike","PiercingWail"],"picked":"Blade Dance"},{"not_picked":["Dodge and Roll","Underhanded Strike"],"picked":"Cloak And Dagger"}],"player_experience":170044,"potions_floor_usage":[],"damage_taken":[{"damage":1,"enemies":"Jaw Worm","floor":1,"turns":4},{"damage":2,"enemies":"Small Slimes","floor":2,"turns":3},{"damage":0,"enemies":"Cultist","floor":3,"turns":3},{"damage":4,"enemies":"2 Fungi Beasts","floor":4,"turns":4},{"damage":10,"enemies":"Lots of Slimes","floor":7,"turns":6},{"damage":0,"enemies":"Red Slaver","floor":11,"turns":3},{"damage":3,"enemies":"3 Louse","floor":13,"turns":4},{"damage":71,"enemies":"Slime Boss","floor":16,"turns":8}],"event_choices":[{"event_name":"World of Goop","player_choice":"Gather Gold","floor":5,"damage_taken":0},{"event_name":"Golden Idol","player_choice":"Lose Max HP","floor":10,"damage_taken":0},{"event_name":"Bonfire Elementals","player_choice":"UNCOMMON","floor":12,"damage_taken":0},{"event_name":"The Cleric","player_choice":"Card Removal","floor":14,"damage_taken":0}],"boss_relics":[],"potions_floor_spawned":[3,7,11],"seed_played":"5739352524335306840","killed_by":"Slime Boss","ascension_level":4,"is_trial":false}