{"gold_per_floor":[14,33,33,51,71,96,96,129,129,139,139,151,162,196,196,196],"floor_reached":16,"playtime":732,"items_purged":[],"score":130,"play_id":"bc10f432-0de9-43d2-9fbd-3d770ab94b0a","local_time":"20190815222640","is_ascension_mode":true,"campfire_choices":[{"data":"Hyperbeam","floor":7,"key":"SMITH"},{"floor":11,"key":"REST"},{"floor":15,"key":"DIG"}],"neow_cost":"NO_GOLD","seed_source_timestamp":23908810886108,"circlet_count":0,"master_deck":["Strike_B","Strike_B","Strike_B","Defend_B","Defend_B","Defend_B","Defend_B","Zap","Dualcast","Hyperbeam+1","Streamline","Leap","Double Energy","Hologram","Creative AI","Gash","Turbo","Gash"],"relics":["Cracked Core","Shuriken","Emotion Chip","Shovel","WingedGreaves","Bottled Lightning"],"potions_floor_usage":[6,14,16],"damage_taken":[{"damage":1,"enemies":"Jaw Worm","floor":1,"turns":3},{"damage":0,"enemies":"2 Louse","floor":2,"turns":1},{"damage":0,"enemies":"Cultist","floor":4,"turns":2},{"damage":8,"enemies":"Red Slaver","floor":5,"turns":2},{"damage":30,"enemies":"Lagavulin","floor":6,"turns":5},{"damage":14,"enemies":"Gremlin Nob","floor":8,"turns":4},{"damage":0,"enemies":"2 Fungi Beasts","floor":10,"turns":2},{"damage":0,"enemies":"Large Slime","floor":12,"turns":6},{"damage":0,"enemies":"Gremlin Gang","floor":13,"turns":3},{"damage":9,"enemies":"Lagavulin","floor":14,"turns":7},{"damage":36,"enemies":"Hexaghost","floor":16,"turns":9}],"seed_played":"2259020272113679109","potions_obtained":[{"floor":2,"key":"Strength Potion"},{"floor":8,"key":"SpeedPotion"},{"floor":13,"key":"SpeedPotion"},{"floor":14,"key":"Strength Potion"}],"is_trial":false,"path_per_floor":["M","M","?","M","M","E","R","E","T","M","R","M","M","E","R","B"],"character_chosen":"DEFECT","items_purchased":[],"campfire_rested":1,"item_purchase_floors":[],"current_hp_per_floor":[74,74,74,74,66,36,36,22,22,22,44,44,44,35,35,0],"gold":196,"neow_bonus":"THREE_RARE_CARDS","is_prod":false,"is_daily":false,"chose_seed":false,"campfire_upgraded":1,"win_rate":0,"timestamp":1565900800,"path_taken":["M","M","?","M","M","E","R","E","T","M","R","M","M","E","R","BOSS"],"build_version":"2019-07-17","purchased_purges":0,"victory":false,"max_hp_per_floor":[75,75,75,75,75,75,75,75,75,75,75,75,75,75,75,75],"card_choices":[{"not_picked":["Seek","Reboot"],"picked":"Hyperbeam","floor":0},{"not_picked":["Steam","Steam Power"],"picked":"Streamline","floor":1},{"not_picked":["Go for the Eyes","Stack","Ball Lightning"],"picked":"SKIP","floor":2},{"not_picked":["Barrage","Undo"],"picked":"Leap","floor":4},{"not_picked":["Barrage","Reprogram","Glacier"],"picked":"SKIP","floor":5},{"not_picked":["Chaos","Go for the Eyes"],"picked":"Double Energy","floor":6},{"not_picked":["Redo","Gash"],"picked":"Hologram","floor":8},{"not_picked":["Leap","Ball Lightning"],"picked":"Creative AI","floor":10},{"not_picked":["Go for the Eyes","Leap"],"picked":"Gash","floor":12},{"not_picked":["Heatsinks","Hologram"],"picked":"Turbo","floor":13},{"not_picked":["Defragment","Go for the Eyes"],"picked":"Gash","floor":14}],"player_experience":209155,"relics_obtained":[{"floor":6,"key":"Shuriken"},{"floor":8,"key":"Emotion Chip"},{"floor":9,"key":"Shovel"},{"floor":14,"key":"WingedGreaves"},{"floor":15,"key":"Bottled Lightning"}],"event_choices":[{"cards_removed":["Strike_B"],"damage_healed":0,"gold_gain":0,"player_choice":"Forget","damage_taken":0,"max_hp_gain":0,"max_hp_loss":0,"event_name":"Living Wall","floor":3,"gold_loss":0}],"is_beta":false,"boss_relics":[],"items_purged_floors":[],"is_endless":false,"potions_floor_spawned":[2,8,13,14],"killed_by":"Hexaghost","ascension_level":1}