{"gold_per_floor":[116,116,132,150,71,71,99,24,49,49,124,1,1,35,35,111,111,123,52,71,89,14,14,40,54,99,111,111,144,144,155,155,229,229,248,31,83,83,103,103,103,128,197,224,236,236],"floor_reached":46,"playtime":3341,"items_purged":["Strike_G"],"score":865,"play_id":"e0af3131-82b3-4ffc-828f-f43a9401d026","local_time":"20181213154325","is_ascension_mode":true,"campfire_choices":[{"data":"Noxious Fumes","floor":6.0,"key":"SMITH"},{"floor":10.0,"key":"REST"},{"floor":15.0,"key":"REST"},{"floor":23.0,"key":"REST"},{"floor":28.0,"key":"REST"},{"data":"Footwork","floor":32.0,"key":"SMITH"},{"floor":40,"key":"REST"}],"neow_cost":"NONE","seed_source_timestamp":0,"circlet_count":0,"master_deck":["AscendersBane","Defend_G","Defend_G","Defend_G+1","Defend_G","Defend_G","Strike_G","Strike_G","Strike_G","Survivor","Neutralize","PiercingWail","Quick Slash","Noxious Fumes+1","Footwork","Dodge and Roll","Deflect","Tools of the Trade","Noxious Fumes+1","Footwork+1","Sucker Punch","Catalyst","Die Die Die","PiercingWail","Slice","Dodge and Roll","Caltrops+1","Corpse Explosion","Footwork","PiercingWail+1","Reflex+1","Acrobatics","Dash"],"special_seed":0,"relics":["Ring of the Snake","NeowsBlessing","Snake Skull","Art of War","Bronze Scales","Eternal Feather","Blood Vial","Mercury Hourglass","Fusion Hammer","Anchor","Pocketwatch","GremlinMask","Happy Flower","Shuriken","Question Card"],"potions_floor_usage":[37,45],"damage_taken":[{"damage":0.0,"enemies":"Jaw Worm","floor":1.0,"turns":1.0},{"damage":0.0,"enemies":"Cultist","floor":3.0,"turns":1.0},{"damage":0.0,"enemies":"2 Louse","floor":4.0,"turns":1.0},{"damage":29.0,"enemies":"3 Sentries","floor":7.0,"turns":8.0},{"damage":47.0,"enemies":"Gremlin Nob","floor":14.0,"turns":6.0},{"damage":10.0,"enemies":"Hexaghost","floor":16.0,"turns":11.0},{"damage":7.0,"enemies":"Shell Parasite","floor":18.0,"turns":8.0},{"damage":2.0,"enemies":"3 Byrds","floor":20.0,"turns":3.0},{"damage":17.0,"enemies":"Shelled Parasite and Fungi","floor":21.0,"turns":6.0},{"damage":32.0,"enemies":"Book of Stabbing","floor":24.0,"turns":6.0},{"damage":23.0,"enemies":"3 Cultists","floor":25.0,"turns":5.0},{"damage":2.0,"enemies":"Sentry and Sphere","floor":27.0,"turns":5.0},{"damage":26.0,"enemies":"Gremlin Leader","floor":29.0,"turns":7.0},{"damage":8.0,"enemies":"Cultist and Chosen","floor":31.0,"turns":4.0},{"damage":30.0,"enemies":"Collector","floor":33.0,"turns":9.0},{"damage":15,"enemies":"3 Darklings","floor":35,"turns":4},{"damage":37,"enemies":"2 Orb Walkers","floor":37,"turns":5},{"damage":6,"enemies":"Orb Walker","floor":39,"turns":4},{"damage":9,"enemies":"Reptomancer","floor":42,"turns":7},{"damage":8,"enemies":"Giant Head","floor":44,"turns":10},{"damage":19,"enemies":"Transient","floor":45,"turns":5},{"damage":32,"enemies":"Spire Growth","floor":46,"turns":5}],"seed_played":"-2241830948272476959","potions_obtained":[{"floor":1.0,"key":"Swift Potion"},{"floor":2.0,"key":"Dexterity Potion"},{"floor":2.0,"key":"FairyPotion"},{"floor":14.0,"key":"Explosive Potion"},{"floor":16.0,"key":"Fruit Juice"},{"floor":20.0,"key":"GamblersBrew"},{"floor":21.0,"key":"SteroidPotion"},{"floor":31.0,"key":"Dexterity Potion"},{"floor":33.0,"key":"Dexterity Potion"},{"floor":35,"key":"Weak Potion"},{"floor":39,"key":"GhostInAJar"},{"floor":45,"key":"Explosive Potion"}],"is_trial":false,"path_per_floor":["M","?","M","M","$","R","E","$","T","R","?","$","?","E","R","B",null,"M","$","M","M","?","R","E","M","T","M","R","E","?","M","R","B",null,"M","$","?","?","M","R","?","E","T","E","M","M"],"character_chosen":"THE_SILENT","items_purchased":["Noxious Fumes","Footwork","Dodge and Roll","Footwork","Footwork","Anchor"],"campfire_rested":5,"item_purchase_floors":[5,12,12,19,36,36],"current_hp_per_floor":[63,63,63,63,63,63,34,34,34,55,44,44,30,7,28,18,57,50,50,48,36,36,70,38,17,17,17,54,30,55,49,64,36,65,52,52,17,17,13,53,53,46,46,40,23,0],"gold":236,"neow_bonus":"THREE_ENEMY_KILL","is_prod":false,"is_daily":false,"chose_seed":false,"campfire_upgraded":2,"win_rate":0,"timestamp":1544712205,"path_taken":["M","?","M","?","$","R","E","$","T","R","?","$","?","E","R","BOSS","M","$","M","M","?","R","E","M","T","M","R","E","?","M","R","BOSS","M","$","?","?","?","R","?","E","T","E","M","M"],"build_version":"2018-12-06","purchased_purges":1,"victory":false,"max_hp_per_floor":[70,70,70,70,70,70,70,70,70,70,70,70,70,70,70,70,70,70,70,70,75,75,75,75,75,75,75,75,75,75,75,75,75,75,75,75,75,75,75,75,75,75,75,75,75,75],"card_choices":[{"not_picked":["Heel Hook","Finisher","Acrobatics"],"picked":"SKIP","floor":1.0},{"not_picked":["Underhanded Strike","Dagger Throw"],"picked":"PiercingWail","floor":3.0},{"not_picked":["Reflex","PiercingWail"],"picked":"Quick Slash","floor":4.0},{"not_picked":["Blade Dance","Venomology"],"picked":"Flying Knee","floor":7.0},{"not_picked":["Outmaneuver","Acrobatics"],"picked":"Deflect","floor":14.0},{"not_picked":["Die Die Die","Grand Finale"],"picked":"Tools of the Trade","floor":16.0},{"not_picked":["Blade Dance","Crippling Poison"],"picked":"Noxious Fumes+1","floor":18.0},{"not_picked":["Slice","Masterful Stab+1"],"picked":"Sucker Punch","floor":20.0},{"not_picked":["Quick Slash","Distraction"],"picked":"Catalyst","floor":21.0},{"not_picked":["Caltrops","Masterful Stab"],"picked":"Die Die Die","floor":24.0},{"not_picked":["Infinite Blades","Accuracy"],"picked":"PiercingWail","floor":25.0},{"not_picked":["Heel Hook","Eviscerate"],"picked":"Slice","floor":27.0},{"not_picked":["Bane","Terror"],"picked":"Dodge and Roll","floor":29.0},{"not_picked":["Riddle With Holes","Blade Dance"],"picked":"Caltrops+1","floor":31.0},{"not_picked":["Phantasmal Killer","Venomology"],"picked":"Corpse Explosion","floor":33.0},{"not_picked":["Bane","Sucker Punch","Dagger Spray+1"],"picked":"SKIP","floor":35},{"not_picked":["Acrobatics","Dagger Throw+1"],"picked":"PiercingWail+1","floor":37},{"not_picked":["Endless Agony","Sucker Punch"],"picked":"Reflex+1","floor":39},{"not_picked":["Prepared","Poisoned Stab"],"picked":"Acrobatics","floor":42},{"not_picked":["Dagger Spray","Grand Finale"],"picked":"Dash","floor":44},{"not_picked":["Poisoned Stab","Outmaneuver","Acrobatics","Eviscerate"],"picked":"SKIP","floor":45}],"player_experience":337724,"relics_obtained":[{"floor":7.0,"key":"Snake Skull"},{"floor":9.0,"key":"Art of War"},{"floor":14.0,"key":"Bronze Scales"},{"floor":24.0,"key":"Blood Vial"},{"floor":29.0,"key":"Mercury Hourglass"},{"floor":37,"key":"Pocketwatch"},{"floor":42,"key":"Happy Flower"},{"floor":43,"key":"Shuriken"},{"floor":44,"key":"Question Card"}],"event_choices":[{"damage_healed":0.0,"max_hp_gain":0.0,"max_hp_loss":0.0,"gold_gain":0.0,"event_name":"Lab","player_choice":"Got Potions","floor":2.0,"gold_loss":0.0,"damage_taken":0.0},{"damage_healed":0.0,"max_hp_gain":0.0,"max_hp_loss":0.0,"gold_gain":75.0,"event_name":"World of Goop","player_choice":"Gather Gold","floor":11.0,"gold_loss":0.0,"damage_taken":11.0},{"damage_healed":0.0,"max_hp_gain":0.0,"max_hp_loss":0.0,"gold_gain":0.0,"event_name":"Shining Light","player_choice":"Entered Light","floor":13.0,"gold_loss":0.0,"damage_taken":14.0,"cards_upgraded":["Flying Knee","Defend_G"]},{"cards_removed":["Strike_G"],"damage_healed":0.0,"max_hp_gain":0.0,"max_hp_loss":0.0,"gold_gain":0.0,"event_name":"Beggar","player_choice":"Gave Gold","floor":22.0,"gold_loss":75.0,"damage_taken":0.0},{"damage_healed":25.0,"max_hp_gain":0.0,"max_hp_loss":0.0,"gold_gain":0.0,"event_name":"The Library","player_choice":"Heal","floor":30.0,"gold_loss":0.0,"damage_taken":0.0},{"damage_healed":0,"gold_gain":0,"player_choice":"Fight","damage_taken":0,"max_hp_gain":0,"max_hp_loss":0,"event_name":"Mysterious Sphere","floor":37,"gold_loss":0},{"damage_healed":0,"gold_gain":0,"player_choice":"Trade","damage_taken":0,"relics_obtained":["GremlinMask"],"max_hp_gain":0,"max_hp_loss":0,"event_name":"FaceTrader","floor":38,"gold_loss":0},{"cards_removed":["Flying Knee"],"damage_healed":0,"gold_gain":0,"player_choice":"Removed Attack","damage_taken":0,"max_hp_gain":0,"max_hp_loss":0,"event_name":"Falling","floor":41,"gold_loss":0}],"is_beta":false,"boss_relics":[{"not_picked":["Runic Dome","Coffee Dripper"],"picked":"Eternal Feather"},{"not_picked":["Astrolabe","Empty Cage"],"picked":"Fusion Hammer"}],"items_purged_floors":[8],"is_endless":false,"potions_floor_spawned":[1,4,14,16,20,21,31,33,35,39,45],"killed_by":"Spire Growth","ascension_level":13}