{"gold_per_floor":[14,14,32,48,66,66,105,119,142,217,217,242,242,95,95,214,214,234,234,234,208,208,208,248,263,263,263,263,39,63,81,81,212,212,225,125,143,164,178,178,201,214,238,256,256,256,256,291,291,291,291,291,28,62,62],"floor_reached":55,"playtime":5088,"items_purged":["Scrape","Strike_B"],"score":746,"play_id":"c2a0bc4d-928e-4d94-8e71-641eb55d6c86","local_time":"20190727193442","is_ascension_mode":false,"campfire_choices":[{"data":"Streamline","floor":6,"key":"SMITH"},{"floor":11,"key":"REST"},{"data":"Melter","floor":13,"key":"SMITH"},{"data":"Seek","floor":15,"key":"SMITH"},{"data":"Hello World","floor":23,"key":"SMITH"},{"floor":28,"key":"REST"},{"data":"Blizzard","floor":32,"key":"SMITH"},{"floor":40,"key":"REST"},{"floor":45,"key":"RECALL"},{"data":"Buffer","floor":47,"key":"SMITH"},{"data":"Creative AI","floor":49,"key":"SMITH"},{"data":"Rainbow","floor":52,"key":"SMITH"}],"neow_cost":"NO_GOLD","seed_source_timestamp":3612729587787,"circlet_count":0,"master_deck":["Defend_B","Defend_B","Defend_B","Defend_B","Zap+1","Dualcast+1","Streamline+1","Reinforced Body","Capacitor","Capacitor","Coolheaded","Cold Snap","Self Repair","Melter+1","Seek+1","Rainbow+1","Skim","Core Surge","Coolheaded","BootSequence","Conserve Battery","Chill","RitualDagger","Hello World+1","Chill","Core Surge","Compile Driver","Ghostly","Ghostly","Ghostly","Ghostly","Ghostly","Self Repair","Blizzard+1","Creative AI+1","Tempest+1","Consume+1","Turbo","Turbo+1","Buffer+1","Hologram+1","Echo Form","Glacier+1"],"relics":["Cracked Core","Golden Idol","Bag of Marbles","Orrery","Orichalcum","Blood Vial","Lantern","Philosopher\u0027s Stone","War Paint","Dream Catcher","Strawberry"],"potions_floor_usage":[7,21,24,24,24,33,38,38,44,54,55,55,55],"damage_taken":[{"damage":1,"enemies":"2 Louse","floor":1,"turns":2},{"damage":0,"enemies":"Small Slimes","floor":3,"turns":3},{"damage":4,"enemies":"Jaw Worm","floor":4,"turns":4},{"damage":14,"enemies":"3 Louse","floor":5,"turns":3},{"damage":3,"enemies":"Gremlin Nob","floor":7,"turns":4},{"damage":5,"enemies":"Exordium Wildlife","floor":8,"turns":3},{"damage":4,"enemies":"2 Fungi Beasts","floor":12,"turns":3},{"damage":17,"enemies":"The Guardian","floor":16,"turns":12},{"damage":6,"enemies":"Shell Parasite","floor":18,"turns":5},{"damage":5,"enemies":"2 Thieves","floor":21,"turns":5},{"damage":62,"enemies":"Book of Stabbing","floor":24,"turns":10},{"damage":7,"enemies":"Chosen and Byrds","floor":25,"turns":7},{"damage":0,"enemies":"Shelled Parasite and Fungi","floor":30,"turns":6},{"damage":0,"enemies":"Sentry and Sphere","floor":31,"turns":4},{"damage":35,"enemies":"Collector","floor":33,"turns":14},{"damage":17,"enemies":"3 Shapes","floor":35,"turns":9},{"damage":6,"enemies":"3 Darklings","floor":37,"turns":8},{"damage":4,"enemies":"Transient","floor":38,"turns":5},{"damage":21,"enemies":"Jaw Worm Horde","floor":39,"turns":5},{"damage":3,"enemies":"4 Shapes","floor":41,"turns":6},{"damage":0,"enemies":"Maw","floor":42,"turns":8},{"damage":0,"enemies":"Transient","floor":44,"turns":5},{"damage":2,"enemies":"Giant Head","floor":48,"turns":10},{"damage":7,"enemies":"Time Eater","floor":50,"turns":13},{"damage":10,"enemies":"Shield and Spear","floor":54,"turns":10},{"damage":44,"enemies":"The Heart","floor":55,"turns":3}],"seed_played":"-6287741216826723703","potions_obtained":[{"floor":1,"key":"AttackPotion"},{"floor":3,"key":"Block Potion"},{"floor":7,"key":"SkillPotion"},{"floor":8,"key":"Energy Potion"},{"floor":21,"key":"EntropicBrew"},{"floor":25,"key":"PowerPotion"},{"floor":31,"key":"Block Potion"},{"floor":35,"key":"Ancient Potion"},{"floor":37,"key":"Weak Potion"},{"floor":41,"key":"Swift Potion"},{"floor":44,"key":"Fire Potion"},{"floor":54,"key":"LiquidBronze"}],"is_trial":false,"path_per_floor":["M","?","M","M","M","R","E","M","T","?","R","M","R","$","R","B",null,"M","?","?","M","?","R","E","M","T","?","R","$","M","M","R","B",null,"M","$","M","M","M","R","M","M","T","M","R","?","R","E","R","B",null,"R","$","E","B"],"character_chosen":"DEFECT","items_purchased":["Seek","Lantern","Self Repair","Echo Form","FocusPotion","Swift Potion"],"campfire_rested":3,"item_purchase_floors":[14,29,29,53,53,53],"current_hp_per_floor":[74,56,56,52,38,38,35,30,30,19,41,44,44,44,44,34,75,69,63,63,65,65,65,10,10,10,10,21,21,30,37,37,2,37,27,27,30,35,16,27,33,35,35,37,37,37,37,37,37,30,37,37,37,44,0],"gold":62,"neow_bonus":"TRANSFORM_TWO_CARDS","is_prod":false,"is_daily":false,"chose_seed":false,"campfire_upgraded":8,"win_rate":0,"timestamp":1564248882,"path_taken":["M","?","M","M","M","R","E","M","T","?","R","M","R","?","R","BOSS","M","?","?","M","?","R","E","M","T","?","R","?","M","M","R","BOSS","M","$","M","?","M","R","M","M","T","M","R","?","R","E","R","BOSS","R","$","E","BOSS"],"build_version":"2019-07-17","purchased_purges":2,"victory":false,"max_hp_per_floor":[75,75,75,75,75,75,75,75,75,75,75,75,75,75,75,75,75,75,75,75,75,75,75,75,75,75,37,37,37,37,37,37,37,37,37,37,37,37,37,37,37,37,37,37,37,37,37,37,37,37,37,37,37,44,44],"card_choices":[{"not_picked":["Rip and Tear","Streamline"],"picked":"Reinforced Body","floor":1},{"not_picked":["Storm","Hologram"],"picked":"Capacitor","floor":3},{"not_picked":["Hello World","Steam"],"picked":"Capacitor","floor":4},{"not_picked":["Reinforced Body","Storm"],"picked":"Coolheaded","floor":5},{"not_picked":["Capacitor","Loop"],"picked":"Cold Snap","floor":7},{"not_picked":["Compile Driver","Hologram"],"picked":"Self Repair","floor":8},{"not_picked":["Barrage","Hologram"],"picked":"Melter","floor":12},{"not_picked":["Machine Learning","Multi-Cast"],"picked":"Rainbow","floor":16},{"not_picked":["Hologram","Loop"],"picked":"Skim","floor":17},{"not_picked":["Sweeping Beam","Gash"],"picked":"Core Surge","floor":17},{"not_picked":["Streamline","Steam"],"picked":"Coolheaded","floor":17},{"not_picked":["Scrape","Turbo"],"picked":"BootSequence","floor":17},{"not_picked":["Stack","Sweeping Beam"],"picked":"Conserve Battery","floor":17},{"not_picked":["Beam Cell","Blizzard"],"picked":"Chill","floor":18},{"not_picked":["Leap","Turbo+1"],"picked":"Hello World","floor":21},{"not_picked":["Leap","Ball Lightning+1"],"picked":"Core Surge","floor":24},{"not_picked":["Fusion","Chaos"],"picked":"Compile Driver","floor":25},{"not_picked":["Steam","Go for the Eyes","Coolheaded+1"],"picked":"SKIP","floor":30},{"not_picked":["Conserve Battery","Heatsinks"],"picked":"Blizzard","floor":31},{"not_picked":["Hyperbeam","Thunder Strike"],"picked":"Creative AI","floor":33},{"not_picked":["Heatsinks","Coolheaded"],"picked":"Tempest+1","floor":35},{"not_picked":["Streamline","Hologram+1"],"picked":"Consume+1","floor":37},{"not_picked":["Skim","Coolheaded"],"picked":"Turbo","floor":38},{"not_picked":["Compile Driver","Reinforced Body"],"picked":"Turbo+1","floor":39},{"not_picked":["Rebound+1","Capacitor+1","Storm"],"picked":"SKIP","floor":41},{"not_picked":["Fusion+1","Loop","Streamline+1"],"picked":"SKIP","floor":42},{"not_picked":["Steam Power","Steam"],"picked":"Buffer","floor":44},{"not_picked":["Genetic Algorithm+1","Streamline+1"],"picked":"Hologram+1","floor":48},{"not_picked":["Gash+1","Turbo"],"picked":"Glacier+1","floor":54}],"player_experience":135782,"relics_obtained":[{"floor":7,"key":"Bag of Marbles"},{"floor":24,"key":"Orichalcum"},{"floor":26,"key":"Blood Vial"},{"floor":43,"key":"War Paint"},{"floor":48,"key":"Dream Catcher"},{"floor":54,"key":"Strawberry"}],"event_choices":[{"damage_healed":0,"gold_gain":0,"player_choice":"Take Damage","damage_taken":18,"relics_obtained":["Golden Idol"],"max_hp_gain":0,"max_hp_loss":0,"event_name":"Golden Idol","floor":2,"gold_loss":0},{"damage_healed":0,"gold_gain":75,"player_choice":"Gather Gold","damage_taken":11,"max_hp_gain":0,"max_hp_loss":0,"event_name":"World of Goop","floor":10,"gold_loss":0},{"damage_healed":0,"gold_gain":0,"player_choice":"Joined the Cult","damage_taken":6,"max_hp_gain":0,"max_hp_loss":0,"event_name":"Nest","floor":19,"gold_loss":0,"cards_obtained":["RitualDagger"]},{"cards_removed":["Strike_B"],"damage_healed":0,"gold_gain":0,"player_choice":"Elegance","damage_taken":0,"max_hp_gain":0,"max_hp_loss":0,"event_name":"Back to Basics","floor":20,"gold_loss":0},{"damage_healed":0,"gold_gain":0,"player_choice":"Read","damage_taken":0,"max_hp_gain":0,"max_hp_loss":0,"event_name":"The Library","floor":22,"gold_loss":0,"cards_obtained":["Chill"]},{"damage_healed":0,"gold_gain":0,"player_choice":"Became a Ghost","damage_taken":0,"max_hp_gain":0,"max_hp_loss":38,"event_name":"Ghosts","floor":27,"gold_loss":0,"cards_obtained":["Ghostly","Ghostly","Ghostly","Ghostly","Ghostly"]},{"damage_healed":0,"gold_gain":0,"player_choice":"Ignored","damage_taken":0,"max_hp_gain":0,"max_hp_loss":0,"event_name":"Tomb of Lord Red Mask","floor":46,"gold_loss":0}],"is_beta":false,"boss_relics":[{"not_picked":["Inserter","Runic Dome"],"picked":"Orrery"},{"not_picked":["Black Star","Nuclear Battery"],"picked":"Philosopher\u0027s Stone"}],"items_purged_floors":[14,36],"is_endless":false,"potions_floor_spawned":[1,3,7,8,18,21,25,31,35,37,41,44,54],"killed_by":"The Heart","ascension_level":0}