{"gold_per_floor":[110,32,32,48,68,68,96,96,96,15,31,41,74,84,84,185,185,199,199,199,199,199,199,228,228,228,228,239,253,284,42,42,141,141,155,76,93,109,109],"floor_reached":39,"playtime":2952,"items_purged":["Strike_B"],"score":566,"play_id":"f2cca1bf-1882-4b00-b621-3ed3806f6153","local_time":"20181216190520","is_ascension_mode":true,"campfire_choices":[{"data":"Loop","floor":6,"key":"SMITH"},{"data":"Zap","floor":8,"key":"SMITH"},{"floor":15,"key":"REST"},{"data":"Loop","floor":23,"key":"SMITH"},{"data":"Echo Form","floor":25,"key":"SMITH"},{"data":"Coolheaded","floor":27,"key":"SMITH"},{"data":"Capacitor","floor":32,"key":"SMITH"}],"neow_cost":"NONE","seed_source_timestamp":364982943312164,"circlet_count":0,"master_deck":["Strike_B","Strike_B","Defend_B","Defend_B","Defend_B","Defend_B","Zap+1","Dualcast","Coolheaded+1","Rip and Tear","Loop+1","Coolheaded","Self Repair","Compile Driver","Capacitor+1","Leap","Loop+1","Force Field","Echo Form+1","Barrage","Cold Snap","Fusion+1","Coolheaded+1","Self Repair","Blizzard","Hologram+1","Ball Lightning","Echo Form","Undo+1","Defragment","Cold Snap+1"],"relics":["Cracked Core","Boot","Odd Mushroom","Bird Faced Urn","Kunai","Velvet Choker","Enchiridion","Toxic Egg 2","Question Card","Blood Vial","Sozu"],"potions_floor_usage":[7,14,33],"damage_taken":[{"damage":2,"enemies":"Small Slimes","floor":1,"turns":3},{"damage":2,"enemies":"2 Louse","floor":4,"turns":2},{"damage":2,"enemies":"Jaw Worm","floor":5,"turns":3},{"damage":13,"enemies":"The Mushroom Lair","floor":7,"turns":3},{"damage":8,"enemies":"Looter","floor":11,"turns":4},{"damage":11,"enemies":"Large Slime","floor":12,"turns":5},{"damage":16,"enemies":"Lagavulin","floor":13,"turns":6},{"damage":18,"enemies":"Exordium Wildlife","floor":14,"turns":5},{"damage":35,"enemies":"Slime Boss","floor":16,"turns":11},{"damage":13,"enemies":"Shell Parasite","floor":18,"turns":7},{"damage":42,"enemies":"Gremlin Leader","floor":24,"turns":6},{"damage":11,"enemies":"Spheric Guardian","floor":28,"turns":6},{"damage":7,"enemies":"Shelled Parasite and Fungi","floor":29,"turns":9},{"damage":50,"enemies":"Book of Stabbing","floor":30,"turns":7},{"damage":61,"enemies":"Collector","floor":33,"turns":11},{"damage":21,"enemies":"3 Darklings","floor":35,"turns":7},{"damage":24,"enemies":"Orb Walker","floor":37,"turns":5},{"damage":70,"enemies":"Jaw Worm Horde","floor":38,"turns":7},{"damage":100,"enemies":"2 Orb Walkers","floor":39,"turns":6}],"seed_played":"8662840383285185046","potions_obtained":[{"floor":5,"key":"Fire Potion"},{"floor":11,"key":"Regen Potion"},{"floor":14,"key":"FearPotion"},{"floor":16,"key":"Regen Potion"},{"floor":29,"key":"Poison Potion"},{"floor":30,"key":"EssenceOfSteel"},{"floor":33,"key":"SteroidPotion"}],"is_trial":false,"path_per_floor":["M","$","?","M","M","R","?","R","T","$","M","M","E","M","R","B",null,"M","?","T","?","?","R","E","R","T","R","M","M","E","$","R","B",null,"M","$","M","M","?"],"character_chosen":"DEFECT","items_purchased":["Rip and Tear","Self Repair","Compile Driver","Hologram+1","Ball Lightning","FairyPotion","Defragment"],"campfire_rested":1,"item_purchase_floors":[2,10,10,31,31,31,36],"current_hp_per_floor":[66,66,59,57,55,55,42,42,42,42,45,47,44,46,68,47,68,75,59,59,59,59,59,38,38,38,38,46,67,56,56,56,51,69,75,75,75,51,0],"gold":109,"neow_bonus":"RANDOM_COMMON_RELIC","is_prod":false,"is_daily":false,"chose_seed":false,"campfire_upgraded":6,"win_rate":0,"timestamp":1544983520,"path_taken":["M","$","?","M","M","R","?","R","T","$","M","M","E","M","R","BOSS","M","?","?","?","?","R","E","R","T","R","?","M","E","$","R","BOSS","M","$","M","M","?"],"build_version":"2018-12-13","purchased_purges":1,"victory":false,"max_hp_per_floor":[75,75,75,75,75,75,75,75,75,75,75,75,75,75,75,75,75,75,75,75,75,75,75,75,75,75,75,75,75,75,75,75,75,75,75,75,75,75,75],"card_choices":[{"not_picked":["Barrage","Leap"],"picked":"Coolheaded","floor":1},{"not_picked":["Steam","Coolheaded"],"picked":"Loop","floor":4},{"not_picked":["Rebound","Steam Power","Streamline"],"picked":"SKIP","floor":5},{"not_picked":["Gash","Undo"],"picked":"Coolheaded","floor":7},{"not_picked":["Turbo","Reinforced Body"],"picked":"Capacitor","floor":11},{"not_picked":["Hello World","Sunder"],"picked":"Leap","floor":12},{"not_picked":["Reboot","Cold Snap"],"picked":"Loop","floor":13},{"not_picked":["Streamline","Steam Power"],"picked":"Force Field","floor":14},{"not_picked":["Meteor Strike","Rainbow"],"picked":"Echo Form","floor":16},{"not_picked":["Static Discharge","Go for the Eyes"],"picked":"Barrage","floor":18},{"not_picked":["Conserve Battery","Hologram"],"picked":"Fusion","floor":24},{"not_picked":["Turbo+1","Go for the Eyes+1","Fission+1"],"picked":"Coolheaded+1","floor":28},{"not_picked":["FTL","Scrape","Conserve Battery+1"],"picked":"Self Repair","floor":29},{"not_picked":["Rebound+1","Go for the Eyes+1","Sweeping Beam"],"picked":"Blizzard","floor":30},{"not_picked":["Core Surge","Multi-Cast+1","Fission+1"],"picked":"Echo Form","floor":33},{"not_picked":["BootSequence+1","Hello World+1","Turbo+1"],"picked":"Undo+1","floor":35},{"not_picked":["Ball Lightning","Rebound+1","Doom and Gloom","Recycle+1"],"picked":"SKIP","floor":37},{"not_picked":["Streamline+1","Rebound","Beam Cell"],"picked":"Cold Snap+1","floor":38}],"player_experience":369455,"relics_obtained":[{"floor":7,"key":"Odd Mushroom"},{"floor":9,"key":"Bird Faced Urn"},{"floor":13,"key":"Kunai"},{"floor":19,"key":"Enchiridion"},{"floor":24,"key":"Toxic Egg 2"},{"floor":26,"key":"Question Card"},{"floor":30,"key":"Blood Vial"}],"event_choices":[{"cards_removed":["Strike_B"],"damage_healed":0,"gold_gain":0,"player_choice":"Card Removal","damage_taken":7,"max_hp_gain":0,"max_hp_loss":0,"event_name":"Golden Wing","floor":3,"gold_loss":0},{"damage_healed":0,"gold_gain":0,"player_choice":"Fought Mushrooms","damage_taken":0,"max_hp_gain":0,"max_hp_loss":0,"event_name":"Mushrooms","floor":7,"gold_loss":0},{"damage_healed":0,"gold_gain":0,"player_choice":"Obtained Book","damage_taken":16,"max_hp_gain":0,"max_hp_loss":0,"event_name":"Cursed Tome","floor":19,"gold_loss":0},{"damage_healed":0,"gold_gain":0,"player_choice":"Ignored","damage_taken":0,"max_hp_gain":0,"max_hp_loss":0,"event_name":"Ghosts","floor":21,"gold_loss":0},{"damage_healed":0,"gold_gain":0,"player_choice":"Read","damage_taken":0,"max_hp_gain":0,"max_hp_loss":0,"event_name":"The Library","floor":22,"gold_loss":0,"cards_obtained":["Cold Snap"]},{"damage_healed":0,"gold_gain":0,"player_choice":"Fight","damage_taken":0,"max_hp_gain":0,"max_hp_loss":0,"event_name":"Mysterious Sphere","floor":39,"gold_loss":0}],"is_beta":false,"boss_relics":[{"not_picked":["Inserter","Tiny House"],"picked":"Velvet Choker"},{"not_picked":["Runic Dome","Busted Crown"],"picked":"Sozu"}],"items_purged_floors":[31],"is_endless":false,"potions_floor_spawned":[5,11,14,16,29,30,33,35,37],"killed_by":"2 Orb Walkers","ascension_level":7}