{"gold_per_floor":[117,131,142,142,161,195,195,195,495,495,104,134,146,146,146,251,251,271,271,290,290],"floor_reached":21,"playtime":851,"items_purged":["Strike_R"],"score":302,"play_id":"e1cc4f82-6e2c-4c5f-ae04-cab17855c60f","local_time":"20190320015445","is_ascension_mode":true,"campfire_choices":[{"data":"Body Slam","floor":7,"key":"SMITH"},{"data":"Clothesline","floor":15,"key":"SMITH"}],"neow_cost":"NONE","seed_source_timestamp":511977981789399,"circlet_count":0,"master_deck":["AscendersBane","Strike_R","Strike_R","Strike_R","Defend_R","Defend_R","Defend_R","Defend_R","Bash","Shrug It Off","Body Slam+1","Rampage","Clothesline+1","Seeing Red","Thunderclap","Searing Blow","Infernal Blade+1","Flex+1","Parasite","Feed"],"relics":["Burning Blood","Singing Bowl","WingedGreaves","Old Coin","Toxic Egg 2","Bronze Scales","Mark of Pain"],"potions_floor_usage":[2,5,16],"damage_taken":[{"damage":2,"enemies":"Cultist","floor":1,"turns":4},{"damage":7,"enemies":"Small Slimes","floor":2,"turns":4},{"damage":12,"enemies":"Jaw Worm","floor":3,"turns":4},{"damage":10,"enemies":"Large Slime","floor":5,"turns":5},{"damage":42,"enemies":"Lagavulin","floor":6,"turns":7},{"damage":25,"enemies":"3 Sentries","floor":12,"turns":8},{"damage":5,"enemies":"Lots of Slimes","floor":13,"turns":4},{"damage":25,"enemies":"Hexaghost","floor":16,"turns":9},{"damage":25,"enemies":"Spheric Guardian","floor":18,"turns":4},{"damage":15,"enemies":"2 Thieves","floor":20,"turns":4},{"damage":60,"enemies":"Shelled Parasite and Fungi","floor":21,"turns":5}],"seed_played":"2581031358904323187","potions_obtained":[{"floor":1,"key":"Ancient Potion"},{"floor":2,"key":"Swift Potion"},{"floor":13,"key":"FearPotion"}],"is_trial":false,"path_per_floor":["M","M","M","?","M","E","R","?","T","?","$","E","M","?","R","B",null,"M","?","M","M"],"character_chosen":"IRONCLAD","items_purchased":["Toxic Egg 2","Infernal Blade+1"],"campfire_rested":0,"item_purchase_floors":[11,11],"current_hp_per_floor":[76,75,69,69,65,29,29,34,34,34,34,15,18,39,39,20,70,53,53,46,0],"gold":290,"neow_bonus":"THREE_CARDS","is_prod":false,"is_daily":false,"chose_seed":false,"campfire_upgraded":2,"win_rate":0,"timestamp":1553014485,"path_taken":["M","?","M","?","?","E","R","?","T","?","$","E","?","?","R","BOSS","M","?","?","M"],"build_version":"2019-01-23","purchased_purges":1,"victory":false,"max_hp_per_floor":[80,80,80,80,80,80,80,85,85,85,85,85,87,87,87,87,87,89,89,91,94],"card_choices":[{"not_picked":["Dropkick","Clothesline"],"picked":"Shrug It Off","floor":0},{"not_picked":["Power Through","Carnage"],"picked":"Body Slam","floor":1},{"not_picked":["Clothesline","Headbutt"],"picked":"Rampage","floor":2},{"not_picked":["Twin Strike","Fire Breathing"],"picked":"Clothesline","floor":3},{"not_picked":["Sentinel","Body Slam"],"picked":"Seeing Red","floor":5},{"not_picked":["Reckless Charge","Searing Blow"],"picked":"Thunderclap","floor":6},{"not_picked":["Body Slam","Sentinel+1"],"picked":"Flex+1","floor":12},{"not_picked":["Bloodletting+1","Clash","Corruption"],"picked":"Singing Bowl","floor":13},{"not_picked":["Fiend Fire","Brutality"],"picked":"Feed","floor":16},{"not_picked":["Havoc+1","Sever Soul","Iron Wave"],"picked":"Singing Bowl","floor":18},{"not_picked":["Havoc+1","Body Slam","Inflame+1"],"picked":"Singing Bowl","floor":20}],"player_experience":582613,"relics_obtained":[{"floor":4,"key":"Singing Bowl"},{"floor":6,"key":"WingedGreaves"},{"floor":9,"key":"Old Coin"},{"floor":12,"key":"Bronze Scales"}],"event_choices":[{"damage_healed":0,"gold_gain":0,"player_choice":"Relic","damage_taken":0,"max_hp_gain":0,"max_hp_loss":0,"event_name":"Wheel of Change","floor":4,"gold_loss":0},{"damage_healed":0,"gold_gain":0,"player_choice":"Donut","damage_taken":0,"max_hp_gain":5,"max_hp_loss":0,"event_name":"Big Fish","floor":8,"gold_loss":0},{"damage_healed":0,"gold_gain":0,"cards_transformed":["Strike_R"],"player_choice":"Transformed","damage_taken":0,"max_hp_gain":0,"max_hp_loss":0,"event_name":"Transmorgrifier","floor":10,"gold_loss":0,"cards_obtained":["Searing Blow"]},{"damage_healed":21,"gold_gain":0,"player_choice":"Healed and dodged fight","damage_taken":0,"max_hp_gain":0,"max_hp_loss":0,"event_name":"Mushrooms","floor":14,"gold_loss":0,"cards_obtained":["Parasite"]},{"damage_healed":0,"gold_gain":0,"player_choice":"Ignored","damage_taken":0,"max_hp_gain":0,"max_hp_loss":0,"event_name":"Upgrade Shrine","floor":19,"gold_loss":0}],"is_beta":false,"boss_relics":[{"not_picked":["Busted Crown","Snecko Eye"],"picked":"Mark of Pain"}],"items_purged_floors":[11],"is_endless":false,"potions_floor_spawned":[1,2,13],"killed_by":"Shelled Parasite and Fungi","ascension_level":12}