{"path_per_floor":["M","M","$","M","$","E","M","M","T","R","$","E","?","E","R"],"character_chosen":"THE_SILENT","items_purchased":["Flying Knee","Flying Knee"],"gold_per_floor":[117,128,8,19,19,53,64,74,74,74,26,60,60,85,85],"floor_reached":16,"campfire_rested":0,"playtime":1637,"current_hp_per_floor":[70,68,68,68,68,53,52,51,51,51,51,36,22,4,4],"items_purged":["Strike_G"],"gold":85,"score":126,"play_id":"565491cc-bfc5-4ae0-91cd-6bf6d9d679ea","is_prod":false,"is_daily":false,"is_ascension_mode":true,"campfire_upgraded":0,"path_taken":["M","?","$","M","$","E","M","M","T","R","$","E","?","E","R","BOSS"],"build_version":"2018-02-08-PROD1","purchased_purges":1,"victory":false,"master_deck":["Defend_G","Defend_G","Defend_G","Defend_G","Defend_G","Strike_G","Strike_G","Strike_G","Strike_G","Survivor","Neutralize","Outmaneuver","Blur","Flying Knee","Flying Knee","Well Laid Plans","Footwork+1","Escape Plan","Flying Knee+1","Leg Sweep","Glass Knife"],"max_hp_per_floor":[70,70,70,70,70,70,70,70,70,70,70,70,70,70,70],"relics":["Ring of the Snake","Pen Nib","Girya","Ninja Scroll","Prayer Wheel"],"card_choices":[{"not_picked":["Sucker Punch","Expertise"],"picked":"Outmaneuver"},{"not_picked":["Dagger Throw","Sucker Punch"],"picked":"Blur"},{"not_picked":["Slice","Underhanded Strike"],"picked":"Flying Knee"},{"not_picked":["Sucker Punch","Underhanded Strike"],"picked":"Well Laid Plans"},{"not_picked":["Terror","Underhanded Strike"],"picked":"Footwork"},{"not_picked":["Bane","Acrobatics"],"picked":"Escape Plan"},{"not_picked":["Crippling Poison","Blade Dance"],"picked":"Leg Sweep"},{"not_picked":["Slice","Dodge and Roll"],"picked":"Glass Knife"}],"player_experience":88324,"potions_floor_usage":[12,16,16],"damage_taken":[{"damage":0,"enemies":"Blue Slaver","floor":1,"turns":7},{"damage":2,"enemies":"Cultist","floor":2,"turns":4},{"damage":0,"enemies":"2 Louse","floor":4,"turns":4},{"damage":15,"enemies":"3 Sentries","floor":6,"turns":14},{"damage":1,"enemies":"Large Slime","floor":7,"turns":7},{"damage":1,"enemies":"Exordium Wildlife","floor":8,"turns":7},{"damage":15,"enemies":"Lagavulin","floor":12,"turns":6},{"damage":18,"enemies":"Gremlin Nob","floor":14,"turns":6},{"damage":11,"enemies":"The Guardian","floor":16,"turns":3}],"event_choices":[{"event_name":"Shining Light","player_choice":"Entered Light","floor":13,"damage_taken":0}],"boss_relics":[],"potions_floor_spawned":[4,6,12,14],"seed_played":"-3430959873697003682","killed_by":"The Guardian","ascension_level":1,"is_trial":false}