{"gold_per_floor":[118,129,129,144,69,104,104,133,133,133,153,153,179,191,191,291,291,310,325,336,336,346,346,379,379,379,232,264,264,292,308,308,405,405,421,434,434,446,252,278,290,335,347,209,243,42,62,80,80,80],"floor_reached":51,"playtime":3046,"items_purged":["Defend_R","Strike_R","Parasite","Strike_R"],"score":855,"play_id":"d6e0166f-5f43-445c-8a56-8b84ecbb0d32","local_time":"20181208183430","is_ascension_mode":true,"campfire_choices":[{"data":"Flex","floor":7,"key":"SMITH"},{"floor":10,"key":"REST"},{"floor":12,"key":"REST"},{"data":"Limit Break","floor":15,"key":"SMITH"},{"floor":23,"key":"REST"},{"data":"Flex","floor":25,"key":"SMITH"},{"floor":29,"key":"REST"},{"data":"Armaments","floor":32,"key":"SMITH"},{"data":"Brutality","floor":41,"key":"SMITH"},{"data":"Offering","floor":49,"key":"SMITH"}],"neow_cost":"NONE","seed_source_timestamp":2063558343841690,"circlet_count":0,"master_deck":["Strike_R","Strike_R","Defend_R","Defend_R","Bash","Flex+1","Flex+1","Brutality+1","Battle Trance+1","Headbutt","Berserk+1","Thunderclap","Fire Breathing+1","Limit Break+1","Offering+1","Sword Boomerang","Inflame+1","Writhe","Ghostly Armor+1","Metallicize+1","Armaments+1","Flex","Ghostly Armor","Reaper","Sword Boomerang","Rupture+1","Bloodletting+1","Headbutt","Thunderclap+1","Barricade+1"],"relics":["Black Blood","NeowsBlessing","Blue Candle","Frozen Egg 2","Gremlin Horn","PreservedInsect","Orichalcum","Blood Vial","Incense Burner","Gambling Chip","Du-Vu Doll","Eternal Feather","MawBank","Lantern","War Paint","Paper Frog","Vajra"],"potions_floor_usage":[16,18,28,30,31,45,45,45,50],"damage_taken":[{"damage":0,"enemies":"Cultist","floor":1,"turns":1},{"damage":0,"enemies":"Small Slimes","floor":2,"turns":1},{"damage":0,"enemies":"Jaw Worm","floor":4,"turns":1},{"damage":43,"enemies":"Gremlin Nob","floor":6,"turns":5},{"damage":36,"enemies":"Lagavulin","floor":8,"turns":4},{"damage":9,"enemies":"2 Fungi Beasts","floor":11,"turns":2},{"damage":20,"enemies":"Gremlin Nob","floor":13,"turns":3},{"damage":2,"enemies":"Large Slime","floor":14,"turns":3},{"damage":45,"enemies":"Hexaghost","floor":16,"turns":7},{"damage":21,"enemies":"3 Byrds","floor":18,"turns":4},{"damage":13,"enemies":"Chosen","floor":19,"turns":3},{"damage":26,"enemies":"Centurion and Healer","floor":20,"turns":2},{"damage":29,"enemies":"Shelled Parasite and Fungi","floor":22,"turns":3},{"damage":7,"enemies":"Gremlin Leader","floor":24,"turns":4},{"damage":39,"enemies":"Slavers","floor":28,"turns":4},{"damage":8,"enemies":"Book of Stabbing","floor":30,"turns":4},{"damage":8,"enemies":"3 Cultists","floor":31,"turns":4},{"damage":45,"enemies":"Champ","floor":33,"turns":7},{"damage":56,"enemies":"3 Darklings","floor":35,"turns":6},{"damage":19,"enemies":"Orb Walker","floor":36,"turns":4},{"damage":51,"enemies":"Writhing Mass","floor":38,"turns":5},{"damage":4,"enemies":"Giant Head","floor":40,"turns":4},{"damage":37,"enemies":"Nemesis","floor":42,"turns":5},{"damage":38,"enemies":"Reptomancer","floor":45,"turns":4},{"damage":20,"enemies":"Sphere and 2 Shapes","floor":47,"turns":4},{"damage":25,"enemies":"Transient","floor":48,"turns":5},{"damage":53,"enemies":"Donu and Deca","floor":50,"turns":5}],"seed_played":"-6874353010153329557","potions_obtained":[{"floor":6,"key":"Fire Potion"},{"floor":8,"key":"SkillPotion"},{"floor":11,"key":"EssenceOfSteel"},{"floor":13,"key":"Energy Potion"},{"floor":18,"key":"Fire Potion"},{"floor":24,"key":"EssenceOfSteel"},{"floor":30,"key":"Fruit Juice"},{"floor":31,"key":"Strength Potion"},{"floor":38,"key":"Swift Potion"},{"floor":42,"key":"Regen Potion"}],"is_trial":false,"path_per_floor":["M","M","?","M","$","E","R","E","T","R","M","R","E","M","R","B",null,"M","M","M","?","M","R","E","R","T","$","E","R","E","M","R","B",null,"M","M","?","M","$","E","R","E","T","$","E","$","M","M","R","B",null],"character_chosen":"IRONCLAD","items_purchased":["Armaments","Rupture+1","Vajra","Swift Potion"],"campfire_rested":4,"item_purchase_floors":[27,39,46,46],"current_hp_per_floor":[80,80,80,80,80,43,43,13,13,37,34,58,44,48,48,9,80,69,66,50,50,31,55,58,58,58,58,31,55,59,68,68,35,85,61,54,54,40,40,73,82,55,55,55,61,61,53,82,82,39],"gold":80,"neow_bonus":"THREE_ENEMY_KILL","is_prod":false,"is_daily":false,"chose_seed":false,"campfire_upgraded":6,"win_rate":0,"timestamp":1544290470,"path_taken":["M","M","?","?","$","E","R","E","T","R","M","R","E","M","R","BOSS","M","M","?","?","M","R","E","R","T","$","E","R","E","M","R","BOSS","M","M","?","M","$","E","R","E","T","$","E","$","M","M","R","BOSS"],"build_version":"2018-12-06","purchased_purges":4,"victory":true,"max_hp_per_floor":[80,80,80,80,80,80,80,80,80,80,80,80,80,80,80,80,80,80,80,80,80,80,80,80,80,80,80,80,80,80,85,85,85,85,85,85,85,85,82,82,82,82,82,82,82,82,82,82,82,82],"card_choices":[{"not_picked":["Perfected Strike","Warcry"],"picked":"Flex","floor":1},{"not_picked":["Carnage","Anger"],"picked":"Flex","floor":2},{"not_picked":["Warcry","Perfected Strike"],"picked":"Battle Trance","floor":4},{"not_picked":["Sentinel","Double Tap"],"picked":"Headbutt","floor":6},{"not_picked":["Perfected Strike","Thunderclap"],"picked":"Berserk","floor":8},{"not_picked":["Dropkick","Pommel Strike"],"picked":"Thunderclap","floor":11},{"not_picked":["Evolve+1","Corruption+1"],"picked":"Fire Breathing+1","floor":13},{"not_picked":["Havoc","Metallicize+1"],"picked":"Limit Break","floor":14},{"not_picked":["Exhume","Bludgeon"],"picked":"Offering","floor":16},{"not_picked":["Havoc","Pommel Strike","Warcry"],"picked":"SKIP","floor":18},{"not_picked":["Infernal Blade","True Grit"],"picked":"Sword Boomerang","floor":19},{"not_picked":["Wild Strike+1","Heavy Blade"],"picked":"Inflame+1","floor":20},{"not_picked":["Pommel Strike","Sentinel+1"],"picked":"Ghostly Armor","floor":22},{"not_picked":["Immolate","Sever Soul"],"picked":"Metallicize+1","floor":24},{"not_picked":["Sentinel","Burning Pact"],"picked":"Flex","floor":28},{"not_picked":["Warcry","Shockwave"],"picked":"Ghostly Armor","floor":30},{"not_picked":["Havoc","Intimidate","Perfected Strike"],"picked":"SKIP","floor":31},{"not_picked":["Feed","Juggernaut+1"],"picked":"Reaper","floor":33},{"not_picked":["Flex","Armaments"],"picked":"Sword Boomerang","floor":35},{"not_picked":["Twin Strike","Perfected Strike+1","Shrug It Off"],"picked":"SKIP","floor":36},{"not_picked":["Disarm","Sword Boomerang","Body Slam+1"],"picked":"SKIP","floor":38},{"not_picked":["Ghostly Armor","Headbutt"],"picked":"Bloodletting+1","floor":40},{"not_picked":["Dual Wield","Exhume"],"picked":"Headbutt","floor":42},{"not_picked":["Havoc","Shrug It Off+1","Thunderclap"],"picked":"SKIP","floor":45},{"not_picked":["Shockwave","Iron Wave"],"picked":"Thunderclap+1","floor":47},{"not_picked":["Pommel Strike+1","True Grit"],"picked":"Barricade+1","floor":48}],"player_experience":291853,"relics_obtained":[{"floor":6,"key":"Blue Candle"},{"floor":8,"key":"Frozen Egg 2"},{"floor":9,"key":"Gremlin Horn"},{"floor":13,"key":"PreservedInsect"},{"floor":24,"key":"Blood Vial"},{"floor":26,"key":"Incense Burner"},{"floor":28,"key":"Gambling Chip"},{"floor":30,"key":"Du-Vu Doll"},{"floor":40,"key":"MawBank"},{"floor":42,"key":"Lantern"},{"floor":43,"key":"War Paint"},{"floor":45,"key":"Paper Frog"}],"event_choices":[{"damage_healed":0,"gold_gain":0,"cards_transformed":["Strike_R"],"player_choice":"Transformed","damage_taken":0,"max_hp_gain":0,"max_hp_loss":0,"event_name":"Transmorgrifier","floor":3,"gold_loss":0,"cards_obtained":["Brutality"]},{"damage_healed":0,"gold_gain":0,"player_choice":"Opened","damage_taken":0,"relics_obtained":["Orichalcum"],"max_hp_gain":0,"max_hp_loss":0,"event_name":"The Mausoleum","floor":21,"gold_loss":0,"cards_obtained":["Writhe"]},{"cards_removed":["Defend_R"],"damage_healed":0,"gold_gain":0,"player_choice":"Removed Skill","damage_taken":0,"max_hp_gain":0,"max_hp_loss":0,"event_name":"Falling","floor":37,"gold_loss":0}],"is_beta":false,"boss_relics":[{"not_picked":["Lizard Tail","Philosopher\u0027s Stone"],"picked":"Black Blood"},{"not_picked":["Coffee Dripper","Black Star"],"picked":"Eternal Feather"}],"items_purged_floors":[5,27,39,44],"is_endless":false,"potions_floor_spawned":[6,8,11,13,18,24,30,31,35,38,42],"ascension_level":1}