{"gold_per_floor":[118,31,31,31,49,83,83,96,146,185,185,223,223,258,258,258],"floor_reached":16,"playtime":420,"items_purged":[],"score":226,"play_id":"120da6a3-0254-41e7-88ba-edcbe811e7bd","local_time":"20190320011402","is_ascension_mode":true,"campfire_choices":[{"data":"Whirlwind","floor":7,"key":"SMITH"},{"data":"Bash","floor":11,"key":"SMITH"},{"data":"Infernal Blade","floor":13,"key":"SMITH"},{"data":"Flex","floor":15,"key":"SMITH"}],"neow_cost":"NONE","seed_source_timestamp":509966444249496,"circlet_count":0,"master_deck":["AscendersBane","Strike_R","Strike_R","Strike_R","Strike_R","Strike_R","Defend_R","Defend_R","Defend_R","Defend_R","Bash+1","Flex+1","Flame Barrier","Pommel Strike","Cleave","Whirlwind+1","Infernal Blade+1","Battle Trance"],"relics":["Burning Blood","NeowsBlessing","Golden Idol","PreservedInsect","Potion Belt","Bronze Scales","Smiling Mask","Odd Mushroom"],"potions_floor_usage":[10,14,16],"damage_taken":[{"damage":0,"enemies":"Jaw Worm","floor":1,"turns":1},{"damage":0,"enemies":"Small Slimes","floor":5,"turns":1},{"damage":0,"enemies":"3 Sentries","floor":6,"turns":1},{"damage":0,"enemies":"Cultist","floor":8,"turns":2},{"damage":32,"enemies":"Lagavulin","floor":10,"turns":7},{"damage":8,"enemies":"Gremlin Nob","floor":12,"turns":3},{"damage":18,"enemies":"The Mushroom Lair","floor":14,"turns":3},{"damage":40,"enemies":"Slime Boss","floor":16,"turns":6}],"seed_played":"-2552634369870807482","potions_obtained":[{"floor":5,"key":"PowerPotion"},{"floor":10,"key":"Swift Potion"},{"floor":12,"key":"AttackPotion"}],"is_trial":false,"path_per_floor":["M","$","?","$","M","E","R","M","T","E","R","E","R","?","R","B"],"character_chosen":"IRONCLAD","items_purchased":["Flame Barrier","Pommel Strike"],"campfire_rested":0,"item_purchase_floors":[2,2],"current_hp_per_floor":[78,78,74,74,74,74,74,74,74,48,48,46,46,34,34,0],"gold":258,"neow_bonus":"THREE_ENEMY_KILL","is_prod":false,"is_daily":false,"chose_seed":false,"campfire_upgraded":4,"win_rate":0,"timestamp":1553012042,"path_taken":["M","$","?","$","M","E","R","M","T","E","R","E","R","?","R","BOSS"],"build_version":"2019-01-23","purchased_purges":0,"victory":false,"max_hp_per_floor":[80,80,74,74,74,74,74,74,74,74,74,74,74,74,74,74],"card_choices":[{"not_picked":["Dual Wield","Havoc"],"picked":"Flex","floor":1},{"not_picked":["Armaments","Clothesline"],"picked":"Cleave","floor":5},{"not_picked":["Cleave","Anger"],"picked":"Whirlwind","floor":6},{"not_picked":["Twin Strike","Clothesline"],"picked":"Infernal Blade","floor":8},{"not_picked":["Metallicize","Rage","Body Slam"],"picked":"SKIP","floor":10},{"not_picked":["Clash","Inflame"],"picked":"Battle Trance","floor":12}],"player_experience":580638,"relics_obtained":[{"floor":6,"key":"PreservedInsect"},{"floor":9,"key":"Potion Belt"},{"floor":10,"key":"Bronze Scales"},{"floor":12,"key":"Smiling Mask"},{"floor":14,"key":"Odd Mushroom"}],"event_choices":[{"damage_healed":0,"gold_gain":0,"player_choice":"Lose Max HP","damage_taken":0,"relics_obtained":["Golden Idol"],"max_hp_gain":0,"max_hp_loss":6,"event_name":"Golden Idol","floor":3,"gold_loss":0},{"damage_healed":0,"gold_gain":0,"player_choice":"Fought Mushrooms","damage_taken":0,"max_hp_gain":0,"max_hp_loss":0,"event_name":"Mushrooms","floor":14,"gold_loss":0}],"is_beta":false,"boss_relics":[],"items_purged_floors":[],"is_endless":false,"potions_floor_spawned":[5,10,12],"killed_by":"Slime Boss","ascension_level":12}