{"path_per_floor":["M","M","?","$","M","E","R","?","T","?","?","$","M","M","R","B",null,"M","M","M","M","$","?","R","M","T","M","E","$","M","?","R","B",null,"M","M","$","M","?","R"],"character_chosen":"IRONCLAD","items_purchased":["Perfected Strike","Shrug It Off","Mind Blast","Seeing Red","Warcry","Pommel Strike","Armaments"],"gold_per_floor":[112,131,131,108,123,152,152,152,178,178,178,57,68,81,81,185,185,197,214,224,241,40,40,40,53,100,114,142,17,30,30,30,128,128,140,158,10,20,65,65],"floor_reached":41,"campfire_rested":2,"playtime":5107,"current_hp_per_floor":[80,80,80,80,80,60,60,52,52,52,34,34,36,43,70,26,90,88,82,85,47,47,47,47,42,42,50,36,36,31,15,42,8,90,90,90,90,71,63,63],"items_purged":["Normality","Defend_R","Doubt"],"gold":65,"play_id":"360a9224-7015-483d-98cd-effb113abe20","is_prod":false,"is_daily":false,"is_ascension_mode":false,"campfire_upgraded":3,"path_taken":["M","M","?","?","M","E","R","?","T","?","?","$","M","M","R","BOSS","M","M","M","M","$","?","R","?","T","M","E","?","M","?","R","BOSS","M","M","$","M","?","R","E"],"build_version":"2018-01-25-PROD3","purchased_purges":3,"victory":false,"master_deck":["Strike_R","Strike_R","Strike_R","Strike_R","Strike_R+1","Defend_R+1","Defend_R","Defend_R+1","Bash","Shrug It Off+1","Perfected Strike+1","Perfected Strike+1","Clash","Shrug It Off","Mind Blast+1","Metallicize","Berserk","Double Tap","Pommel Strike","Cleave","Anger+1","Seeing Red","Seeing Red","Warcry+1","Headbutt+1","Fire Breathing+1","Shrug It Off","Pommel Strike","Flex+1","Bludgeon","Clumsy","Writhe","Warcry+1","Inflame+1","Armaments+1","Cleave+1","Perfected Strike"],"max_hp_per_floor":[80,80,80,80,80,80,80,90,90,90,90,90,90,90,90,90,90,90,90,90,90,90,90,90,90,90,90,90,90,90,90,90,90,90,90,90,90,90,90,90],"relics":["Burning Blood","Molten Egg","Pear","Blood Vial","Bag of Preparation","Mark of Pain","War Paint","Self Forming Clay","Nilry\u0027s Codex","Calling Bell","Thread and Needle","Kunai","Meat on the Bone","Torii"],"card_choices":[{"not_picked":["Inflame","True Grit"],"picked":"Shrug It Off"},{"not_picked":["Clothesline","Thunderclap"],"picked":"Perfected Strike"},{"not_picked":["Second Wind","Anger"],"picked":"Clash"},{"not_picked":["Thunderclap","Sword Boomerang"],"picked":"Metallicize"},{"not_picked":["Rampage","Headbutt"],"picked":"Berserk"},{"not_picked":["Fiend Fire","Demon Form"],"picked":"Double Tap"},{"not_picked":["Infernal Blade","Clash"],"picked":"Pommel Strike"},{"not_picked":["Warcry","Disarm"],"picked":"Cleave"},{"not_picked":["Body Slam","Rampage"],"picked":"Anger"},{"not_picked":["Sever Soul","Intimidate"],"picked":"Seeing Red"},{"not_picked":["Rampage","Blood for Blood"],"picked":"Headbutt"},{"not_picked":["Infernal Blade","True Grit"],"picked":"Fire Breathing"},{"not_picked":["Reaper","Blood for Blood"],"picked":"Shrug It Off"},{"not_picked":["Searing Blow","Cleave"],"picked":"Flex"},{"not_picked":["Juggernaut","Offering"],"picked":"Bludgeon"},{"not_picked":["Body Slam","Intimidate"],"picked":"Warcry"},{"not_picked":["Body Slam","Iron Wave"],"picked":"Inflame"},{"not_picked":["Fire Breathing","Clash"],"picked":"Cleave"},{"not_picked":["Thunderclap","True Grit"],"picked":"Perfected Strike"}],"player_experience":0,"potions_floor_usage":[33,33,38,39],"damage_taken":[{"damage":2,"enemies":"Small Slimes","floor":1,"turns":4},{"damage":6,"enemies":"Blue Slaver","floor":2,"turns":8},{"damage":2,"enemies":"Jaw Worm","floor":5,"turns":3},{"damage":26,"enemies":"Lagavulin","floor":6,"turns":5},{"damage":6,"enemies":"Exordium Thugs","floor":13,"turns":4},{"damage":1,"enemies":"3 Louse","floor":14,"turns":5},{"damage":52,"enemies":"The Guardian","floor":16,"turns":8},{"damage":8,"enemies":"Spheric Guardian","floor":18,"turns":4},{"damage":14,"enemies":"Chosen","floor":19,"turns":4},{"damage":5,"enemies":"3 Cultists","floor":20,"turns":5},{"damage":46,"enemies":"Slaver and Parasite","floor":21,"turns":8},{"damage":13,"enemies":"Centurion and Healer","floor":25,"turns":5},{"damage":0,"enemies":"Chosen and Byrds","floor":27,"turns":3},{"damage":22,"enemies":"Gremlin Leader","floor":28,"turns":4},{"damage":13,"enemies":"Snake Plant","floor":30,"turns":2},{"damage":42,"enemies":"Champ","floor":33,"turns":10},{"damage":1,"enemies":"3 Darklings","floor":35,"turns":5},{"damage":0,"enemies":"3 Shapes","floor":36,"turns":3},{"damage":25,"enemies":"Maw","floor":38,"turns":8},{"damage":16,"enemies":"Mysterious Sphere","floor":39,"turns":5},{"damage":68,"enemies":"Giant Head","floor":41,"turns":9}],"event_choices":[{"event_name":"Upgrade Shrine","player_choice":"Upgraded","floor":3,"damage_taken":0},{"event_name":"Scrap Ooze","player_choice":"success","floor":8,"damage_taken":18},{"event_name":"Accursed Blacksmith","player_choice":"Rummage","floor":10,"damage_taken":0},{"event_name":"Shining Light","player_choice":"Entered Light","floor":11,"damage_taken":0},{"event_name":"Addict","player_choice":"Ignored","floor":23,"damage_taken":0},{"event_name":"Cursed Tome","player_choice":"Obtained Book","floor":31,"damage_taken":0},{"event_name":"Mysterious Sphere","player_choice":"Fight","floor":39,"damage_taken":0}],"boss_relics":[{"not_picked":["Lizard Tail","Snecko Eye"],"picked":"Mark of Pain"},{"not_picked":["Runic Dome","Sozu"],"picked":"Calling Bell"}],"potions_floor_spawned":[1,6,13,19,25,27,33,36,38,39],"seed_played":"-750598811492352915","killed_by":"Giant Head","ascension_level":0,"is_trial":false}