{"gold_per_floor":[210,230,230,82,98,98,115,115,115,115,125,138,138,173,173,268,268,284,303,303,317,25,53,65,65,65,65,65,65,83,98,98,201,201,212,312,325,325,325,325,377,410,436,8,8,35,35,55,55,55,55,55,4,30,30],"floor_reached":55,"playtime":3718,"items_purged":["Defend_B","Strike_B"],"score":745,"play_id":"05a19232-0be4-49d4-b454-da23de4dbbe3","local_time":"20190731030703","is_ascension_mode":false,"campfire_choices":[{"data":"Genetic Algorithm","floor":6,"key":"SMITH"},{"data":"Echo Form","floor":8,"key":"SMITH"},{"data":"Zap","floor":10,"key":"SMITH"},{"floor":13,"key":"REST"},{"data":"Dualcast","floor":15,"key":"SMITH"},{"floor":25,"key":"REST"},{"data":"Double Energy","floor":27,"key":"SMITH"},{"floor":32,"key":"REST"},{"data":"Storm","floor":40,"key":"SMITH"},{"data":"Skim","floor":45,"key":"SMITH"},{"floor":47,"key":"RECALL"},{"data":"Heatsinks","floor":49,"key":"SMITH"},{"data":"Hello World","floor":52,"key":"SMITH"}],"neow_cost":"NONE","seed_source_timestamp":64925581662676,"circlet_count":0,"master_deck":["Strike_B","Strike_B","Defend_B+1","Defend_B","Defend_B","Zap+1","Dualcast+1","Rebound","Skim+1","Genetic Algorithm+1","Echo Form+1","Storm+1","Hologram+1","Thunder Strike","Self Repair","Heatsinks+1","Double Energy+1","Static Discharge","Go for the Eyes+1","Consume","Coolheaded","Electrodynamics","Fusion+1","Turbo+1","Hello World+1","Reinforced Body","Glacier"],"relics":["FrozenCore","Turnip","Mummified Hand","War Paint","Happy Flower","Potion Belt","Letter Opener","Emotion Chip","Busted Crown","Unceasing Top","Ice Cream","Bottled Lightning","Centennial Puzzle","Mercury Hourglass","Anchor"],"potions_floor_usage":[5,7,14,14,16,21,23,31,46,55,55,55],"damage_taken":[{"damage":0,"enemies":"Small Slimes","floor":1,"turns":3},{"damage":0,"enemies":"2 Louse","floor":2,"turns":2},{"damage":6,"enemies":"Jaw Worm","floor":5,"turns":3},{"damage":4,"enemies":"2 Fungi Beasts","floor":7,"turns":2},{"damage":13,"enemies":"Large Slime","floor":11,"turns":5},{"damage":5,"enemies":"3 Louse","floor":12,"turns":4},{"damage":5,"enemies":"3 Sentries","floor":14,"turns":5},{"damage":35,"enemies":"Slime Boss","floor":16,"turns":11},{"damage":9,"enemies":"Shell Parasite","floor":18,"turns":6},{"damage":0,"enemies":"Spheric Guardian","floor":19,"turns":4},{"damage":18,"enemies":"Centurion and Healer","floor":21,"turns":6},{"damage":43,"enemies":"Gremlin Leader","floor":23,"turns":9},{"damage":12,"enemies":"Cultist and Chosen","floor":24,"turns":5},{"damage":14,"enemies":"Colosseum Slavers","floor":28,"turns":4},{"damage":10,"enemies":"Shelled Parasite and Fungi","floor":30,"turns":4},{"damage":13,"enemies":"3 Cultists","floor":31,"turns":5},{"damage":32,"enemies":"Automaton","floor":33,"turns":10},{"damage":12,"enemies":"3 Shapes","floor":35,"turns":5},{"damage":14,"enemies":"Mind Bloom Boss Battle","floor":36,"turns":5},{"damage":13,"enemies":"3 Darklings","floor":37,"turns":3},{"damage":10,"enemies":"2 Orb Walkers","floor":41,"turns":3},{"damage":0,"enemies":"Giant Head","floor":42,"turns":7},{"damage":0,"enemies":"Reptomancer","floor":46,"turns":4},{"damage":1,"enemies":"4 Shapes","floor":48,"turns":3},{"damage":24,"enemies":"Awakened One","floor":50,"turns":9},{"damage":5,"enemies":"Shield and Spear","floor":54,"turns":4},{"damage":76,"enemies":"The Heart","floor":55,"turns":9}],"seed_played":"5944286377620607879","potions_obtained":[{"floor":2,"key":"EntropicBrew"},{"floor":14,"key":"Explosive Potion"},{"floor":18,"key":"Strength Potion"},{"floor":19,"key":"Energy Potion"},{"floor":30,"key":"AttackPotion"},{"floor":36,"key":"AttackPotion"},{"floor":41,"key":"Weak Potion"},{"floor":46,"key":"Block Potion"}],"is_trial":false,"path_per_floor":["M","M","?","$","M","R","M","R","T","R","M","M","R","E","R","B",null,"M","M","?","M","$","E","M","R","T","R","?","T","M","M","R","B",null,"M","?","M","?","?","R","?","E","T","$","R","E","R","M","R","B",null,"R","$","E","B"],"character_chosen":"DEFECT","items_purchased":["Genetic Algorithm","Double Energy","Happy Flower","Static Discharge","Hello World","Reinforced Body","Glacier","Centennial Puzzle","PowerPotion"],"campfire_rested":3,"item_purchase_floors":[4,22,22,22,44,44,44,44,53],"current_hp_per_floor":[75,75,63,63,57,57,53,53,53,53,40,35,57,52,52,17,75,66,75,61,57,57,21,16,40,40,40,40,40,30,24,48,30,80,75,68,62,62,62,62,52,59,59,59,59,66,66,72,72,55,76,76,76,76,0],"gold":30,"neow_bonus":"HUNDRED_GOLD","is_prod":false,"is_daily":false,"chose_seed":false,"campfire_upgraded":9,"win_rate":0,"timestamp":1564535223,"path_taken":["M","M","?","$","M","R","M","R","T","R","M","M","R","E","R","BOSS","M","M","?","M","$","E","M","R","T","R","?","?","M","M","R","BOSS","M","?","M","?","?","R","?","E","T","$","R","E","R","M","R","BOSS","R","$","E","BOSS"],"build_version":"2019-07-17","purchased_purges":2,"victory":false,"max_hp_per_floor":[75,75,75,75,75,75,75,75,75,75,75,75,75,75,75,75,75,75,75,80,80,80,80,80,80,80,80,80,80,80,80,80,80,80,80,80,80,80,76,76,76,76,76,76,76,76,76,76,76,76,76,76,76,76,76],"card_choices":[{"not_picked":["Steam","Leap"],"picked":"Rebound","floor":1},{"not_picked":["Leap","Cold Snap"],"picked":"Skim","floor":2},{"not_picked":["Steam","Barrage","Stack"],"picked":"SKIP","floor":5},{"not_picked":["Cold Snap","Reinforced Body"],"picked":"Echo Form","floor":7},{"not_picked":["Scrape","Auto Shields"],"picked":"Storm","floor":11},{"not_picked":["Compile Driver","Gash"],"picked":"Hologram","floor":12},{"not_picked":["Stack","Scrape","Cold Snap"],"picked":"SKIP","floor":14},{"not_picked":["Hyperbeam","All For One"],"picked":"Thunder Strike","floor":16},{"not_picked":["Darkness","Conserve Battery"],"picked":"Self Repair","floor":18},{"not_picked":["Leap","Aggregate+1","Turbo"],"picked":"SKIP","floor":19},{"not_picked":["Beam Cell+1","Gash+1"],"picked":"Heatsinks","floor":21},{"not_picked":["Beam Cell","Barrage+1"],"picked":"Go for the Eyes+1","floor":23},{"not_picked":["Redo","Ball Lightning"],"picked":"Consume","floor":24},{"not_picked":["Turbo","Consume"],"picked":"Coolheaded","floor":30},{"not_picked":["Go for the Eyes","Compile Driver","Coolheaded"],"picked":"SKIP","floor":31},{"not_picked":["Rainbow","Amplify"],"picked":"Electrodynamics","floor":33},{"not_picked":[],"picked":"Fusion+1","floor":35},{"not_picked":["Beam Cell"],"picked":"SKIP","floor":37},{"not_picked":[],"picked":"Turbo+1","floor":42},{"not_picked":["Streamline"],"picked":"SKIP","floor":46},{"not_picked":["Rebound"],"picked":"SKIP","floor":48},{"not_picked":["Coolheaded"],"picked":"SKIP","floor":54}],"player_experience":148332,"relics_obtained":[{"floor":9,"key":"Mummified Hand"},{"floor":14,"key":"War Paint"},{"floor":23,"key":"Potion Belt"},{"floor":26,"key":"Letter Opener"},{"floor":29,"key":"Emotion Chip"},{"floor":36,"key":"Unceasing Top"},{"floor":41,"key":"Ice Cream"},{"floor":42,"key":"Bottled Lightning"},{"floor":46,"key":"Mercury Hourglass"},{"floor":54,"key":"Anchor"}],"event_choices":[{"damage_healed":0,"gold_gain":0,"player_choice":"Success","damage_taken":12,"relics_obtained":["Turnip"],"max_hp_gain":0,"max_hp_loss":0,"event_name":"Scrap Ooze","floor":3,"gold_loss":0},{"damage_healed":0,"gold_gain":0,"player_choice":"Shed Blood","damage_taken":19,"max_hp_gain":5,"max_hp_loss":0,"event_name":"Forgotten Altar","floor":20,"gold_loss":0},{"damage_healed":0,"gold_gain":0,"player_choice":"Fight","damage_taken":0,"max_hp_gain":0,"max_hp_loss":0,"event_name":"Colosseum","floor":28,"gold_loss":0},{"damage_healed":0,"gold_gain":0,"player_choice":"Fled From Nobs","damage_taken":0,"max_hp_gain":0,"max_hp_loss":0,"event_name":"Colosseum","floor":28,"gold_loss":0},{"damage_healed":0,"gold_gain":0,"player_choice":"Fight","damage_taken":0,"max_hp_gain":0,"max_hp_loss":0,"event_name":"MindBloom","floor":36,"gold_loss":0},{"cards_removed":["Strike_B"],"damage_healed":0,"gold_gain":0,"player_choice":"Removed Attack","damage_taken":0,"max_hp_gain":0,"max_hp_loss":0,"event_name":"Falling","floor":38,"gold_loss":0},{"damage_healed":0,"gold_gain":0,"player_choice":"Max HP","damage_taken":0,"max_hp_gain":0,"max_hp_loss":4,"event_name":"Winding Halls","floor":39,"gold_loss":0},{"damage_healed":0,"gold_gain":0,"player_choice":"Fight","damage_taken":0,"max_hp_gain":0,"max_hp_loss":0,"event_name":"Mysterious Sphere","floor":41,"gold_loss":0}],"is_beta":false,"boss_relics":[{"not_picked":["Velvet Choker","Coffee Dripper"],"picked":"FrozenCore"},{"not_picked":["Eternal Feather","Runic Pyramid"],"picked":"Busted Crown"}],"items_purged_floors":[4,44],"is_endless":false,"potions_floor_spawned":[2,5,14,18,19,30,36,41,46],"killed_by":"The Heart","ascension_level":0}