{"gold_per_floor":[114,27,41,41,59,59,92,92,119,119],"floor_reached":10,"playtime":2111,"items_purged":[],"score":125,"play_id":"16799b6e-41ac-4107-8c00-a52762d09d90","local_time":"20190127025630","is_ascension_mode":true,"campfire_choices":[{"data":"Neutralize","floor":6,"key":"SMITH"},{"floor":8,"key":"REST"}],"neow_cost":"NONE","seed_source_timestamp":34101375174106,"circlet_count":0,"master_deck":["AscendersBane","Defend_G","Defend_G","Defend_G","Defend_G","Defend_G+1","Strike_G","Strike_G","Strike_G","Strike_G","Strike_G","Survivor","Neutralize+1","Poisoned Stab","Bullet Time+1","Caltrops","Backstab","Heel Hook"],"relics":["Ring of the Snake","Regal Pillow","Golden Idol","Strawberry","War Paint"],"potions_floor_usage":[5,7],"damage_taken":[{"damage":1,"enemies":"2 Louse","floor":1,"turns":6},{"damage":3,"enemies":"Small Slimes","floor":3,"turns":4},{"damage":2,"enemies":"Jaw Worm","floor":5,"turns":4},{"damage":43,"enemies":"Lagavulin","floor":7,"turns":10},{"damage":66,"enemies":"Lagavulin Event","floor":10,"turns":8}],"seed_played":"-4535759589095758104","potions_obtained":[{"floor":3,"key":"Weak Potion"},{"floor":5,"key":"Explosive Potion"}],"is_trial":false,"path_per_floor":["M","$","M","?","M","R","E","R","T","?"],"character_chosen":"THE_SILENT","items_purchased":["Bullet Time"],"campfire_rested":1,"item_purchase_floors":[2],"current_hp_per_floor":[58,58,55,55,53,53,17,52,52,0],"gold":119,"neow_bonus":"RANDOM_COMMON_RELIC","is_prod":false,"is_daily":false,"chose_seed":false,"campfire_upgraded":1,"win_rate":0,"timestamp":1548554190,"path_taken":["M","$","M","?","M","R","E","R","T","?"],"build_version":"2019-01-23","purchased_purges":0,"victory":false,"max_hp_per_floor":[66,66,66,60,60,60,67,67,67,67],"card_choices":[{"not_picked":["Prepared","Eviscerate"],"picked":"Poisoned Stab","floor":1},{"not_picked":["Sucker Punch","Dagger Throw"],"picked":"Caltrops","floor":3},{"not_picked":["Quick Slash","Escape Plan"],"picked":"Backstab","floor":5},{"not_picked":["Wraith Form v2","Deadly Poison"],"picked":"Heel Hook","floor":7}],"player_experience":560307,"relics_obtained":[{"floor":7,"key":"Strawberry"},{"floor":9,"key":"War Paint"}],"event_choices":[{"damage_healed":0,"gold_gain":0,"player_choice":"Lose Max HP","damage_taken":0,"relics_obtained":["Golden Idol"],"max_hp_gain":0,"max_hp_loss":6,"event_name":"Golden Idol","floor":4,"gold_loss":0},{"damage_healed":0,"gold_gain":0,"player_choice":"Searched \u00271\u0027 times","damage_taken":0,"max_hp_gain":0,"max_hp_loss":0,"event_name":"Dead Adventurer","floor":10,"gold_loss":0}],"is_beta":false,"boss_relics":[],"items_purged_floors":[],"is_endless":false,"potions_floor_spawned":[3,5],"killed_by":"Lagavulin Event","ascension_level":18}