{"gold_per_floor":[211,230,247,261,17,48,62,62,62,78,78,90,121,131,131,228,228,240,254,254,265,281,281,291,318,364,364,383,333,344,344,344,448,448,463,473,232,232,256,256,272,320,344,344,344,363,363,42,42,42,42,42,42,68,68],"floor_reached":55,"playtime":4367,"items_purged":["Shame","Defend_B","Writhe"],"score":653,"play_id":"dbd46ee7-5617-482f-8db7-cf7bb745b968","local_time":"20190722211129","is_ascension_mode":false,"campfire_choices":[{"data":"Defragment","floor":11,"key":"SMITH"},{"data":"Genetic Algorithm","floor":15,"key":"SMITH"},{"data":"Fission","floor":23,"key":"SMITH"},{"data":"Fusion","floor":27,"key":"SMITH"},{"data":"Defragment","floor":32,"key":"SMITH"},{"data":"Apotheosis","floor":40,"key":"SMITH"},{"floor":45,"key":"REST"},{"floor":47,"key":"RECALL"},{"floor":49,"key":"REST"},{"data":"Hello World","floor":52,"key":"SMITH"}],"neow_cost":"NONE","seed_source_timestamp":17245539960006,"circlet_count":0,"master_deck":["Strike_B","Strike_B","Strike_B","Strike_B","Defend_B","Defend_B","Defend_B","Zap","Dualcast","Cold Snap","Ball Lightning","Genetic Algorithm+1","Tempest","Defragment+1","Chill","Coolheaded","Conserve Battery","Sunder","Fission+1","Defragment+1","BootSequence","Fusion+1","Glacier","Machine Learning","Seek","Apotheosis+1","Doubt","Impatience","Static Discharge+1","Hello World+1","Chaos+1"],"relics":["Cracked Core","Runic Capacitor","Smiling Mask","Happy Flower","Pen Nib","Cursed Key","Bottled Lightning","Bronze Scales","Sozu","Pocketwatch","Orichalcum","Strange Spoon","Bottled Flame"],"potions_floor_usage":[13,13,25,30,33,54],"damage_taken":[{"damage":2,"enemies":"2 Louse","floor":1,"turns":2},{"damage":1,"enemies":"Cultist","floor":2,"turns":3},{"damage":1,"enemies":"Jaw Worm","floor":3,"turns":2},{"damage":12,"enemies":"Gremlin Gang","floor":4,"turns":4},{"damage":29,"enemies":"3 Sentries","floor":6,"turns":8},{"damage":20,"enemies":"Exordium Wildlife","floor":7,"turns":5},{"damage":0,"enemies":"2 Fungi Beasts","floor":10,"turns":4},{"damage":5,"enemies":"3 Louse","floor":12,"turns":3},{"damage":5,"enemies":"Gremlin Nob","floor":13,"turns":3},{"damage":1,"enemies":"Looter","floor":14,"turns":3},{"damage":12,"enemies":"Slime Boss","floor":16,"turns":6},{"damage":4,"enemies":"Chosen","floor":18,"turns":4},{"damage":1,"enemies":"Spheric Guardian","floor":19,"turns":3},{"damage":10,"enemies":"Snake Plant","floor":21,"turns":4},{"damage":0,"enemies":"3 Cultists","floor":22,"turns":5},{"damage":7,"enemies":"Centurion and Healer","floor":24,"turns":4},{"damage":21,"enemies":"Gremlin Leader","floor":25,"turns":6},{"damage":0,"enemies":"Snecko","floor":28,"turns":4},{"damage":3,"enemies":"Shelled Parasite and Fungi","floor":30,"turns":4},{"damage":12,"enemies":"Champ","floor":33,"turns":12},{"damage":0,"enemies":"Orb Walker","floor":35,"turns":2},{"damage":0,"enemies":"3 Shapes","floor":36,"turns":3},{"damage":26,"enemies":"Jaw Worm Horde","floor":41,"turns":3},{"damage":34,"enemies":"2 Orb Walkers","floor":42,"turns":4},{"damage":9,"enemies":"Sphere and 2 Shapes","floor":46,"turns":4},{"damage":31,"enemies":"Time Eater","floor":50,"turns":13},{"damage":59,"enemies":"Shield and Spear","floor":54,"turns":5},{"damage":59,"enemies":"The Heart","floor":55,"turns":2}],"seed_played":"5595233921487042426","potions_obtained":[{"floor":1,"key":"Energy Potion"},{"floor":2,"key":"Poison Potion"},{"floor":6,"key":"SteroidPotion"},{"floor":7,"key":"SkillPotion"},{"floor":21,"key":"GamblersBrew"},{"floor":22,"key":"GamblersBrew"},{"floor":25,"key":"FocusPotion"},{"floor":28,"key":"Fire Potion"}],"is_trial":false,"path_per_floor":["M","M","M","M","$","E","M","?","T","M","R","M","E","M","R","B",null,"M","M","?","M","M","R","M","E","T","R","M","$","M","?","R","B",null,"M","M","$","?","T","R","M","?","T","?","R","M","R","$","R","B",null,"R","$","E","B"],"character_chosen":"DEFECT","items_purchased":["Runic Capacitor","Defragment","Apotheosis","Strange Spoon","Hello World"],"campfire_rested":2,"item_purchase_floors":[5,5,37,48,48],"current_hp_per_floor":[73,72,71,59,59,30,10,75,75,75,75,70,65,64,64,52,75,71,70,75,65,65,65,58,37,37,37,37,37,34,34,34,22,75,75,75,75,75,75,75,49,15,15,15,37,28,28,28,50,19,75,75,75,16,0],"gold":68,"neow_bonus":"HUNDRED_GOLD","is_prod":false,"is_daily":false,"chose_seed":false,"campfire_upgraded":7,"win_rate":0,"timestamp":1563822689,"path_taken":["M","M","M","M","$","E","M","?","T","M","R","M","E","?","R","BOSS","M","M","?","M","?","R","M","E","T","R","M","$","M","?","R","BOSS","M","M","$","?","?","R","?","?","T","?","R","M","R","$","R","BOSS","R","$","E","BOSS"],"build_version":"2019-07-17","purchased_purges":3,"victory":false,"max_hp_per_floor":[75,75,75,75,75,75,75,75,75,75,75,75,75,75,75,75,75,75,75,75,75,75,75,75,75,75,75,75,75,75,75,75,75,75,75,75,75,75,75,75,75,75,75,75,75,75,75,75,75,75,75,75,75,75,75],"card_choices":[{"not_picked":["Reprogram","Rebound"],"picked":"Cold Snap","floor":1},{"not_picked":["Static Discharge","Gash"],"picked":"Ball Lightning","floor":2},{"not_picked":["Turbo","Self Repair"],"picked":"Genetic Algorithm","floor":3},{"not_picked":["Conserve Battery","Coolheaded"],"picked":"Tempest","floor":4},{"not_picked":["Rebound","Hologram"],"picked":"Chill","floor":6},{"not_picked":["Stack","Sweeping Beam","Heatsinks"],"picked":"SKIP","floor":7},{"not_picked":["Compile Driver","Multi-Cast"],"picked":"Coolheaded","floor":10},{"not_picked":["Redo","Compile Driver","Gash"],"picked":"SKIP","floor":12},{"not_picked":["Gash","Barrage"],"picked":"Conserve Battery","floor":13},{"not_picked":["Coolheaded","Redo"],"picked":"Sunder","floor":14},{"not_picked":["Creative AI","Reboot"],"picked":"Fission","floor":16},{"not_picked":["Conserve Battery","Static Discharge","Melter+1"],"picked":"SKIP","floor":18},{"not_picked":["Steam","Coolheaded"],"picked":"Defragment","floor":19},{"not_picked":["Reprogram+1","Heatsinks"],"picked":"BootSequence","floor":21},{"not_picked":["Hologram","Streamline+1","Steam"],"picked":"SKIP","floor":22},{"not_picked":["Beam Cell","Conserve Battery+1"],"picked":"Fusion","floor":24},{"not_picked":["Beam Cell","Go for the Eyes"],"picked":"Glacier","floor":25},{"not_picked":["Coolheaded","Leap+1","Steam+1"],"picked":"SKIP","floor":28},{"not_picked":["Force Field","Hologram"],"picked":"Machine Learning","floor":30},{"not_picked":["All For One","Amplify"],"picked":"Seek","floor":33},{"not_picked":["Gash+1","Compile Driver+1","Force Field+1"],"picked":"SKIP","floor":35},{"not_picked":["Rebound","Ball Lightning+1","Rip and Tear"],"picked":"SKIP","floor":36},{"not_picked":["Ball Lightning+1","Compile Driver","Stack+1"],"picked":"SKIP","floor":41},{"not_picked":["Good Instincts","Madness"],"picked":"Impatience","floor":44},{"not_picked":["Conserve Battery+1","Melter+1"],"picked":"Static Discharge+1","floor":46},{"not_picked":["Hologram","Leap+1"],"picked":"Chaos+1","floor":54}],"player_experience":93191,"relics_obtained":[{"floor":6,"key":"Smiling Mask"},{"floor":9,"key":"Happy Flower"},{"floor":13,"key":"Pen Nib"},{"floor":25,"key":"Bottled Lightning"},{"floor":26,"key":"Bronze Scales"},{"floor":42,"key":"Pocketwatch"},{"floor":43,"key":"Orichalcum"},{"floor":54,"key":"Bottled Flame"}],"event_choices":[{"damage_healed":65,"gold_gain":0,"player_choice":"Full Heal","damage_taken":0,"max_hp_gain":0,"max_hp_loss":0,"event_name":"Wheel of Change","floor":8,"gold_loss":0},{"damage_healed":5,"gold_gain":0,"player_choice":"Full Heal","damage_taken":0,"max_hp_gain":0,"max_hp_loss":0,"event_name":"Wheel of Change","floor":20,"gold_loss":0},{"damage_healed":0,"gold_gain":0,"player_choice":"Ignored","damage_taken":0,"max_hp_gain":0,"max_hp_loss":0,"event_name":"Ghosts","floor":31,"gold_loss":0},{"damage_healed":0,"gold_gain":0,"player_choice":"Ignored","damage_taken":0,"max_hp_gain":0,"max_hp_loss":0,"event_name":"Tomb of Lord Red Mask","floor":38,"gold_loss":0},{"damage_healed":0,"gold_gain":0,"player_choice":"Fight","damage_taken":0,"max_hp_gain":0,"max_hp_loss":0,"event_name":"Mysterious Sphere","floor":42,"gold_loss":0},{"damage_healed":0,"gold_gain":0,"player_choice":"Memory 1","damage_taken":0,"max_hp_gain":0,"max_hp_loss":0,"event_name":"SensoryStone","floor":44,"gold_loss":0}],"is_beta":false,"boss_relics":[{"not_picked":["Velvet Choker","Runic Pyramid"],"picked":"Cursed Key"},{"not_picked":["Pandora\u0027s Box","Lizard Tail"],"picked":"Sozu"}],"items_purged_floors":[29,37,48],"is_endless":false,"potions_floor_spawned":[1,2,6,7,21,22,25,28,35,42],"killed_by":"The Heart","ascension_level":0}