{"path_per_floor":["M","$","?","M","M","R","M","?","T","$","R","M","M","M","R","B",null,"M","?","M","$","?","E","M","M","T","R","M","M","R","M","R","B",null,"M","$","M","M","M","M","M","?","T","R","?","M","$","M","R","B"],"character_chosen":"THE_SILENT","items_purchased":["Footwork","Dagger Spray","Footwork","Snake Skull"],"gold_per_floor":[115,24,24,37,56,56,74,24,50,50,50,70,88,104,104,202,202,220,220,232,80,80,107,123,137,161,161,178,192,192,208,208,304,304,316,216,235,248,258,277,292,292,292,292,292,308,35,50,50,50],"floor_reached":51,"campfire_rested":4,"playtime":4466,"current_hp_per_floor":[70,70,56,53,53,53,36,36,36,36,36,36,36,36,57,21,70,43,43,43,43,43,1,1,1,1,22,18,9,30,30,51,9,70,61,61,61,58,58,55,30,61,61,61,61,60,60,60,60,54],"items_purged":["Defend_G","Strike_G","Strike_G"],"gold":50,"score":619,"play_id":"ce179016-cb83-4aac-b313-dbd51c91101f","local_time":"20180427183229","is_prod":false,"is_daily":false,"chose_seed":false,"is_ascension_mode":false,"campfire_upgraded":4,"timestamp":1524846749,"path_taken":["M","?","?","M","M","R","?","?","T","$","R","M","M","M","R","BOSS","M","?","M","$","?","E","?","M","T","R","?","M","R","M","R","BOSS","M","$","M","M","M","?","M","?","T","R","?","M","$","M","R","BOSS"],"build_version":"2018-04-26v2","seed_source_timestamp":1117166317447405,"purchased_purges":3,"victory":true,"master_deck":["Defend_G","Defend_G","Defend_G","Defend_G","Strike_G+1","Strike_G+1","Survivor","Neutralize+1","Poisoned Stab+1","Footwork+1","Dagger Spray","Backflip","Noxious Fumes+1","Blur","Poisoned Stab+1","Backflip+1","Dodge and Roll","Footwork+1","Quick Slash+1","Acrobatics+1","Dodge and Roll","Adrenaline","Predator","Poisoned Stab+1","Footwork+1","Riddle With Holes"],"max_hp_per_floor":[70,70,70,70,70,70,70,70,70,70,70,70,70,70,70,70,70,70,70,70,70,70,70,70,70,70,70,70,70,70,70,70,70,70,70,70,70,70,70,70,70,61,61,61,61,61,61,61,61,61],"relics":["Ring of the Snake","Whetstone","Velvet Choker","Bronze Scales","Dream Catcher","Sozu","Letter Opener","Snake Skull"],"card_choices":[{"not_picked":["Backstab","Malaise"],"picked":"Poisoned Stab","floor":1},{"not_picked":["Slice","Deflect"],"picked":"Backflip","floor":4},{"not_picked":["Quick Slash","Poisoned Stab"],"picked":"Noxious Fumes","floor":5},{"not_picked":["Reflex","Deflect"],"picked":"Blur","floor":7},{"not_picked":["Distraction","Quick Slash"],"picked":"Poisoned Stab","floor":13},{"not_picked":["Dodge and Roll","Underhanded Strike"],"picked":"Backflip","floor":18},{"not_picked":["Terror","Predator"],"picked":"Dodge and Roll","floor":20},{"not_picked":["Sucker Punch","Dash"],"picked":"Quick Slash","floor":25},{"not_picked":["Bouncing Flask","Deadly Poison"],"picked":"Acrobatics","floor":27},{"not_picked":["Choke","Acrobatics"],"picked":"Dodge and Roll","floor":31},{"not_picked":["Envenom","Venomology"],"picked":"Adrenaline","floor":33},{"not_picked":["Dagger Spray","Acrobatics"],"picked":"Predator","floor":35},{"not_picked":["Dagger Throw","Prepared"],"picked":"Poisoned Stab","floor":38},{"not_picked":["Slice","PiercingWail"],"picked":"Footwork","floor":39},{"not_picked":["Die Die Die","Underhanded Strike"],"picked":"Riddle With Holes","floor":41}],"player_experience":269,"potions_floor_usage":[12,24,25,25,29,33,33,33],"damage_taken":[{"damage":0,"enemies":"Cultist","floor":1,"turns":4},{"damage":3,"enemies":"Jaw Worm","floor":4,"turns":4},{"damage":0,"enemies":"Small Slimes","floor":5,"turns":3},{"damage":17,"enemies":"Gremlin Gang","floor":7,"turns":4},{"damage":0,"enemies":"3 Louse","floor":12,"turns":3},{"damage":0,"enemies":"Large Slime","floor":13,"turns":5},{"damage":0,"enemies":"Exordium Wildlife","floor":14,"turns":4},{"damage":36,"enemies":"The Guardian","floor":16,"turns":9},{"damage":27,"enemies":"Chosen","floor":18,"turns":5},{"damage":0,"enemies":"Spheric Guardian","floor":20,"turns":6},{"damage":42,"enemies":"Gremlin Leader","floor":23,"turns":10},{"damage":0,"enemies":"Snake Plant","floor":24,"turns":4},{"damage":0,"enemies":"Chosen and Byrds","floor":25,"turns":6},{"damage":4,"enemies":"Sentry and Sphere","floor":28,"turns":5},{"damage":9,"enemies":"Snake Plant","floor":29,"turns":4},{"damage":0,"enemies":"Snecko","floor":31,"turns":6},{"damage":42,"enemies":"Champ","floor":33,"turns":14},{"damage":9,"enemies":"3 Darklings","floor":35,"turns":5},{"damage":0,"enemies":"Orb Walker","floor":37,"turns":4},{"damage":3,"enemies":"Sphere and 2 Shapes","floor":38,"turns":6},{"damage":0,"enemies":"3 Darklings","floor":39,"turns":5},{"damage":3,"enemies":"Spire Growth","floor":40,"turns":6},{"damage":25,"enemies":"4 Shapes","floor":41,"turns":6},{"damage":1,"enemies":"Maw","floor":46,"turns":8},{"damage":0,"enemies":"3 Darklings","floor":48,"turns":5},{"damage":6,"enemies":"Awakened One","floor":50,"turns":15}],"event_choices":[{"event_name":"Shining Light","player_choice":"Entered Light","floor":3,"damage_taken":0},{"event_name":"The Cleric","player_choice":"Card Removal","floor":8,"damage_taken":0},{"event_name":"Accursed Blacksmith","player_choice":"Forge","floor":19,"damage_taken":0},{"event_name":"Vampires","player_choice":"Ignored","floor":22,"damage_taken":0},{"event_name":"The Moai Head","player_choice":"Heal","floor":42,"damage_taken":0},{"event_name":"The Woman in Blue","player_choice":"Bought 0 Potions","floor":45,"damage_taken":0}],"boss_relics":[{"not_picked":["Ectoplasm","Snecko Eye"],"picked":"Velvet Choker"},{"not_picked":["Black Star","Runic Dome"],"picked":"Sozu"}],"potions_floor_spawned":[1,4,13,14,24,25,29,31,35,37,38,41],"seed_played":"368758679213146388","ascension_level":0,"is_trial":false}