{"gold_per_floor":[119,119,20,39,57,57,57,69,69,19,47,59,59,59,59,158,158,178,132,132,87,105,133,149,149,199,213,213,232,132,159,159,254,254,265,283,87,87,107,107,55,55,55,72,72,88,48,65,65,65],"floor_reached":50,"playtime":3551,"items_purged":["Regret","Pain","Strike_B"],"score":582,"play_id":"754e2755-117f-47de-a6a3-8d7c856b3493","local_time":"20181110161135","is_ascension_mode":false,"campfire_choices":[{"data":"Biased Cognition","floor":6,"key":"SMITH"},{"data":"Conserve Battery","floor":15,"key":"SMITH"},{"data":"Streamline","floor":25,"key":"SMITH"},{"floor":28,"key":"REST"},{"floor":32,"key":"REST"},{"data":"Creative AI","floor":40,"key":"SMITH"},{"data":"Force Field","floor":42,"key":"SMITH"},{"floor":45,"key":"REST"},{"floor":49,"key":"REST"}],"neow_cost":"CURSE","seed_source_timestamp":2673573391493001,"circlet_count":0,"master_deck":["Strike_B","Strike_B","Strike_B+1","Defend_B","Defend_B","Defend_B","Zap+1","Dualcast","Biased Cognition+1","Conserve Battery+1","Leap","FTL","Reboot+1","Sweeping Beam","Ball Lightning","Multi-Cast","Hologram","Beam Cell","Streamline+1","Ball Lightning","Hologram+1","Ball Lightning+1","Gash","Redo+1","Creative AI+1","Go for the Eyes+1","Gash","Force Field+1","Madness","Madness","Go for the Eyes","Sweeping Beam","Decay","Coolheaded+1","Hologram+1"],"relics":["Cracked Core","Pear","Bottled Tornado","Shuriken","Cursed Key","Happy Flower","Vajra","Regal Pillow","Nuclear Battery","Bottled Lightning"],"potions_floor_usage":[27,33,50,50,50],"damage_taken":[{"damage":2,"enemies":"Small Slimes","floor":1,"turns":3},{"damage":1,"enemies":"Jaw Worm","floor":4,"turns":3},{"damage":0,"enemies":"2 Louse","floor":5,"turns":3},{"damage":1,"enemies":"Exordium Wildlife","floor":8,"turns":4},{"damage":9,"enemies":"Gremlin Nob","floor":11,"turns":3},{"damage":0,"enemies":"Looter","floor":12,"turns":2},{"damage":0,"enemies":"Slime Boss","floor":16,"turns":7},{"damage":0,"enemies":"Chosen","floor":18,"turns":3},{"damage":12,"enemies":"2 Thieves","floor":22,"turns":2},{"damage":28,"enemies":"Slavers","floor":23,"turns":4},{"damage":10,"enemies":"Snecko","floor":24,"turns":3},{"damage":16,"enemies":"Snake Plant","floor":27,"turns":3},{"damage":7,"enemies":"Centurion and Healer","floor":29,"turns":3},{"damage":0,"enemies":"Gremlin Leader","floor":31,"turns":3},{"damage":38,"enemies":"Collector","floor":33,"turns":7},{"damage":5,"enemies":"Orb Walker","floor":35,"turns":3},{"damage":6,"enemies":"3 Shapes","floor":36,"turns":3},{"damage":8,"enemies":"Maw","floor":39,"turns":6},{"damage":41,"enemies":"Spire Growth","floor":44,"turns":5},{"damage":24,"enemies":"Sphere and 2 Shapes","floor":46,"turns":4},{"damage":8,"enemies":"Transient","floor":48,"turns":5},{"damage":65,"enemies":"Awakened One","floor":50,"turns":12}],"seed_played":"-8646860629381344830","potions_obtained":[{"floor":1,"key":"Regen Potion"},{"floor":8,"key":"EssenceOfSteel"},{"floor":11,"key":"GamblersBrew"},{"floor":18,"key":"Energy Potion"},{"floor":29,"key":"Weak Potion"},{"floor":33,"key":"Ancient Potion"},{"floor":39,"key":"Dexterity Potion"}],"is_trial":false,"path_per_floor":["M","?","$","M","M","R","?","M","T","?","E","M","?","?","R","B",null,"M","$","?","$","M","E","M","R","T","M","R","M","$","E","R","B",null,"M","M","$","?","M","R","$","R","T","M","R","M","?","M","R","B"],"character_chosen":"DEFECT","items_purchased":["Leap","Beam Cell","Ball Lightning","Force Field","Sweeping Beam"],"campfire_rested":4,"item_purchase_floors":[3,19,21,37,41],"current_hp_per_floor":[73,83,83,82,82,82,75,74,74,74,65,65,48,48,48,48,85,85,85,85,85,73,45,35,35,35,28,53,46,46,46,85,47,85,80,74,74,63,55,55,55,55,55,14,54,30,30,22,62,0],"gold":65,"neow_bonus":"THREE_RARE_CARDS","is_prod":false,"is_daily":false,"chose_seed":false,"campfire_upgraded":5,"win_rate":0.0,"timestamp":1541862695,"path_taken":["M","?","$","M","M","R","?","M","T","?","E","?","?","?","R","BOSS","M","$","?","$","M","E","M","R","T","M","R","M","$","E","R","BOSS","M","M","$","?","M","R","$","R","T","M","R","M","?","?","R","BOSS"],"build_version":"2018-11-08","purchased_purges":3,"victory":false,"max_hp_per_floor":[75,85,85,85,85,85,85,85,85,85,85,85,85,85,85,85,85,85,85,85,85,85,85,85,85,85,85,85,85,85,85,85,85,85,85,85,85,85,85,85,85,85,85,85,85,85,85,85,85,85],"card_choices":[{"not_picked":["Fission","Reboot"],"picked":"Biased Cognition","floor":0},{"not_picked":["Cold Snap","Gash"],"picked":"Conserve Battery","floor":1},{"not_picked":["Hologram","Stack","Streamline"],"picked":"SKIP","floor":4},{"not_picked":["Auto Shields","Gash"],"picked":"FTL","floor":5},{"not_picked":["Force Field","Streamline"],"picked":"Reboot","floor":8},{"not_picked":["Steam","Coolheaded"],"picked":"Sweeping Beam","floor":11},{"not_picked":["Gash","Beam Cell"],"picked":"Ball Lightning","floor":12},{"not_picked":["Machine Learning","Amplify"],"picked":"Multi-Cast","floor":16},{"not_picked":["Scrape","Heatsinks"],"picked":"Hologram","floor":18},{"not_picked":["Ball Lightning","Coolheaded+1"],"picked":"Hologram+1","floor":22},{"not_picked":["Biased Cognition","Tempest"],"picked":"Ball Lightning+1","floor":23},{"not_picked":["Coolheaded+1","Streamline","Barrage"],"picked":"SKIP","floor":24},{"not_picked":["Barrage","Genetic Algorithm"],"picked":"Gash","floor":27},{"not_picked":["Compile Driver","Genetic Algorithm"],"picked":"Redo+1","floor":29},{"not_picked":["Fusion","Double Energy","White Noise"],"picked":"SKIP","floor":31},{"not_picked":["All For One","Reboot"],"picked":"Creative AI","floor":33},{"not_picked":["Steam+1","Reinforced Body"],"picked":"Go for the Eyes+1","floor":35},{"not_picked":["Lockon","Go for the Eyes+1"],"picked":"Gash","floor":36},{"not_picked":["Doom and Gloom","Capacitor+1"],"picked":"Go for the Eyes","floor":39},{"not_picked":["Blizzard","Compile Driver","Beam Cell"],"picked":"SKIP","floor":44},{"not_picked":["Darkness","Cold Snap+1"],"picked":"Coolheaded+1","floor":46},{"not_picked":["Consume","Redo"],"picked":"Hologram+1","floor":48}],"player_experience":269082,"relics_obtained":[{"floor":9,"key":"Bottled Tornado"},{"floor":11,"key":"Shuriken"},{"floor":23,"key":"Happy Flower"},{"floor":26,"key":"Vajra"},{"floor":31,"key":"Regal Pillow"},{"floor":43,"key":"Bottled Lightning"}],"event_choices":[{"damage_healed":0,"gold_gain":0,"player_choice":"Box","damage_taken":0,"relics_obtained":["Pear"],"max_hp_gain":0,"max_hp_loss":0,"event_name":"Big Fish","floor":2,"gold_loss":0,"cards_obtained":["Regret"]},{"cards_removed":["Writhe"],"damage_healed":0,"gold_gain":0,"player_choice":"Card Removal","damage_taken":7,"max_hp_gain":0,"max_hp_loss":0,"event_name":"Golden Wing","floor":7,"gold_loss":0},{"cards_removed":["Defend_B"],"damage_healed":0,"gold_gain":0,"player_choice":"Card Removal","damage_taken":0,"max_hp_gain":0,"max_hp_loss":0,"event_name":"The Cleric","floor":10,"gold_loss":50},{"damage_healed":0,"gold_gain":0,"player_choice":"Entered Light","damage_taken":17,"max_hp_gain":0,"max_hp_loss":0,"event_name":"Shining Light","floor":13,"gold_loss":0,"cards_upgraded":["Strike_B","Reboot"]},{"damage_healed":0,"gold_gain":0,"player_choice":"Upgraded","damage_taken":0,"max_hp_gain":0,"max_hp_loss":0,"event_name":"Upgrade Shrine","floor":14,"gold_loss":0,"cards_upgraded":["Zap"]},{"damage_healed":0,"gold_gain":0,"player_choice":"Read","damage_taken":0,"max_hp_gain":0,"max_hp_loss":0,"event_name":"The Library","floor":20,"gold_loss":0,"cards_obtained":["Streamline"]},{"damage_healed":0,"gold_gain":0,"player_choice":"Embrace Madness","damage_taken":11,"max_hp_gain":0,"max_hp_loss":0,"event_name":"Winding Halls","floor":38,"gold_loss":0,"cards_obtained":["Madness","Madness"]},{"damage_healed":0,"gold_gain":0,"player_choice":"Bought 3 Potions","damage_taken":0,"max_hp_gain":0,"max_hp_loss":0,"event_name":"The Woman in Blue","floor":47,"gold_loss":0}],"is_beta":false,"boss_relics":[{"not_picked":["Eternal Feather","Tiny House"],"picked":"Cursed Key"},{"not_picked":["Snecko Eye","Orrery"],"picked":"Nuclear Battery"}],"items_purged_floors":[3,30,37],"is_endless":false,"potions_floor_spawned":[1,8,11,16,18,29,31,33,35,39,48],"killed_by":"Awakened One","ascension_level":0}