{"gold_per_floor":[111,130,130,12,12,46,22,22,45,45,45,58,68,68,68,141,141,151,14,26,76,51,51,71,148,148,163,163,195,16,27,27,27],"floor_reached":33,"playtime":1437,"items_purged":["Strike_B","Defend_B","Strike_B"],"score":576,"play_id":"7195a7dc-4993-47cc-859c-a4ded6eb5c63","local_time":"20190129152839","is_ascension_mode":true,"campfire_choices":[{"floor":8,"key":"DIG"},{"floor":10,"key":"DIG"},{"floor":15,"key":"DIG"},{"floor":23,"key":"DIG"},{"floor":28,"key":"REST"},{"floor":32,"key":"REST"}],"neow_cost":"NONE","seed_source_timestamp":252706665919793,"circlet_count":0,"master_deck":["AscendersBane","Defend_B+1","Defend_B","Zap","Dualcast","FTL","Self Repair","Hologram+1","Leap","Leap","Leap","Electrodynamics","BootSequence+1","Loop","Redo+1","Normality","Writhe","Buffer","Go for the Eyes","Ball Lightning"],"relics":["Cracked Core","NeowsBlessing","Shovel","Boot","Orichalcum","Shuriken","SsserpentHead","War Paint","Cursed Key","Blue Candle","PreservedInsect","Mercury Hourglass","Question Card"],"potions_floor_usage":[16,16,27,29,33,33],"damage_taken":[{"damage":0,"enemies":"2 Louse","floor":1,"turns":1},{"damage":0,"enemies":"Jaw Worm","floor":2,"turns":1},{"damage":0,"enemies":"Gremlin Nob","floor":6,"turns":1},{"damage":1,"enemies":"Small Slimes","floor":12,"turns":4},{"damage":16,"enemies":"2 Fungi Beasts","floor":13,"turns":5},{"damage":21,"enemies":"The Guardian","floor":16,"turns":21},{"damage":17,"enemies":"Spheric Guardian","floor":18,"turns":7},{"damage":0,"enemies":"3 Byrds","floor":20,"turns":2},{"damage":6,"enemies":"Snake Plant","floor":24,"turns":4},{"damage":57,"enemies":"Chosen and Byrds","floor":27,"turns":7},{"damage":29,"enemies":"Gremlin Leader","floor":29,"turns":5},{"damage":10,"enemies":"Centurion and Healer","floor":31,"turns":6},{"damage":37,"enemies":"Champ","floor":33,"turns":14}],"seed_played":"-2118578869288304372","potions_obtained":[{"floor":1,"key":"Dexterity Potion"},{"floor":6,"key":"Poison Potion"},{"floor":13,"key":"SkillPotion"},{"floor":18,"key":"GamblersBrew"},{"floor":20,"key":"Fire Potion"},{"floor":27,"key":"FearPotion"}],"is_trial":false,"path_per_floor":["M","M","?","$","?","E","$","R","T","R","?","M","M","?","R","B",null,"M","$","M","?","?","R","M","T","T","M","R","E","$","M","R","B"],"character_chosen":"DEFECT","items_purchased":["Self Repair","Leap","Loop","Block Potion"],"campfire_rested":2,"item_purchase_floors":[4,7,19,30],"current_hp_per_floor":[64,64,57,57,57,64,64,64,64,64,64,70,61,61,61,47,65,55,55,62,62,62,62,63,63,63,13,34,12,12,9,30,0],"gold":27,"neow_bonus":"THREE_ENEMY_KILL","is_prod":false,"is_daily":false,"chose_seed":false,"campfire_upgraded":0,"win_rate":0,"timestamp":1548772119,"path_taken":["M","M","?","?","?","E","$","R","T","R","?","M","M","?","R","BOSS","M","$","M","?","?","R","M","?","T","M","R","E","$","M","R","BOSS"],"build_version":"2019-01-23","purchased_purges":3,"victory":false,"max_hp_per_floor":[71,71,71,71,71,71,71,71,71,71,71,71,71,71,71,71,71,71,71,71,71,71,71,71,71,71,71,71,71,71,71,71,71],"card_choices":[{"not_picked":["Static Discharge","Redo","Chaos"],"picked":"SKIP","floor":1},{"not_picked":["Sweeping Beam","Barrage"],"picked":"FTL","floor":2},{"not_picked":["Fusion","Streamline"],"picked":"Hologram","floor":6},{"not_picked":["Skim","Undo"],"picked":"Leap","floor":12},{"not_picked":["Rebound","Undo"],"picked":"Leap","floor":13},{"not_picked":["Seek","Thunder Strike"],"picked":"Electrodynamics","floor":16},{"not_picked":["Beam Cell","Streamline"],"picked":"BootSequence+1","floor":18},{"not_picked":["Sweeping Beam","Rebound"],"picked":"Redo+1","floor":20},{"not_picked":["Sweeping Beam","Redo","Steam"],"picked":"SKIP","floor":24},{"not_picked":["Stack","Leap"],"picked":"Buffer","floor":27},{"not_picked":["Chaos","Coolheaded"],"picked":"Go for the Eyes","floor":29},{"not_picked":["Hologram","Rebound","Streamline"],"picked":"Ball Lightning","floor":31}],"player_experience":581527,"relics_obtained":[{"floor":6,"key":"Shovel"},{"floor":8,"key":"Boot"},{"floor":9,"key":"Orichalcum"},{"floor":10,"key":"Shuriken"},{"floor":15,"key":"War Paint"},{"floor":23,"key":"Blue Candle"},{"floor":25,"key":"PreservedInsect"},{"floor":26,"key":"Mercury Hourglass"},{"floor":29,"key":"Question Card"}],"event_choices":[{"cards_removed":["Strike_B"],"damage_healed":0,"gold_gain":0,"player_choice":"Card Removal","damage_taken":7,"max_hp_gain":0,"max_hp_loss":0,"event_name":"Golden Wing","floor":3,"gold_loss":0},{"damage_healed":0,"gold_gain":0,"player_choice":"Leave","damage_taken":0,"max_hp_gain":0,"max_hp_loss":0,"event_name":"The Cleric","floor":5,"gold_loss":0},{"damage_healed":0,"gold_gain":0,"player_choice":"Searched \u00270\u0027 times","damage_taken":0,"max_hp_gain":0,"max_hp_loss":0,"event_name":"Dead Adventurer","floor":11,"gold_loss":0},{"damage_healed":0,"gold_gain":0,"player_choice":"Trade","damage_taken":0,"relics_obtained":["SsserpentHead"],"max_hp_gain":0,"max_hp_loss":0,"event_name":"FaceTrader","floor":14,"gold_loss":0},{"cards_removed":["Defend_B"],"damage_healed":0,"gold_gain":0,"player_choice":"Elegance","damage_taken":0,"max_hp_gain":0,"max_hp_loss":0,"event_name":"Back to Basics","floor":21,"gold_loss":0},{"cards_removed":["Strike_B"],"damage_healed":0,"gold_gain":0,"player_choice":"Gave Gold","damage_taken":0,"max_hp_gain":0,"max_hp_loss":0,"event_name":"Beggar","floor":22,"gold_loss":75}],"is_beta":false,"boss_relics":[{"not_picked":["White Beast Statue","Black Star"],"picked":"Cursed Key"}],"items_purged_floors":[4,19,30],"is_endless":false,"potions_floor_spawned":[1,6,13,18,20,27],"killed_by":"Champ","ascension_level":20}