{"gold_per_floor":[12,12,28,0,0,31,31,44,44,44,59,59,59,94,94,189,189,206,232,331,331,341,341,357,357,382,398,424,436,461,473,485,593,605,630,690,702,328,348,348,383,383,383,408,408,12,29,43,43,43],"floor_reached":51,"playtime":3425,"items_purged":["FTL","Doubt"],"score":1040,"play_id":"cf155c6e-24b2-4728-94ba-c55100044e47","local_time":"20190928175935","is_ascension_mode":true,"campfire_choices":[{"data":"Defragment","floor":7,"key":"SMITH"},{"data":"Zap","floor":13,"key":"SMITH"},{"floor":15,"key":"REST"},{"data":"Seek","floor":23,"key":"SMITH"},{"data":"Self Repair","floor":25,"key":"SMITH"},{"data":"Coolheaded","floor":29,"key":"SMITH"},{"data":"Darkness","floor":32,"key":"SMITH"},{"data":"Consume","floor":40,"key":"SMITH"},{"data":"Echo Form","floor":42,"key":"SMITH"},{"data":"White Noise","floor":45,"key":"SMITH"},{"data":"Force Field","floor":49,"key":"SMITH"}],"neow_cost":"NO_GOLD","seed_source_timestamp":1388018504332171,"circlet_count":0,"master_deck":["Zap+1","Dualcast","Self Repair+1","Defragment+1","Coolheaded+1","Conserve Battery","Seek+1","Darkness+1","Lockon+1","Turbo","Ball Lightning+1","Undo+1","BootSequence","Coolheaded","White Noise+1","Self Repair+1","Genetic Algorithm+1","Force Field+1","Echo Form+1","Cold Snap","Madness","Madness","Consume+1","Blind","BootSequence","Secret Technique"],"special_seed":0,"relics":["Cracked Core","Symbiotic Virus","Boot","Happy Flower","Cables","Pandora\u0027s Box","Red Mask","DataDisk","MawBank","Cursed Key","Bird Faced Urn","Whetstone","Orichalcum","Thread and Needle","Potion Belt"],"potions_floor_usage":[6,14,16,28,33,36,41,41,50,50],"damage_taken":[{"damage":1.0,"enemies":"Cultist","floor":1.0,"turns":3.0},{"damage":3.0,"enemies":"2 Louse","floor":3.0,"turns":2.0},{"damage":18,"enemies":"Gremlin Nob","floor":6,"turns":3},{"damage":9,"enemies":"Small Slimes","floor":8,"turns":3},{"damage":0,"enemies":"Looter","floor":11,"turns":3},{"damage":26,"enemies":"3 Sentries","floor":14,"turns":5},{"damage":24,"enemies":"Slime Boss","floor":16,"turns":4},{"damage":29,"enemies":"2 Thieves","floor":18,"turns":3},{"damage":10,"enemies":"Masked Bandits","floor":19,"turns":3},{"damage":0,"enemies":"3 Byrds","floor":22,"turns":3},{"damage":4,"enemies":"Snake Plant","floor":24,"turns":3},{"damage":3,"enemies":"Snecko","floor":27,"turns":4},{"damage":19,"enemies":"Slavers","floor":28,"turns":5},{"damage":7,"enemies":"Shelled Parasite and Fungi","floor":30,"turns":5},{"damage":29,"enemies":"Collector","floor":33,"turns":6},{"damage":7,"enemies":"Orb Walker","floor":35,"turns":4},{"damage":31,"enemies":"2 Orb Walkers","floor":36,"turns":7},{"damage":26,"enemies":"3 Darklings","floor":39,"turns":6},{"damage":14,"enemies":"Reptomancer","floor":41,"turns":6},{"damage":0,"enemies":"Nemesis","floor":44,"turns":5},{"damage":0,"enemies":"4 Shapes","floor":47,"turns":7},{"damage":0,"enemies":"Maw","floor":48,"turns":5},{"damage":0,"enemies":"Awakened One","floor":50,"turns":15}],"seed_played":"-4923083083699919609","potions_obtained":[{"floor":1.0,"key":"GamblersBrew"},{"floor":3.0,"key":"Explosive Potion"},{"floor":6,"key":"LiquidBronze"},{"floor":8,"key":"PowerPotion"},{"floor":16,"key":"FocusPotion"},{"floor":19,"key":"SmokeBomb"},{"floor":30,"key":"Explosive Potion"},{"floor":33,"key":"SpeedPotion"},{"floor":35,"key":"SkillPotion"},{"floor":39,"key":"PowerPotion"},{"floor":47,"key":"Swift Potion"},{"floor":48,"key":"SneckoOil"}],"is_trial":false,"path_per_floor":["M","?","M","?","?","E","R","M","T","?","M","$","R","E","R","B",null,"M","?","?","?","M","R","M","R","T","M","E","R","M","?","R","B",null,"M","?","?","$","M","R","E","R","T","E","R","$","M","M","R","B",null],"character_chosen":"DEFECT","items_purchased":["Whetstone","Consume","Blind","Secret Technique","Energy Potion","Dexterity Potion"],"campfire_rested":1,"item_purchase_floors":[38,38,38,46,46,46],"current_hp_per_floor":[67,67,64,64,52,41,41,39,39,44,44,44,44,25,49,32,68,39,36,36,36,36,36,32,32,32,39,40,40,53,53,53,44,71,80,69,59,59,75,75,80,80,80,80,80,80,80,80,80,80],"gold":43,"neow_bonus":"REMOVE_TWO","is_prod":false,"is_daily":false,"chose_seed":false,"campfire_upgraded":10,"win_rate":0,"timestamp":1569686375,"path_taken":["M","?","M","?","?","E","R","M","T","?","M","?","R","E","R","BOSS","M","?","?","?","M","R","M","R","T","?","E","R","M","?","R","BOSS","M","?","?","?","M","R","E","R","T","E","R","$","M","M","R","BOSS"],"build_version":"2019-07-17","purchased_purges":2,"victory":true,"max_hp_per_floor":[75,75,75,75,75,75,75,75,75,80,80,80,80,80,80,80,80,80,80,80,80,80,80,80,80,80,80,80,80,80,80,80,80,80,80,80,80,80,80,80,80,80,80,80,80,80,80,80,80,80],"card_choices":[{"not_picked":["Rebound","Aggregate"],"picked":"Self Repair","floor":1.0},{"not_picked":["Chill","Doom and Gloom"],"picked":"Defragment","floor":3.0},{"not_picked":["Sweeping Beam","Beam Cell","Turbo"],"picked":"SKIP","floor":6},{"not_picked":["Steam","Lockon"],"picked":"Coolheaded","floor":8},{"not_picked":["Blizzard","Rebound"],"picked":"Conserve Battery","floor":11},{"not_picked":["Turbo","Meteor Strike"],"picked":"Compile Driver","floor":14},{"not_picked":["Thunder Strike","Creative AI"],"picked":"Seek","floor":16},{"not_picked":["Ball Lightning","Recycle"],"picked":"Undo+1","floor":18},{"not_picked":["Coolheaded","Rebound"],"picked":"BootSequence","floor":19},{"not_picked":["Tempest","Darkness"],"picked":"Coolheaded","floor":22},{"not_picked":["Melter+1","Cold Snap"],"picked":"White Noise","floor":24},{"not_picked":["Sweeping Beam","Turbo+1"],"picked":"Self Repair+1","floor":27},{"not_picked":["Beam Cell","Heatsinks"],"picked":"Genetic Algorithm+1","floor":28},{"not_picked":["Self Repair","Turbo","Gash"],"picked":"SKIP","floor":30},{"not_picked":["Machine Learning","Fission"],"picked":"Echo Form","floor":33},{"not_picked":["Stack","Sweeping Beam","Genetic Algorithm+1"],"picked":"SKIP","floor":35},{"not_picked":["Rebound+1","Ball Lightning+1"],"picked":"Cold Snap","floor":36},{"not_picked":["Hologram","Beam Cell","Redo"],"picked":"SKIP","floor":39},{"not_picked":["Compile Driver","Hyperbeam","Fusion"],"picked":"SKIP","floor":41},{"not_picked":["Consume","Stack"],"picked":"BootSequence","floor":44},{"not_picked":["Leap","Streamline+1","Hello World"],"picked":"SKIP","floor":47},{"not_picked":["Lockon+1","Static Discharge","Stack"],"picked":"SKIP","floor":48}],"player_experience":308505,"relics_obtained":[{"floor":6,"key":"Boot"},{"floor":9,"key":"Happy Flower"},{"floor":14,"key":"Cables"},{"floor":19,"key":"Red Mask"},{"floor":26,"key":"DataDisk"},{"floor":28,"key":"MawBank"},{"floor":36,"key":"Bird Faced Urn"},{"floor":41,"key":"Orichalcum"},{"floor":43,"key":"Thread and Needle"},{"floor":44,"key":"Potion Belt"}],"event_choices":[{"cards_removed":["Defend_B"],"damage_healed":0.0,"max_hp_gain":0.0,"max_hp_loss":0.0,"gold_gain":0.0,"event_name":"Living Wall","player_choice":"Forget","floor":2.0,"gold_loss":0.0,"damage_taken":0.0},{"damage_healed":0.0,"max_hp_gain":0.0,"max_hp_loss":0.0,"gold_gain":0.0,"event_name":"World of Goop","player_choice":"Left Gold","floor":4.0,"gold_loss":28.0,"damage_taken":0.0},{"damage_healed":0.0,"max_hp_gain":0.0,"max_hp_loss":0.0,"gold_gain":0.0,"event_name":"Scrap Ooze","player_choice":"Success","floor":5.0,"gold_loss":0.0,"damage_taken":12.0,"relics_obtained":["Symbiotic Virus"]},{"damage_healed":0,"gold_gain":0,"player_choice":"Donut","damage_taken":0,"max_hp_gain":5,"max_hp_loss":0,"event_name":"Big Fish","floor":10,"gold_loss":0},{"damage_healed":0,"gold_gain":0,"player_choice":"Fought Bandits","damage_taken":0,"max_hp_gain":0,"max_hp_loss":0,"event_name":"Masked Bandits","floor":19,"gold_loss":0},{"damage_healed":0,"gold_gain":99,"player_choice":"Stole From Cult","damage_taken":0,"max_hp_gain":0,"max_hp_loss":0,"event_name":"Nest","floor":20,"gold_loss":0},{"damage_healed":0,"gold_gain":0,"player_choice":"Ignored","damage_taken":0,"max_hp_gain":0,"max_hp_loss":0,"event_name":"N\u0027loth","floor":21,"gold_loss":0},{"damage_healed":0,"gold_gain":0,"cards_transformed":["Thunder Strike","Compile Driver"],"player_choice":"Became Test Subject","damage_taken":0,"max_hp_gain":0,"max_hp_loss":0,"event_name":"Drug Dealer","floor":31,"gold_loss":0,"cards_obtained":["Force Field","FTL"]},{"damage_healed":0,"gold_gain":0,"player_choice":"Fight","damage_taken":0,"max_hp_gain":0,"max_hp_loss":0,"event_name":"Mysterious Sphere","floor":36,"gold_loss":0},{"damage_healed":0,"gold_gain":0,"player_choice":"Embrace Madness","damage_taken":10,"max_hp_gain":0,"max_hp_loss":0,"event_name":"Winding Halls","floor":37,"gold_loss":0,"cards_obtained":["Madness","Madness"]}],"is_beta":false,"boss_relics":[{"not_picked":["Snecko Eye","Eternal Feather"],"picked":"Pandora\u0027s Box"},{"not_picked":["Coffee Dripper","Fusion Hammer"],"picked":"Cursed Key"}],"items_purged_floors":[38,46],"is_endless":false,"potions_floor_spawned":[1,3,6,8,16,19,30,33,35,39,47,48],"ascension_level":6}