{"gold_per_floor":[18,34,44,44,59,59,84,6,29,92,92,111,111,139,139,243,243,168,168,168,77,95,95,124,124,124,158,168,168],"floor_reached":29,"playtime":2730,"items_purged":["Defend_B"],"score":319,"play_id":"c1f23cf8-8343-4a80-9441-95732e7c9045","local_time":"20190810060410","is_ascension_mode":false,"campfire_choices":[{"data":"Chill","floor":6,"key":"SMITH"},{"data":"Defragment","floor":11,"key":"SMITH"},{"floor":13,"key":"REST"},{"data":"Machine Learning","floor":15,"key":"SMITH"},{"data":"Echo Form","floor":23,"key":"SMITH"}],"neow_cost":"NO_GOLD","seed_source_timestamp":302669336119862,"circlet_count":0,"master_deck":["Defend_B+1","Defend_B","Defend_B","Zap+1","Dualcast","Capacitor","Skim+1","Static Discharge","Chill+1","Hologram","Loop","Defragment+1","Machine Learning+1","Coolheaded","Echo Form+1","Double Energy","Ghostly","Ghostly","Ghostly","Ghostly","Ghostly","Conserve Battery","Turbo","Defragment","Heatsinks","Glacier"],"relics":["Cracked Core","War Paint","Centennial Puzzle","The Courier","Philosopher\u0027s Stone","Boot","Nilry\u0027s Codex","Letter Opener","Ancient Tea Set"],"potions_floor_usage":[7,16,29],"damage_taken":[{"damage":5,"enemies":"Jaw Worm","floor":1,"turns":4},{"damage":12,"enemies":"Small Slimes","floor":2,"turns":3},{"damage":0,"enemies":"2 Louse","floor":3,"turns":1},{"damage":12,"enemies":"Blue Slaver","floor":5,"turns":4},{"damage":28,"enemies":"Gremlin Nob","floor":7,"turns":4},{"damage":0,"enemies":"3 Sentries","floor":10,"turns":7},{"damage":0,"enemies":"Large Slime","floor":12,"turns":4},{"damage":1,"enemies":"3 Sentries","floor":14,"turns":9},{"damage":16,"enemies":"The Guardian","floor":16,"turns":14},{"damage":13,"enemies":"2 Thieves","floor":18,"turns":5},{"damage":0,"enemies":"Chosen","floor":22,"turns":9},{"damage":4,"enemies":"Gremlin Leader","floor":24,"turns":10},{"damage":0,"enemies":"Book of Stabbing","floor":27,"turns":8},{"damage":0,"enemies":"Centurion and Healer","floor":28,"turns":8},{"damage":17,"enemies":"Slavers","floor":29,"turns":1}],"seed_played":"-7514240927807930343","potions_obtained":[{"floor":1,"key":"SteroidPotion"},{"floor":2,"key":"Strength Potion"},{"floor":10,"key":"SmokeBomb"},{"floor":14,"key":"SkillPotion"},{"floor":22,"key":"Swift Potion"},{"floor":27,"key":"Fire Potion"}],"is_trial":false,"path_per_floor":["M","M","M","?","M","R","E","$","T","?","R","M","R","E","R","B",null,"M","?","?","$","M","R","E","?","T","E","M","E"],"character_chosen":"DEFECT","items_purchased":["Defragment","Defragment"],"campfire_rested":1,"item_purchase_floors":[8,21],"current_hp_per_floor":[70,58,58,58,46,46,18,18,18,18,18,18,40,39,39,23,75,62,37,37,37,37,37,33,17,17,17,17,0],"gold":168,"neow_bonus":"TRANSFORM_TWO_CARDS","is_prod":false,"is_daily":false,"chose_seed":false,"campfire_upgraded":4,"win_rate":0,"timestamp":1565409850,"path_taken":["M","M","M","?","M","R","E","$","T","?","R","M","R","E","R","BOSS","M","?","?","$","M","R","E","?","T","E","M","E"],"build_version":"2019-07-17","purchased_purges":1,"victory":false,"max_hp_per_floor":[75,75,75,75,75,75,75,75,75,75,75,75,75,75,75,75,75,75,37,37,37,37,37,37,37,37,37,37,37],"card_choices":[{"not_picked":["Recycle","Turbo"],"picked":"Static Discharge","floor":1},{"not_picked":["Hologram","Gash"],"picked":"Chill","floor":2},{"not_picked":["Scrape","Turbo"],"picked":"Hologram","floor":3},{"not_picked":["Melter","Compile Driver"],"picked":"Loop","floor":5},{"not_picked":["Storm","Rebound","Beam Cell"],"picked":"SKIP","floor":7},{"not_picked":["Skim","Leap"],"picked":"Machine Learning","floor":10},{"not_picked":["Stack","Hologram"],"picked":"Coolheaded","floor":12},{"not_picked":["Coolheaded","Sweeping Beam","Hologram"],"picked":"SKIP","floor":14},{"not_picked":["Rainbow","All For One"],"picked":"Echo Form","floor":16},{"not_picked":["Steam Power","Turbo"],"picked":"Double Energy","floor":18},{"not_picked":["Turbo","Sweeping Beam"],"picked":"Heatsinks","floor":22},{"not_picked":["Gash","Beam Cell+1"],"picked":"Glacier","floor":24},{"not_picked":["Static Discharge","Go for the Eyes","Redo+1"],"picked":"SKIP","floor":27},{"not_picked":["Consume","Conserve Battery+1","All For One"],"picked":"SKIP","floor":28}],"player_experience":172252,"relics_obtained":[{"floor":7,"key":"War Paint"},{"floor":10,"key":"Centennial Puzzle"},{"floor":14,"key":"The Courier"},{"floor":24,"key":"Boot"},{"floor":25,"key":"Nilry\u0027s Codex"},{"floor":26,"key":"Letter Opener"},{"floor":27,"key":"Ancient Tea Set"}],"event_choices":[{"damage_healed":0,"gold_gain":0,"player_choice":"Grow","damage_taken":0,"max_hp_gain":0,"max_hp_loss":0,"event_name":"Living Wall","floor":4,"gold_loss":0,"cards_upgraded":["Zap"]},{"damage_healed":0,"gold_gain":30,"player_choice":"Searched \u00272\u0027 times","damage_taken":0,"max_hp_gain":0,"max_hp_loss":0,"event_name":"Dead Adventurer","floor":10,"gold_loss":0},{"damage_healed":0,"gold_gain":0,"player_choice":"Became a Ghost","damage_taken":0,"max_hp_gain":0,"max_hp_loss":38,"event_name":"Ghosts","floor":19,"gold_loss":0,"cards_obtained":["Ghostly","Ghostly","Ghostly","Ghostly","Ghostly"]},{"damage_healed":0,"gold_gain":0,"cards_transformed":["Strike_B","Strike_B"],"player_choice":"Became Test Subject","damage_taken":0,"max_hp_gain":0,"max_hp_loss":0,"event_name":"Drug Dealer","floor":20,"gold_loss":0,"cards_obtained":["Conserve Battery","Turbo"]},{"damage_healed":0,"gold_gain":0,"player_choice":"Obtained Book","damage_taken":16,"max_hp_gain":0,"max_hp_loss":0,"event_name":"Cursed Tome","floor":25,"gold_loss":0}],"is_beta":false,"boss_relics":[{"not_picked":["Coffee Dripper","Lizard Tail"],"picked":"Philosopher\u0027s Stone"}],"items_purged_floors":[21],"is_endless":false,"potions_floor_spawned":[1,2,10,14,22,27],"killed_by":"Slavers","ascension_level":0}