{"path_per_floor":["M","M","?","M","$","E","R","E","T","R","M","E","M","$","R","B",null],"character_chosen":"THE_SILENT","items_purchased":["Infinite Blades","Poisoned Stab","Footwork"],"gold_per_floor":[117,133,133,145,45,72,72,101,125,125,140,173,187,78,78,175,175],"floor_reached":18,"campfire_rested":2,"playtime":1492,"current_hp_per_floor":[63,63,63,58,58,42,42,15,15,51,47,22,17,17,53,20,58],"items_purged":["Regret"],"gold":160,"score":234,"play_id":"a0b309e3-6f20-4383-96cd-507a1986dbab","local_time":"20180310160828","is_prod":false,"is_daily":false,"is_ascension_mode":true,"campfire_upgraded":1,"timestamp":1520694508,"path_taken":["M","M","?","?","$","E","R","E","T","R","M","E","M","$","R","BOSS","M"],"build_version":"2018-03-09","purchased_purges":1,"victory":false,"master_deck":["Defend_G","Defend_G","Defend_G","Defend_G","Defend_G","Strike_G","Strike_G","Strike_G","Strike_G","Survivor","Neutralize","Poisoned Stab","Cloak And Dagger","Accuracy","Infinite Blades+1","Poisoned Stab","Storm of Steel","Blur","Footwork","Distraction","Storm of Steel"],"max_hp_per_floor":[70,70,70,70,70,70,70,70,70,70,70,70,70,70,70,70,70],"relics":["Ring of the Snake","Dream Catcher","Orichalcum","Bag of Marbles","Regal Pillow","Pen Nib","Ectoplasm"],"card_choices":[{"not_picked":["Deflect","Riddle With Holes"],"picked":"Poisoned Stab"},{"not_picked":["Masterful Stab","Dodge and Roll"],"picked":"Cloak And Dagger"},{"not_picked":["Dagger Throw","Bane"],"picked":"Accuracy"},{"not_picked":["Dash","Poisoned Stab"],"picked":"Storm of Steel"},{"not_picked":["Dash","Die Die Die"],"picked":"Blur"},{"not_picked":["Backflip","Acrobatics"],"picked":"Distraction"},{"not_picked":["Die Die Die","Tools of the Trade"],"picked":"Storm of Steel"}],"player_experience":194831,"potions_floor_usage":[8,11,12],"damage_taken":[{"damage":0,"enemies":"Jaw Worm","floor":1,"turns":4},{"damage":0,"enemies":"Small Slimes","floor":2,"turns":3},{"damage":5,"enemies":"Cultist","floor":4,"turns":4},{"damage":16,"enemies":"3 Sentries","floor":6,"turns":8},{"damage":27,"enemies":"Lagavulin","floor":8,"turns":5},{"damage":4,"enemies":"Lots of Slimes","floor":11,"turns":4},{"damage":25,"enemies":"Gremlin Nob","floor":12,"turns":4},{"damage":5,"enemies":"Looter","floor":13,"turns":2},{"damage":33,"enemies":"Hexaghost","floor":16,"turns":12},{"damage":3,"enemies":"2 Thieves","floor":18,"turns":1}],"event_choices":[{"event_name":"Big Fish","player_choice":"Box","floor":3,"damage_taken":0}],"boss_relics":[{"not_picked":["Question Card","Lizard Tail"],"picked":"Ectoplasm"}],"potions_floor_spawned":[1,2,6,12],"seed_played":"7036076013086133039","killed_by":"2 Thieves","ascension_level":6,"is_trial":false}