{"gold_per_floor":[116,116,116,36,56,56,69,103,103,103,136,147,178,198,198,296,296,307,406,425,425,150,181,181,216,216,216,216,216,68,68,68,68],"floor_reached":33,"playtime":2531,"items_purged":["Reckless Charge+1","Inflame+1"],"score":307,"play_id":"f30fb028-7659-4f49-83d6-69d6b72342dd","local_time":"20191002123040","is_ascension_mode":true,"campfire_choices":[{"floor":6,"key":"RECALL"},{"data":"Heavy Blade","floor":10,"key":"SMITH"},{"floor":15,"key":"REST"},{"floor":24,"key":"REST"},{"floor":28,"key":"REST"},{"data":"Inflame","floor":29,"key":"SMITH"},{"data":"Pommel Strike","floor":32,"key":"SMITH"}],"neow_cost":"NONE","seed_source_timestamp":1641943532388277,"circlet_count":0,"master_deck":["Strike_R","Defend_R","Defend_R","Defend_R","Defend_R","Bash","Armaments+1","Thunderclap","Inflame+1","Heavy Blade+1","Spot Weakness","Feed","Heavy Blade","Pommel Strike+1","Infernal Blade+1","Metallicize+1","Warcry","Impervious","Pommel Strike"],"relics":["Burning Blood","Bottled Tornado","WingedGreaves","Dodecahedron","Astrolabe","Brimstone","Champion Belt","Red Mask","Ornamental Fan"],"potions_floor_usage":[8,13,13,16,16,33],"damage_taken":[{"damage":8,"enemies":"Jaw Worm","floor":1,"turns":4},{"damage":1,"enemies":"Cultist","floor":5,"turns":3},{"damage":5,"enemies":"Small Slimes","floor":7,"turns":3},{"damage":31,"enemies":"Lagavulin","floor":8,"turns":4},{"damage":29,"enemies":"Gremlin Nob","floor":11,"turns":4},{"damage":3,"enemies":"3 Louse","floor":12,"turns":3},{"damage":22,"enemies":"Lagavulin","floor":13,"turns":5},{"damage":0,"enemies":"Large Slime","floor":14,"turns":5},{"damage":35,"enemies":"The Guardian","floor":16,"turns":8},{"damage":0,"enemies":"Spheric Guardian","floor":18,"turns":3},{"damage":27,"enemies":"3 Byrds","floor":20,"turns":6},{"damage":47,"enemies":"Book of Stabbing","floor":23,"turns":4},{"damage":47,"enemies":"Masked Bandits","floor":25,"turns":5},{"damage":35,"enemies":"Champ","floor":33,"turns":6}],"seed_played":"3383442266234757564","potions_obtained":[{"floor":3,"key":"Ancient Potion"},{"floor":3,"key":"Poison Potion"},{"floor":3,"key":"Energy Potion"},{"floor":12,"key":"Strength Potion"},{"floor":13,"key":"SteroidPotion"},{"floor":14,"key":"Dexterity Potion"},{"floor":18,"key":"Dexterity Potion"}],"is_trial":false,"path_per_floor":["M","?","?","$","M","R","M","E","T","R","E","M","E","M","R","B",null,"M","?","M","?","$","E","R","?","T","?","R","R","$","?","R","B"],"character_chosen":"IRONCLAD","items_purchased":["Inflame","Brimstone","Pommel Strike"],"campfire_rested":3,"item_purchase_floors":[4,22,30],"current_hp_per_floor":[78,78,78,78,80,80,80,55,55,55,32,38,22,28,52,23,83,83,83,65,65,65,24,49,8,8,8,33,33,33,33,33,0],"gold":68,"neow_bonus":"THREE_CARDS","is_prod":false,"is_daily":false,"chose_seed":false,"campfire_upgraded":3,"win_rate":0,"timestamp":1570033840,"path_taken":["M","?","?","$","M","R","M","E","T","R","E","M","E","?","R","BOSS","M","?","M","?","$","E","R","?","T","?","R","R","$","?","R","BOSS"],"build_version":"2019-07-17","purchased_purges":2,"victory":false,"max_hp_per_floor":[80,80,80,80,80,80,80,80,80,80,80,83,83,83,83,83,83,83,83,86,86,86,86,86,86,86,86,86,86,86,86,86,86],"card_choices":[{"not_picked":["Twin Strike","Sword Boomerang"],"picked":"Armaments","floor":0},{"not_picked":["Sword Boomerang","Anger"],"picked":"Thunderclap","floor":1},{"not_picked":["Sword Boomerang","Fire Breathing"],"picked":"Heavy Blade","floor":5},{"not_picked":["Perfected Strike","Heavy Blade"],"picked":"Spot Weakness","floor":7},{"not_picked":["Body Slam","Dual Wield","Ghostly Armor"],"picked":"SKIP","floor":8},{"not_picked":["Seeing Red","Pommel Strike"],"picked":"Feed","floor":11},{"not_picked":["Wild Strike","Armaments"],"picked":"Heavy Blade","floor":12},{"not_picked":["Bloodletting","Fire Breathing","Headbutt"],"picked":"SKIP","floor":13},{"not_picked":["Immolate","Power Through"],"picked":"Pommel Strike","floor":14},{"not_picked":["Power Through","Clash"],"picked":"Metallicize+1","floor":18},{"not_picked":["Body Slam","Burning Pact","Infernal Blade"],"picked":"SKIP","floor":20},{"not_picked":["Sentinel+1","Pummel"],"picked":"Impervious","floor":23}],"player_experience":190682,"relics_obtained":[{"floor":8,"key":"Bottled Tornado"},{"floor":11,"key":"WingedGreaves"},{"floor":13,"key":"Dodecahedron"},{"floor":23,"key":"Champion Belt"},{"floor":25,"key":"Red Mask"},{"floor":26,"key":"Ornamental Fan"}],"event_choices":[{"damage_healed":0,"gold_gain":0,"player_choice":"Grow","damage_taken":0,"max_hp_gain":0,"max_hp_loss":0,"event_name":"Living Wall","floor":2,"gold_loss":0,"cards_upgraded":["Armaments"]},{"damage_healed":0,"gold_gain":0,"player_choice":"Got Potions","damage_taken":0,"max_hp_gain":0,"max_hp_loss":0,"event_name":"Lab","floor":3,"gold_loss":0},{"damage_healed":0,"gold_gain":99,"player_choice":"Stole From Cult","damage_taken":0,"max_hp_gain":0,"max_hp_loss":0,"event_name":"Nest","floor":19,"gold_loss":0},{"damage_healed":0,"gold_gain":0,"player_choice":"Read","damage_taken":0,"max_hp_gain":0,"max_hp_loss":0,"event_name":"The Library","floor":21,"gold_loss":0,"cards_obtained":["Warcry"]},{"damage_healed":0,"gold_gain":0,"player_choice":"Fought Bandits","damage_taken":0,"max_hp_gain":0,"max_hp_loss":0,"event_name":"Masked Bandits","floor":25,"gold_loss":0},{"cards_removed":["Strike_R"],"damage_healed":0,"gold_gain":0,"player_choice":"Elegance","damage_taken":0,"max_hp_gain":0,"max_hp_loss":0,"event_name":"Back to Basics","floor":27,"gold_loss":0},{"damage_healed":0,"gold_gain":0,"player_choice":"Ignored","damage_taken":0,"max_hp_gain":0,"max_hp_loss":0,"event_name":"Ghosts","floor":31,"gold_loss":0}],"is_beta":false,"boss_relics":[{"not_picked":["Pandora\u0027s Box","Runic Dome"],"picked":"Astrolabe"}],"items_purged_floors":[22,30],"is_endless":false,"potions_floor_spawned":[5,12,13,14,18,25],"killed_by":"Champ","ascension_level":2}