{"gold_per_floor":[113,113,113,127,127,127,139,139,139,153,171,187,187,214,214,319,319,336,336,348,23,40,40,75,75,75,94,157,157,207,257,257,360,360,371,438,488,538,82,82,109,109,109,109,124,144,93,109,109,109],"floor_reached":50,"playtime":2206,"items_purged":["Strike_B","Writhe"],"score":615,"play_id":"0888b3d5-28ea-4bd7-b80f-59c85c998792","local_time":"20190923202626","is_ascension_mode":true,"campfire_choices":[{"data":"White Noise","floor":6.0,"key":"SMITH"},{"data":"Coolheaded","floor":8.0,"key":"SMITH"},{"data":"Sunder","floor":13.0,"key":"SMITH"},{"floor":15.0,"key":"REST"},{"data":"Self Repair","floor":23.0,"key":"SMITH"},{"data":"Electrodynamics","floor":25.0,"key":"SMITH"},{"data":"Dualcast","floor":29.0,"key":"SMITH"},{"data":"Zap","floor":32.0,"key":"SMITH"},{"data":"Auto Shields","floor":40,"key":"SMITH"},{"data":"Ball Lightning","floor":42,"key":"SMITH"},{"data":"Cold Snap","floor":44,"key":"SMITH"},{"data":"Defend_B","floor":49,"key":"SMITH"}],"neow_cost":"NONE","seed_source_timestamp":0,"circlet_count":0,"master_deck":["Strike_B","Strike_B","Defend_B","Defend_B","Defend_B","Defend_B+1","Zap+1","Dualcast+1","White Noise+1","Coolheaded+1","Cold Snap+1","Sunder+1","Ball Lightning+1","Electrodynamics+1","Self Repair+1","Beam Cell+1","Auto Shields+1","Zap+1","Buffer+1","Leap+1","Capacitor+1","Leap+1","Defragment+1","Capacitor+1"],"special_seed":0,"relics":["Cracked Core","Pocketwatch","Thread and Needle","Anchor","Nuclear Battery","SsserpentHead","Frozen Egg 2","Darkstone Periapt","Toxic Egg 2","Ancient Tea Set","Coffee Dripper","PreservedInsect","Bottled Tornado","Torii","Blood Vial"],"potions_floor_usage":[50,50,50],"damage_taken":[{"damage":10.0,"enemies":"Small Slimes","floor":1.0,"turns":3.0},{"damage":4.0,"enemies":"Jaw Worm","floor":4.0,"turns":3.0},{"damage":0.0,"enemies":"2 Louse","floor":7.0,"turns":2.0},{"damage":3.0,"enemies":"Red Slaver","floor":10.0,"turns":3.0},{"damage":9.0,"enemies":"Lots of Slimes","floor":11.0,"turns":4.0},{"damage":8.0,"enemies":"Exordium Wildlife","floor":12.0,"turns":4.0},{"damage":24.0,"enemies":"Lagavulin","floor":14.0,"turns":4.0},{"damage":21.0,"enemies":"Hexaghost","floor":16.0,"turns":9.0},{"damage":0.0,"enemies":"Chosen","floor":18.0,"turns":4.0},{"damage":0.0,"enemies":"3 Byrds","floor":20.0,"turns":1.0},{"damage":0.0,"enemies":"Cultist and Chosen","floor":22.0,"turns":3.0},{"damage":10.0,"enemies":"Slavers","floor":24.0,"turns":3.0},{"damage":2.0,"enemies":"Centurion and Healer","floor":27.0,"turns":3.0},{"damage":4.0,"enemies":"Chosen and Byrds","floor":28.0,"turns":4.0},{"damage":69.0,"enemies":"Automaton","floor":33.0,"turns":12.0},{"damage":0.0,"enemies":"Orb Walker","floor":35.0,"turns":3.0},{"damage":0,"enemies":"3 Darklings","floor":36,"turns":5},{"damage":11,"enemies":"Reptomancer","floor":41,"turns":5},{"damage":0,"enemies":"Maw","floor":45,"turns":6},{"damage":0,"enemies":"4 Shapes","floor":46,"turns":3},{"damage":18,"enemies":"3 Darklings","floor":48,"turns":3},{"damage":94,"enemies":"Donu and Deca","floor":50,"turns":8}],"seed_played":"-1679427677036258662","potions_obtained":[{"floor":1.0,"key":"Energy Potion"},{"floor":11.0,"key":"Poison Potion"},{"floor":14.0,"key":"Energy Potion"},{"floor":22.0,"key":"Regen Potion"},{"floor":28.0,"key":"LiquidBronze"},{"floor":35.0,"key":"SpeedPotion"}],"is_trial":false,"path_per_floor":["M","?","?","M","?","R","M","R","T","M","M","M","R","E","R","B",null,"M","?","M","$","M","R","E","R","T","M","M","R","?","?","R","B",null,"M","M","?","T","$","R","E","R","T","R","M","M","$","M","R","B"],"character_chosen":"DEFECT","items_purchased":["Frozen Egg 2","Bottled Tornado","Capacitor+1","Leap+1","PowerPotion"],"campfire_rested":1,"item_purchase_floors":[21,39,39,39,47],"current_hp_per_floor":[72,65,65,61,61,61,61,61,61,58,49,41,41,17,41,20,67,67,67,67,67,74,74,74,74,74,72,78,78,84,84,84,25,72,88,88,84,84,84,84,83,83,83,83,84,84,84,66,66,0],"gold":109,"neow_bonus":"TEN_PERCENT_HP_BONUS","is_prod":false,"is_daily":false,"chose_seed":false,"campfire_upgraded":11,"win_rate":0,"timestamp":1569263186,"path_taken":["M","?","?","?","?","R","M","R","T","M","M","M","R","E","R","BOSS","M","?","M","$","M","R","E","R","T","M","?","R","?","?","R","BOSS","M","?","?","?","$","R","E","R","T","R","M","M","$","M","R","BOSS"],"build_version":"2019-07-17","purchased_purges":2,"victory":false,"max_hp_per_floor":[82,82,82,82,82,82,82,82,82,82,82,82,82,82,82,82,82,82,82,82,82,82,82,82,82,82,82,82,82,88,88,88,88,88,88,88,84,84,84,84,84,84,84,84,84,84,84,84,84,84],"card_choices":[{"not_picked":["Heatsinks","Gash"],"picked":"White Noise","floor":1.0},{"not_picked":["Hologram","Heatsinks","Leap"],"picked":"SKIP","floor":4.0},{"not_picked":["Compile Driver","Steam Power"],"picked":"Coolheaded","floor":7.0},{"not_picked":["Beam Cell","Go for the Eyes","Barrage"],"picked":"SKIP","floor":10.0},{"not_picked":["Genetic Algorithm","Stack"],"picked":"Cold Snap","floor":11.0},{"not_picked":["Streamline","Turbo"],"picked":"Sunder","floor":12.0},{"not_picked":["Conserve Battery","Streamline"],"picked":"Ball Lightning","floor":14.0},{"not_picked":["Biased Cognition","Rainbow"],"picked":"Electrodynamics","floor":16.0},{"not_picked":["Stack","Sweeping Beam"],"picked":"Self Repair","floor":18.0},{"not_picked":["Turbo","Gash"],"picked":"Beam Cell+1","floor":20.0},{"not_picked":["Blizzard","Consume"],"picked":"Auto Shields","floor":22.0},{"not_picked":["Hello World+1","Steam","Rebound"],"picked":"SKIP","floor":24.0},{"not_picked":["Compile Driver","Beam Cell","Cold Snap"],"picked":"SKIP","floor":27.0},{"not_picked":["Coolheaded+1","Compile Driver+1","Stack+1"],"picked":"SKIP","floor":28.0},{"not_picked":["Seek+1","Amplify+1"],"picked":"Buffer+1","floor":33.0},{"not_picked":["Rebound+1","Barrage+1"],"picked":"Leap+1","floor":35.0},{"not_picked":["Scrape","Steam Power+1","Gash+1"],"picked":"SKIP","floor":36},{"not_picked":["Rip and Tear+1","Aggregate+1"],"picked":"Defragment+1","floor":41},{"not_picked":["Stack+1","Self Repair+1"],"picked":"Capacitor+1","floor":45},{"not_picked":["Sweeping Beam+1","Stack+1","Aggregate+1"],"picked":"SKIP","floor":46},{"not_picked":["Steam+1","Stack+1","Rebound"],"picked":"SKIP","floor":48}],"player_experience":288898,"relics_obtained":[{"floor":9.0,"key":"Thread and Needle"},{"floor":14.0,"key":"Anchor"},{"floor":24.0,"key":"Darkstone Periapt"},{"floor":26.0,"key":"Toxic Egg 2"},{"floor":38,"key":"PreservedInsect"},{"floor":41,"key":"Torii"},{"floor":43,"key":"Blood Vial"}],"event_choices":[{"cards_removed":["Strike_B"],"damage_healed":0.0,"max_hp_gain":0.0,"max_hp_loss":0.0,"gold_gain":0.0,"event_name":"Golden Wing","player_choice":"Card Removal","floor":2.0,"gold_loss":0.0,"damage_taken":7.0},{"damage_healed":0.0,"max_hp_gain":0.0,"max_hp_loss":0.0,"gold_gain":0.0,"event_name":"Big Fish","player_choice":"Box","floor":3.0,"gold_loss":0.0,"damage_taken":0.0,"relics_obtained":["Pocketwatch"],"cards_obtained":["Regret"]},{"cards_removed":["Regret"],"damage_healed":0.0,"max_hp_gain":0.0,"max_hp_loss":0.0,"gold_gain":0.0,"event_name":"Purifier","player_choice":"Purged","floor":5.0,"gold_loss":0.0,"damage_taken":0.0},{"damage_healed":0.0,"max_hp_gain":0.0,"max_hp_loss":0.0,"gold_gain":0.0,"event_name":"FaceTrader","player_choice":"Trade","floor":19.0,"gold_loss":0.0,"damage_taken":0.0,"relics_obtained":["SsserpentHead"]},{"damage_healed":0.0,"max_hp_gain":0.0,"max_hp_loss":0.0,"gold_gain":0.0,"event_name":"The Mausoleum","player_choice":"Opened","floor":30.0,"gold_loss":0.0,"damage_taken":0.0,"relics_obtained":["Ancient Tea Set"],"cards_obtained":["Writhe"]},{"damage_healed":0.0,"max_hp_gain":0.0,"max_hp_loss":0.0,"gold_gain":0.0,"event_name":"Match and Keep!","player_choice":"1 cards matched","floor":31.0,"gold_loss":0.0,"damage_taken":0.0,"cards_obtained":["Zap"]},{"damage_healed":0,"gold_gain":0,"player_choice":"Max HP","damage_taken":0,"max_hp_gain":0,"max_hp_loss":4,"event_name":"Winding Halls","floor":37,"gold_loss":0}],"is_beta":false,"boss_relics":[{"not_picked":["Velvet Choker","Astrolabe"],"picked":"Nuclear Battery"},{"not_picked":["Tiny House","FrozenCore"],"picked":"Coffee Dripper"}],"items_purged_floors":[21,39],"is_endless":false,"potions_floor_spawned":[1,11,14,22,28,35,36,48],"killed_by":"Donu and Deca","ascension_level":5}