{"gold_per_floor":[114,126,143,143,153,153,185,185,185,185,203,232,2,16,16,119,119,119,44,44,44,44,44,44,44,44,44,44,44,44,44,44,44],"floor_reached":33,"playtime":1819,"items_purged":["Strike_B"],"score":407,"play_id":"a4812930-804b-44e4-8a27-8081f6e2af55","local_time":"20191003010323","is_ascension_mode":true,"campfire_choices":[{"data":"Fission","floor":6,"key":"SMITH"},{"data":"Chaos","floor":8,"key":"SMITH"},{"floor":10,"key":"REST"},{"data":"Seek","floor":15,"key":"SMITH"},{"data":"Static Discharge","floor":23,"key":"SMITH"},{"data":"Rainbow","floor":25,"key":"SMITH"},{"floor":30,"key":"REST"},{"data":"Capacitor","floor":32,"key":"SMITH"}],"neow_cost":"NONE","seed_source_timestamp":349754811139827,"circlet_count":0,"master_deck":["Defend_B","Defend_B","Defend_B","Defend_B","Zap","Dualcast","Fission+1","Undo","Compile Driver","Chaos+1","Seek+1","Ball Lightning","Cold Snap","Core Surge","Static Discharge+1","Rainbow+1","RitualDagger","Reboot","Recycle","Cold Snap+1","Capacitor+1","Hologram+1","Tempest+1"],"relics":["Cracked Core","Shuriken","Unceasing Top","Turnip","Ectoplasm","FossilizedHelix","Gremlin Horn","Gambling Chip","The Courier","StoneCalendar","Molten Egg 2"],"potions_floor_usage":[7,16,16,24,27,29],"damage_taken":[{"damage":0,"enemies":"2 Louse","floor":1,"turns":3},{"damage":1,"enemies":"Small Slimes","floor":2,"turns":3},{"damage":1,"enemies":"Cultist","floor":3,"turns":3},{"damage":11,"enemies":"2 Fungi Beasts","floor":5,"turns":4},{"damage":29,"enemies":"Lagavulin","floor":7,"turns":7},{"damage":5,"enemies":"Exordium Wildlife","floor":11,"turns":6},{"damage":2,"enemies":"Gremlin Nob","floor":12,"turns":3},{"damage":0,"enemies":"Large Slime","floor":14,"turns":2},{"damage":18,"enemies":"Slime Boss","floor":16,"turns":8},{"damage":0,"enemies":"Spheric Guardian","floor":18,"turns":2},{"damage":10,"enemies":"Gremlin Leader","floor":24,"turns":5},{"damage":14,"enemies":"Slavers","floor":27,"turns":4},{"damage":0,"enemies":"Chosen","floor":28,"turns":2},{"damage":0,"enemies":"Colosseum Slavers","floor":29,"turns":2},{"damage":0,"enemies":"Colosseum Nobs","floor":29,"turns":4},{"damage":70,"enemies":"Automaton","floor":33,"turns":6}],"seed_played":"-7872292555010211499","potions_obtained":[{"floor":1,"key":"Regen Potion"},{"floor":3,"key":"Fire Potion"},{"floor":14,"key":"Weak Potion"},{"floor":16,"key":"Poison Potion"},{"floor":18,"key":"Block Potion"},{"floor":28,"key":"Dexterity Potion"}],"is_trial":false,"path_per_floor":["M","M","M","?","M","R","E","R","T","R","M","E","$","M","R","B",null,"M","?","?","?","?","R","E","R","T","E","M","?","R","$","R","B"],"character_chosen":"DEFECT","items_purchased":["Core Surge"],"campfire_rested":2,"item_purchase_floors":[13],"current_hp_per_floor":[68,67,66,66,55,55,26,26,26,48,43,41,41,41,41,38,66,66,66,60,60,60,60,50,50,50,36,36,36,58,58,58,0],"gold":44,"neow_bonus":"ONE_RANDOM_RARE_CARD","is_prod":false,"is_daily":false,"chose_seed":false,"campfire_upgraded":6,"win_rate":0,"timestamp":1570057403,"path_taken":["M","M","M","?","M","R","E","R","T","R","M","E","$","M","R","BOSS","M","?","?","?","?","R","E","R","T","E","M","?","R","$","R","BOSS"],"build_version":"2019-07-17","purchased_purges":1,"victory":false,"max_hp_per_floor":[75,75,75,75,75,75,75,75,75,75,75,75,75,75,75,75,75,75,75,75,75,75,75,75,75,75,75,75,75,75,75,75,75],"card_choices":[{"not_picked":["Streamline","Tempest"],"picked":"Undo","floor":1},{"not_picked":["Sweeping Beam","Leap"],"picked":"Compile Driver","floor":2},{"not_picked":["Sweeping Beam","Redo"],"picked":"Chaos","floor":3},{"not_picked":["Lockon","Gash","Scrape"],"picked":"SKIP","floor":5},{"not_picked":["Coolheaded","Steam Power"],"picked":"Seek","floor":7},{"not_picked":["Static Discharge","Streamline"],"picked":"Ball Lightning","floor":11},{"not_picked":["White Noise","Darkness"],"picked":"Cold Snap","floor":12},{"not_picked":["Undo","Streamline"],"picked":"Static Discharge","floor":14},{"not_picked":["Core Surge","Amplify"],"picked":"Rainbow","floor":16},{"not_picked":["Rebound","FTL","Compile Driver"],"picked":"SKIP","floor":18},{"not_picked":["Redo","Stack"],"picked":"Cold Snap+1","floor":24},{"not_picked":["Stack","Sunder+1"],"picked":"Capacitor","floor":27},{"not_picked":["Hello World","All For One"],"picked":"Hologram+1","floor":28},{"not_picked":["Turbo","Conserve Battery"],"picked":"Tempest+1","floor":29}],"player_experience":337351,"relics_obtained":[{"floor":7,"key":"Shuriken"},{"floor":9,"key":"Unceasing Top"},{"floor":12,"key":"Turnip"},{"floor":24,"key":"Gremlin Horn"},{"floor":26,"key":"Gambling Chip"},{"floor":27,"key":"The Courier"},{"floor":29,"key":"StoneCalendar"},{"floor":29,"key":"Molten Egg 2"}],"event_choices":[{"damage_healed":0,"gold_gain":0,"player_choice":"Ignored","damage_taken":0,"max_hp_gain":0,"max_hp_loss":0,"event_name":"Liars Game","floor":4,"gold_loss":0},{"cards_removed":["Strike_B"],"damage_healed":0,"gold_gain":0,"player_choice":"Gave Gold","damage_taken":0,"max_hp_gain":0,"max_hp_loss":0,"event_name":"Beggar","floor":19,"gold_loss":75},{"damage_healed":0,"gold_gain":0,"player_choice":"Joined the Cult","damage_taken":6,"max_hp_gain":0,"max_hp_loss":0,"event_name":"Nest","floor":20,"gold_loss":0,"cards_obtained":["RitualDagger"]},{"damage_healed":0,"gold_gain":0,"player_choice":"Opened","damage_taken":0,"relics_obtained":["FossilizedHelix"],"max_hp_gain":0,"max_hp_loss":0,"event_name":"The Mausoleum","floor":21,"gold_loss":0},{"damage_healed":0,"gold_gain":0,"cards_transformed":["Strike_B","Strike_B"],"player_choice":"Became Test Subject","damage_taken":0,"max_hp_gain":0,"max_hp_loss":0,"event_name":"Drug Dealer","floor":22,"gold_loss":0,"cards_obtained":["Reboot","Recycle"]},{"damage_healed":0,"gold_gain":0,"player_choice":"Fight","damage_taken":0,"max_hp_gain":0,"max_hp_loss":0,"event_name":"Colosseum","floor":29,"gold_loss":0},{"damage_healed":0,"gold_gain":0,"player_choice":"Fought Nobs","damage_taken":0,"max_hp_gain":0,"max_hp_loss":0,"event_name":"Colosseum","floor":29,"gold_loss":0}],"is_beta":false,"boss_relics":[{"not_picked":["Astrolabe","FrozenCore"],"picked":"Ectoplasm"}],"items_purged_floors":[13],"is_endless":false,"potions_floor_spawned":[1,3,14,16,18,28,29],"killed_by":"Automaton","ascension_level":8}