{"gold_per_floor":[109,129,129,146,164,164,193,193],"floor_reached":8,"playtime":284,"items_purged":[],"score":116,"play_id":"1b469268-dc33-473b-a143-72b5d089d70b","local_time":"20191007003813","is_ascension_mode":true,"campfire_choices":[{"data":"Neutralize","floor":6.0,"key":"SMITH"}],"neow_cost":"NONE","seed_source_timestamp":2086098638457800,"circlet_count":0,"master_deck":["AscendersBane","Strike_G","Strike_G","Strike_G","Strike_G","Strike_G","Defend_G","Defend_G","Defend_G","Defend_G","Defend_G","Survivor","Neutralize+1","Riddle With Holes","Dagger Spray","Quick Slash","PiercingWail"],"special_seed":0,"relics":["Velvet Choker","PreservedInsect"],"potions_floor_usage":[8],"damage_taken":[{"damage":7.0,"enemies":"Cultist","floor":1.0,"turns":5.0},{"damage":2.0,"enemies":"Jaw Worm","floor":2.0,"turns":4.0},{"damage":0.0,"enemies":"2 Louse","floor":4.0,"turns":2.0},{"damage":7.0,"enemies":"Exordium Wildlife","floor":5.0,"turns":5.0},{"damage":26.0,"enemies":"3 Sentries","floor":7.0,"turns":8.0},{"damage":18,"enemies":"Large Slime","floor":8,"turns":1}],"seed_played":"-4608003148030600511","potions_obtained":[{"floor":1.0,"key":"Strength Potion"},{"floor":2.0,"key":"SkillPotion"}],"is_trial":false,"path_per_floor":["M","M","?","M","M","R","E","M"],"character_chosen":"THE_SILENT","items_purchased":[],"campfire_rested":0,"item_purchase_floors":[],"current_hp_per_floor":[52,50,50,50,43,43,17,0],"gold":193,"neow_bonus":"BOSS_RELIC","is_prod":false,"is_daily":false,"chose_seed":false,"campfire_upgraded":1,"win_rate":0,"timestamp":1570433893,"path_taken":["M","?","?","M","M","R","E","M"],"build_version":"2019-10-04","purchased_purges":0,"victory":false,"max_hp_per_floor":[66,66,66,66,66,66,66,66],"card_choices":[{"not_picked":["Setup","Eviscerate"],"picked":"Riddle With Holes","floor":1.0},{"not_picked":["Prepared","Heel Hook","Slice"],"picked":"SKIP","floor":2.0},{"not_picked":["Prepared","Riddle With Holes"],"picked":"Dagger Spray","floor":4.0},{"not_picked":["Outmaneuver","Eviscerate"],"picked":"Quick Slash","floor":5.0},{"not_picked":["Accuracy","Outmaneuver"],"picked":"PiercingWail","floor":7.0}],"player_experience":1541319,"relics_obtained":[{"floor":7.0,"key":"PreservedInsect"}],"event_choices":[{"damage_healed":0.0,"max_hp_gain":0.0,"max_hp_loss":0.0,"gold_gain":0.0,"event_name":"Liars Game","player_choice":"Ignored","floor":3.0,"gold_loss":0.0,"damage_taken":0.0}],"is_beta":true,"boss_relics":[],"items_purged_floors":[],"is_endless":false,"potions_floor_spawned":[1,2,5],"killed_by":"Large Slime","ascension_level":20}