{"path_per_floor":["M","?","?","M","M","E","R","M","T","$","M","R","M","M","R","B",null,"M","?","$","M","?"],"character_chosen":"THE_SILENT","items_purchased":["Mummified Hand","Escape Plan"],"gold_per_floor":[211,191,266,277,292,322,322,334,334,72,82,82,102,120,120,222,222,232,157,41,51,51,51],"floor_reached":23,"campfire_rested":2,"playtime":1236,"current_hp_per_floor":[63,63,52,50,49,32,32,29,29,29,26,47,43,40,61,32,61,46,46,46,21,21,0],"items_purged":["Strike_G"],"gold":51,"score":270,"play_id":"2650489e-2eda-4abf-b7f6-f964e3f2f0dc","local_time":"20180405234838","is_prod":false,"is_daily":false,"is_ascension_mode":true,"campfire_upgraded":1,"timestamp":1522964918,"path_taken":["M","?","?","M","?","E","R","M","T","$","M","R","M","M","R","BOSS","M","?","$","M","?","E"],"build_version":"2018-03-29v2","purchased_purges":1,"victory":false,"master_deck":["Defend_G","Defend_G","Defend_G","Defend_G","Defend_G","Strike_G","Strike_G","Strike_G","Survivor","Neutralize","Noxious Fumes+1","Noxious Fumes","Cloak And Dagger","Noxious Fumes","Sucker Punch","Escape Plan","Cloak And Dagger+1"],"max_hp_per_floor":[70,70,70,70,70,70,70,70,70,70,70,70,70,70,70,70,70,70,70,70,70,70,70],"relics":["Ring of the Snake","Pen Nib","Darkstone Periapt","Mummified Hand","The Specimen"],"card_choices":[{"not_picked":["Dagger Spray","Bane"],"picked":"Noxious Fumes","floor":1.0},{"not_picked":["Flying Knee","Bane"],"picked":"Noxious Fumes","floor":5.0},{"not_picked":["Dagger Spray","PiercingWail"],"picked":"Cloak And Dagger","floor":6.0},{"not_picked":["Bane","Flying Knee"],"picked":"Noxious Fumes","floor":14},{"not_picked":["Riddle With Holes","Blade Dance"],"picked":"Sucker Punch","floor":18},{"not_picked":["Quick Slash","All Out Attack"],"picked":"Cloak And Dagger","floor":21}],"player_experience":230956,"potions_floor_usage":[16,23],"damage_taken":[{"damage":0.0,"enemies":"Small Slimes","floor":1.0,"turns":4.0},{"damage":2.0,"enemies":"Cultist","floor":4.0,"turns":4.0},{"damage":1.0,"enemies":"2 Louse","floor":5.0,"turns":3.0},{"damage":17.0,"enemies":"3 Sentries","floor":6.0,"turns":7.0},{"damage":3.0,"enemies":"2 Fungi Beasts","floor":8.0,"turns":4.0},{"damage":3.0,"enemies":"Looter","floor":11.0,"turns":3.0},{"damage":4.0,"enemies":"Red Slaver","floor":13.0,"turns":4.0},{"damage":3,"enemies":"Large Slime","floor":14,"turns":6},{"damage":29,"enemies":"Slime Boss","floor":16,"turns":10},{"damage":15,"enemies":"Spheric Guardian","floor":18,"turns":5},{"damage":25,"enemies":"2 Thieves","floor":21,"turns":5},{"damage":21,"enemies":"Book of Stabbing","floor":23,"turns":5}],"event_choices":[{"event_name":"The Woman in Blue","player_choice":"Bought 1 Potion","floor":2.0,"damage_taken":0.0},{"event_name":"World of Goop","player_choice":"Gather Gold","floor":3.0,"damage_taken":0.0},{"event_name":"Beggar","player_choice":"Gave Gold","floor":19,"damage_taken":0},{"event_name":"Addict","player_choice":"Ignored","floor":22,"damage_taken":0}],"boss_relics":[{"not_picked":["Eternal Feather","Calling Bell"],"picked":"The Specimen"}],"potions_floor_spawned":[4,6,8,13,14],"seed_played":"-5871701225562806969","killed_by":"Book of Stabbing","ascension_level":8,"is_trial":false}