{"gold_per_floor":[114,44,44,44,57,57,82,82,82,112,124,124,141,161,161,257,257,243,259,259,174,273,273,301,301,324,324,352,370,193,211,211,310,310,324,424,434,454,454,454,487,487,533,533,550,582,582,582],"floor_reached":48,"playtime":2543,"items_purged":["Strike_G"],"score":948,"play_id":"77a30e16-c905-4f7c-b376-d6f452c8ede0","local_time":"20181212132036","is_ascension_mode":true,"campfire_choices":[{"data":"Footwork","floor":6.0,"key":"SMITH"},{"data":"Neutralize","floor":8.0,"key":"SMITH"},{"data":"Infinite Blades","floor":15.0,"key":"SMITH"},{"floor":23.0,"key":"REST"},{"data":"Envenom","floor":27.0,"key":"SMITH"},{"floor":32.0,"key":"REST"},{"floor":40,"key":"REST"},{"floor":42,"key":"RECALL"},{"data":"Concentrate","floor":44,"key":"SMITH"}],"neow_cost":"NONE","seed_source_timestamp":0,"circlet_count":0,"master_deck":["AscendersBane","Defend_G","Defend_G","Defend_G","Defend_G","Defend_G","Strike_G","Survivor","Neutralize+1","Footwork+1","Infinite Blades+1","Poisoned Stab","Poisoned Stab","Sucker Punch","Terror","Slice","Envenom+1","Blur","Dodge and Roll","Concentrate+1","Sucker Punch","Cloak And Dagger","Backflip+1","Dodge and Roll","Dodge and Roll","Dodge and Roll","Accuracy+1","Noxious Fumes+1","Injury","Escape Plan+1","Backflip","Footwork+1"],"special_seed":0,"relics":["Ring of the Snake","NeowsBlessing","Mercury Hourglass","Sundial","Blue Candle","Bag of Preparation","Runic Dome","PreservedInsect","Pear","Snake Skull","Boot","Cursed Key","Bird Faced Urn","Pen Nib","Potion Belt"],"potions_floor_usage":[],"damage_taken":[{"damage":0.0,"enemies":"Jaw Worm","floor":1.0,"turns":1.0},{"damage":0.0,"enemies":"Cultist","floor":5.0,"turns":1.0},{"damage":0.0,"enemies":"Lagavulin","floor":7.0,"turns":1.0},{"damage":21.0,"enemies":"Gremlin Nob","floor":10.0,"turns":5.0},{"damage":0.0,"enemies":"Small Slimes","floor":11.0,"turns":2.0},{"damage":2.0,"enemies":"Red Slaver","floor":13.0,"turns":3.0},{"damage":0.0,"enemies":"2 Fungi Beasts","floor":14.0,"turns":3.0},{"damage":16.0,"enemies":"The Guardian","floor":16.0,"turns":10.0},{"damage":14.0,"enemies":"2 Thieves","floor":18.0,"turns":4.0},{"damage":5.0,"enemies":"3 Byrds","floor":19.0,"turns":5.0},{"damage":15.0,"enemies":"Book of Stabbing","floor":24.0,"turns":4.0},{"damage":28.0,"enemies":"Slavers","floor":28.0,"turns":4.0},{"damage":0.0,"enemies":"Centurion and Healer","floor":29.0,"turns":7.0},{"damage":0.0,"enemies":"Snecko","floor":31.0,"turns":5.0},{"damage":25.0,"enemies":"Automaton","floor":33.0,"turns":11.0},{"damage":14,"enemies":"3 Darklings","floor":35,"turns":7},{"damage":10,"enemies":"3 Shapes","floor":37,"turns":6},{"damage":11,"enemies":"Maw","floor":38,"turns":8},{"damage":16,"enemies":"Reptomancer","floor":41,"turns":5},{"damage":37,"enemies":"Spire Growth","floor":45,"turns":6},{"damage":15,"enemies":"Nemesis","floor":46,"turns":6},{"damage":19,"enemies":"Reptomancer","floor":48,"turns":2}],"seed_played":"-7633762149666187703","potions_obtained":[{"floor":7.0,"key":"SneckoOil"},{"floor":10.0,"key":"Explosive Potion"},{"floor":16.0,"key":"GhostInAJar"},{"floor":19.0,"key":"Energy Potion"},{"floor":28.0,"key":"Explosive Potion"},{"floor":37,"key":"Dexterity Potion"},{"floor":38,"key":"AttackPotion"},{"floor":41,"key":"Fire Potion"}],"is_trial":false,"path_per_floor":["M","?","$","T","M","R","E","R","T","E","M","?","M","M","R","B",null,"M","M","?","?","?","R","E","?","T","R","E","M","$","M","R","B",null,"M","?","M","M","?","R","E","R","T","R","M","E","?","E"],"character_chosen":"THE_SILENT","items_purchased":["Dodge and Roll","Dexterity Potion"],"campfire_rested":3,"item_purchase_floors":[30,30],"current_hp_per_floor":[63,63,63,63,63,63,63,63,63,42,42,42,40,40,40,24,59,45,40,27,27,27,49,44,44,44,44,16,16,16,16,41,16,68,54,54,44,33,33,58,42,42,42,42,15,10,10,0],"gold":582,"neow_bonus":"THREE_ENEMY_KILL","is_prod":false,"is_daily":false,"chose_seed":false,"campfire_upgraded":5,"win_rate":0,"timestamp":1544617236,"path_taken":["M","?","$","?","M","R","E","R","T","E","?","?","?","M","R","BOSS","M","M","?","?","?","R","E","?","T","R","E","M","$","M","R","BOSS","M","?","M","?","?","R","E","R","T","R","?","E","?","E"],"build_version":"2018-12-06","purchased_purges":1,"victory":false,"max_hp_per_floor":[70,70,70,70,70,70,70,70,70,70,70,70,70,70,70,70,70,70,70,75,75,75,75,85,85,85,85,85,85,85,85,85,85,85,85,85,85,85,85,85,85,85,85,85,85,85,85,85],"card_choices":[{"not_picked":["Sucker Punch","Blade Dance"],"picked":"Footwork","floor":1.0},{"not_picked":["Prepared","Predator"],"picked":"Infinite Blades","floor":5.0},{"not_picked":["Eviscerate","Catalyst"],"picked":"Poisoned Stab","floor":7.0},{"not_picked":["Concentrate","Flying Knee"],"picked":"Poisoned Stab","floor":10.0},{"not_picked":["Dodge and Roll","Predator"],"picked":"Sucker Punch","floor":11.0},{"not_picked":["Prepared","Dodge and Roll"],"picked":"Terror","floor":13.0},{"not_picked":["Masterful Stab","Dagger Throw"],"picked":"Slice","floor":14.0},{"not_picked":["Glass Knife","Unload"],"picked":"Envenom","floor":16.0},{"not_picked":["Sucker Punch","Eviscerate","Poisoned Stab"],"picked":"SKIP","floor":18.0},{"not_picked":["Deadly Poison","Quick Slash"],"picked":"Blur","floor":19.0},{"not_picked":["Unload","Blade Dance"],"picked":"Dodge and Roll","floor":24.0},{"not_picked":["Sucker Punch","Finisher"],"picked":"Cloak And Dagger","floor":28.0},{"not_picked":["Distraction","Skewer"],"picked":"Backflip+1","floor":29.0},{"not_picked":["Flying Knee","Unload"],"picked":"Dodge and Roll","floor":31.0},{"not_picked":["Outmaneuver","Endless Agony+1"],"picked":"Dodge and Roll","floor":35},{"not_picked":["Setup","Riddle With Holes"],"picked":"Accuracy","floor":37},{"not_picked":["Acrobatics","Dodge and Roll"],"picked":"Noxious Fumes+1","floor":38},{"not_picked":["Bane","Setup","Slice"],"picked":"SKIP","floor":41},{"not_picked":["Deadly Poison+1","Doppelganger"],"picked":"Escape Plan+1","floor":45},{"not_picked":["Finisher","Outmaneuver+1"],"picked":"Backflip","floor":46}],"player_experience":322420,"relics_obtained":[{"floor":7.0,"key":"Sundial"},{"floor":9.0,"key":"Blue Candle"},{"floor":10.0,"key":"Bag of Preparation"},{"floor":24.0,"key":"Pear"},{"floor":26.0,"key":"Snake Skull"},{"floor":28.0,"key":"Boot"},{"floor":41,"key":"Bird Faced Urn"},{"floor":43,"key":"Pen Nib"},{"floor":46,"key":"Potion Belt"}],"event_choices":[{"damage_healed":0.0,"max_hp_gain":0.0,"max_hp_loss":0.0,"gold_gain":0.0,"event_name":"WeMeetAgain","player_choice":"Paid Gold","floor":2.0,"gold_loss":70.0,"damage_taken":0.0,"relics_obtained":["Mercury Hourglass"]},{"cards_removed":["Strike_G"],"damage_healed":0.0,"max_hp_gain":0.0,"max_hp_loss":0.0,"gold_gain":0.0,"event_name":"Bonfire Elementals","player_choice":"Offered Basic","floor":12.0,"gold_loss":0.0,"damage_taken":0.0},{"damage_healed":0.0,"max_hp_gain":5.0,"max_hp_loss":0.0,"gold_gain":0.0,"event_name":"Forgotten Altar","player_choice":"Shed Blood","floor":20.0,"gold_loss":0.0,"damage_taken":18.0},{"damage_healed":0.0,"max_hp_gain":0.0,"max_hp_loss":0.0,"gold_gain":0.0,"event_name":"Addict","player_choice":"Obtained Relic","floor":21.0,"gold_loss":85.0,"damage_taken":0.0,"relics_obtained":["PreservedInsect"]},{"damage_healed":0.0,"max_hp_gain":0.0,"max_hp_loss":0.0,"gold_gain":99.0,"event_name":"Nest","player_choice":"Stole From Cult","floor":22.0,"gold_loss":0.0,"damage_taken":0.0},{"damage_healed":0.0,"max_hp_gain":0.0,"max_hp_loss":0.0,"gold_gain":0.0,"cards_transformed":["Strike_G","Strike_G"],"event_name":"Drug Dealer","player_choice":"Became Test Subject","floor":25.0,"gold_loss":0.0,"damage_taken":0.0,"cards_obtained":["Concentrate","Sucker Punch"]},{"damage_healed":0,"gold_gain":100,"player_choice":"Pray","damage_taken":0,"max_hp_gain":0,"max_hp_loss":0,"event_name":"Golden Shrine","floor":36,"gold_loss":0},{"damage_healed":0,"gold_gain":0,"player_choice":"Forge","damage_taken":0,"max_hp_gain":0,"max_hp_loss":0,"event_name":"Accursed Blacksmith","floor":39,"gold_loss":0,"cards_upgraded":["Accuracy"]},{"damage_healed":0,"gold_gain":0,"player_choice":"Copied","damage_taken":0,"max_hp_gain":0,"max_hp_loss":0,"event_name":"Duplicator","floor":47,"gold_loss":0,"cards_obtained":["Footwork"]}],"is_beta":false,"boss_relics":[{"not_picked":["Tiny House","Philosopher\u0027s Stone"],"picked":"Runic Dome"},{"not_picked":["Busted Crown","Ring of the Serpent"],"picked":"Cursed Key"}],"items_purged_floors":[30],"is_endless":false,"potions_floor_spawned":[7,10,16,19,28,37,38,41,45],"killed_by":"Reptomancer","ascension_level":12}