{"path_per_floor":["M","M","M","M","$","E","R","M","T","$","M","E","M","E","R"],"character_chosen":"IRONCLAD","items_purchased":[],"gold_per_floor":[119,133,145,163,88,119,119,136,136,36,49,79,98,130,130],"floor_reached":16,"campfire_rested":0,"playtime":1167,"current_hp_per_floor":[79,76,80,75,75,65,65,55,55,55,51,43,37,34,34],"items_purged":["Strike_R","Strike_R"],"gold":130,"score":136,"play_id":"90ea4806-3bcb-44de-8891-48f6ab05034e","is_prod":false,"is_daily":false,"is_ascension_mode":true,"campfire_upgraded":1,"path_taken":["M","M","M","M","$","E","R","M","T","$","M","E","M","E","R","BOSS"],"build_version":"2018-02-12-PROD1","purchased_purges":2,"victory":false,"master_deck":["Strike_R","Strike_R","Strike_R","Defend_R","Defend_R","Defend_R","Defend_R","Bash","Rampage+1","Battle Trance","Headbutt","Pommel Strike","Headbutt","Feed","Cleave+1","Thunderclap+1","Thunderclap+1"],"max_hp_per_floor":[80,80,80,80,80,80,80,80,80,80,83,86,89,92,92],"relics":["Burning Blood","Blood Vial","Girya","Molten Egg 2","Oddly Smooth Stone"],"card_choices":[{"not_picked":["Body Slam","Seeing Red"],"picked":"Rampage"},{"not_picked":["Body Slam","Heavy Blade"],"picked":"Battle Trance"},{"not_picked":["Wild Strike","Twin Strike"],"picked":"Headbutt"},{"not_picked":["Combust","Heavy Blade"],"picked":"Pommel Strike"},{"not_picked":["Dual Wield","Seeing Red"],"picked":"Headbutt"},{"not_picked":["Anger","Sword Boomerang"],"picked":"Feed"},{"not_picked":["Sever Soul","Power Through"],"picked":"Cleave"},{"not_picked":["Perfected Strike","Flex"],"picked":"Thunderclap"},{"not_picked":["Wild Strike","Flex"],"picked":"Thunderclap"}],"player_experience":137029,"potions_floor_usage":[16],"damage_taken":[{"damage":7,"enemies":"Small Slimes","floor":1,"turns":4},{"damage":9,"enemies":"Blue Slaver","floor":2,"turns":4},{"damage":1,"enemies":"Cultist","floor":3,"turns":3},{"damage":11,"enemies":"2 Fungi Beasts","floor":4,"turns":4},{"damage":16,"enemies":"Gremlin Nob","floor":6,"turns":3},{"damage":18,"enemies":"3 Louse","floor":8,"turns":3},{"damage":15,"enemies":"Gremlin Gang","floor":11,"turns":5},{"damage":19,"enemies":"3 Sentries","floor":12,"turns":5},{"damage":17,"enemies":"Red Slaver","floor":13,"turns":5},{"damage":14,"enemies":"Gremlin Nob","floor":14,"turns":3},{"damage":45,"enemies":"The Guardian","floor":16,"turns":4}],"event_choices":[],"boss_relics":[],"potions_floor_spawned":[4,6,11,13,14],"seed_played":"-3946374652435645781","killed_by":"The Guardian","ascension_level":2,"is_trial":false}