{"gold_per_floor":[116,129,140,120,139,139,170,15,15,15,32,51,101,126,126,126],"floor_reached":16,"playtime":947,"items_purged":[],"score":292,"play_id":"745d402d-30cb-4a5c-8e90-66ce5c485814","local_time":"20190113170140","is_ascension_mode":true,"campfire_choices":[{"data":"Neutralize","floor":6,"key":"SMITH"},{"floor":10,"key":"REST"},{"floor":15,"key":"REST"}],"neow_cost":"NONE","seed_source_timestamp":0,"circlet_count":0,"master_deck":["AscendersBane","Defend_G","Defend_G","Defend_G","Defend_G","Defend_G","Strike_G","Strike_G","Strike_G","Strike_G","Survivor","Neutralize+1","Acrobatics","Caltrops","Deadly Poison","Dagger Spray","Caltrops","Adrenaline","Blade Dance","Deflect"],"special_seed":0,"relics":["Ring of the Snake","Orichalcum","Vajra","Frozen Egg 2"],"potions_floor_usage":[7,7],"damage_taken":[{"damage":2,"enemies":"Cultist","floor":1,"turns":4},{"damage":8,"enemies":"Jaw Worm","floor":2,"turns":5},{"damage":7,"enemies":"Small Slimes","floor":3,"turns":4},{"damage":3,"enemies":"Looter","floor":5,"turns":4},{"damage":33,"enemies":"Gremlin Nob","floor":7,"turns":4},{"damage":8,"enemies":"Exordium Wildlife","floor":11,"turns":5},{"damage":1,"enemies":"3 Louse","floor":12,"turns":3},{"damage":12,"enemies":"Lagavulin","floor":14,"turns":8},{"damage":25,"enemies":"The Guardian","floor":16,"turns":10}],"seed_played":"-8499662995690826346","potions_obtained":[{"floor":3,"key":"Poison Potion"},{"floor":4,"key":"Poison Potion"},{"floor":11,"key":"Ancient Potion"}],"is_trial":false,"path_per_floor":["M","M","M","?","M","R","E","$","T","R","M","M","?","E","R","B"],"character_chosen":"THE_SILENT","items_purchased":["Adrenaline"],"campfire_rested":2,"item_purchase_floors":[8],"current_hp_per_floor":[57,49,42,42,39,39,6,6,6,25,17,16,16,4,23,0],"gold":126,"neow_bonus":"REMOVE_CARD","is_prod":false,"is_daily":false,"chose_seed":false,"campfire_upgraded":1,"win_rate":0,"timestamp":1547395300,"path_taken":["M","M","?","?","M","R","E","?","T","R","M","M","?","E","R","BOSS"],"build_version":"2019-01-10","purchased_purges":0,"victory":false,"max_hp_per_floor":[66,66,66,66,66,66,66,66,66,66,66,66,66,66,66,66],"card_choices":[{"not_picked":["Quick Slash","Prepared"],"picked":"Acrobatics","floor":1},{"not_picked":["Bane","Poisoned Stab"],"picked":"Caltrops","floor":2},{"not_picked":["Tactician","Acrobatics"],"picked":"Deadly Poison","floor":3},{"not_picked":["PiercingWail","Expertise"],"picked":"Dagger Spray","floor":5},{"not_picked":["Sucker Punch","Prepared"],"picked":"Caltrops","floor":7},{"not_picked":["Accuracy","Expertise","All Out Attack"],"picked":"SKIP","floor":11},{"not_picked":["Tactician","Slice"],"picked":"Blade Dance","floor":12},{"not_picked":["Sucker Punch","Deadly Poison"],"picked":"Deflect","floor":14}],"player_experience":517976,"relics_obtained":[{"floor":7,"key":"Orichalcum"},{"floor":9,"key":"Vajra"},{"floor":14,"key":"Frozen Egg 2"}],"event_choices":[{"damage_healed":0,"gold_gain":0,"player_choice":"Bought 1 Potion","damage_taken":0,"max_hp_gain":0,"max_hp_loss":0,"event_name":"The Woman in Blue","floor":4,"gold_loss":0},{"damage_healed":0,"gold_gain":50,"player_choice":"Pray","damage_taken":0,"max_hp_gain":0,"max_hp_loss":0,"event_name":"Golden Shrine","floor":13,"gold_loss":0}],"is_beta":false,"boss_relics":[],"items_purged_floors":[],"is_endless":false,"potions_floor_spawned":[3,11],"killed_by":"The Guardian","ascension_level":16}