{"gold_per_floor":[113,113,128,143,143,173,173,190,270,270,270,300,122,132,132,132],"floor_reached":16,"playtime":980,"items_purged":["Strike_B"],"score":143,"play_id":"8f8f8c52-2d54-4a1d-93fd-fae0d2c33c01","local_time":"20181216020546","is_ascension_mode":true,"campfire_choices":[{"floor":7,"key":"REST"},{"floor":11,"key":"REST"},{"floor":15,"key":"REST"}],"neow_cost":"NONE","seed_source_timestamp":305785524563594,"circlet_count":0,"master_deck":["Strike_B","Strike_B","Defend_B","Defend_B","Defend_B","Defend_B","Zap+1","Dualcast","Reboot","Go for the Eyes","BootSequence","Coolheaded","White Noise","Barrage","Aggregate","Compile Driver","Turbo","Turbo"],"relics":["Cracked Core","Ice Cream","Happy Flower"],"potions_floor_usage":[12,12,16,16],"damage_taken":[{"damage":0,"enemies":"2 Louse","floor":1,"turns":2},{"damage":1,"enemies":"Cultist","floor":3,"turns":3},{"damage":0,"enemies":"Small Slimes","floor":4,"turns":4},{"damage":59,"enemies":"3 Sentries","floor":6,"turns":18},{"damage":1,"enemies":"2 Fungi Beasts","floor":8,"turns":4},{"damage":5,"enemies":"Lagavulin","floor":12,"turns":5},{"damage":0,"enemies":"Large Slime","floor":14,"turns":5},{"damage":67,"enemies":"Hexaghost","floor":16,"turns":14}],"seed_played":"4924250580273417181","potions_obtained":[{"floor":1,"key":"Weak Potion"},{"floor":8,"key":"Swift Potion"},{"floor":12,"key":"Block Potion"},{"floor":14,"key":"Block Potion"}],"is_trial":false,"path_per_floor":["M","?","M","M","?","E","R","M","T","?","R","E","$","M","R","B"],"character_chosen":"DEFECT","items_purchased":["Compile Driver","Turbo"],"campfire_rested":3,"item_purchase_floors":[13,13],"current_hp_per_floor":[68,61,60,60,60,1,23,22,22,22,44,39,39,39,61,0],"gold":132,"neow_bonus":"ONE_RANDOM_RARE_CARD","is_prod":false,"is_daily":false,"chose_seed":false,"campfire_upgraded":0,"win_rate":0,"timestamp":1544922346,"path_taken":["M","?","M","M","?","E","R","?","T","?","R","E","$","M","R","BOSS"],"build_version":"2018-12-13","purchased_purges":1,"victory":false,"max_hp_per_floor":[75,75,75,75,75,75,75,75,75,75,75,75,75,75,75,75],"card_choices":[{"not_picked":["Fusion","Sunder"],"picked":"Go for the Eyes","floor":1},{"not_picked":["Sweeping Beam","Storm"],"picked":"BootSequence","floor":3},{"not_picked":["Scrape","Blizzard"],"picked":"Coolheaded","floor":4},{"not_picked":["Machine Learning","Multi-Cast"],"picked":"White Noise","floor":6},{"not_picked":["Sweeping Beam","Hello World"],"picked":"Barrage","floor":8},{"not_picked":["Genetic Algorithm","Steam"],"picked":"Aggregate","floor":12},{"not_picked":["Beam Cell","Hello World"],"picked":"Turbo","floor":14}],"player_experience":362094,"relics_obtained":[{"floor":6,"key":"Ice Cream"},{"floor":12,"key":"Happy Flower"}],"event_choices":[{"cards_removed":["Strike_B"],"damage_healed":0,"gold_gain":0,"player_choice":"Card Removal","damage_taken":7,"max_hp_gain":0,"max_hp_loss":0,"event_name":"Golden Wing","floor":2,"gold_loss":0},{"damage_healed":0,"gold_gain":0,"player_choice":"Upgraded","damage_taken":0,"max_hp_gain":0,"max_hp_loss":0,"event_name":"Upgrade Shrine","floor":5,"gold_loss":0,"cards_upgraded":["Zap"]},{"damage_healed":0,"gold_gain":0,"player_choice":"Searched \u00270\u0027 times","damage_taken":0,"max_hp_gain":0,"max_hp_loss":0,"event_name":"Dead Adventurer","floor":10,"gold_loss":0}],"is_beta":false,"boss_relics":[],"items_purged_floors":[13],"is_endless":false,"potions_floor_spawned":[1,8,12,14],"killed_by":"Hexaghost","ascension_level":6}