{"gold_per_floor":[114,114,189,209,221,221,251,251,322,322,337,353,386,386,386,386],"floor_reached":16,"playtime":773,"items_purged":[],"score":190,"play_id":"ccc717a7-09fe-410b-99aa-19e6bf92e943","local_time":"20190127022110","is_ascension_mode":true,"campfire_choices":[{"data":"Neutralize","floor":6,"key":"SMITH"},{"data":"Cloak And Dagger","floor":8,"key":"SMITH"},{"data":"Leg Sweep","floor":10,"key":"SMITH"},{"floor":15,"key":"REST"}],"neow_cost":"NONE","seed_source_timestamp":33317799318445,"circlet_count":0,"master_deck":["AscendersBane","Defend_G","Defend_G","Defend_G","Defend_G","Defend_G","Strike_G","Strike_G","Strike_G","Strike_G","Survivor","Neutralize+1","Cloak And Dagger+1","Leg Sweep+1","Backstab","Dagger Spray"],"relics":["Ring of the Snake","Ancient Tea Set","Gremlin Horn","Pear"],"potions_floor_usage":[13,16],"damage_taken":[{"damage":0,"enemies":"2 Louse","floor":1,"turns":3},{"damage":3,"enemies":"Cultist","floor":4,"turns":5},{"damage":1,"enemies":"Small Slimes","floor":5,"turns":7},{"damage":0,"enemies":"3 Louse","floor":11,"turns":3},{"damage":0,"enemies":"2 Fungi Beasts","floor":12,"turns":3},{"damage":34,"enemies":"Gremlin Nob","floor":13,"turns":5},{"damage":45,"enemies":"Hexaghost","floor":16,"turns":14}],"seed_played":"7287377178655362864","potions_obtained":[{"floor":4,"key":"LiquidBronze"},{"floor":12,"key":"Weak Potion"}],"is_trial":false,"path_per_floor":["M","?","?","M","M","R","?","R","T","R","M","M","E","?","R","B"],"character_chosen":"THE_SILENT","items_purchased":[],"campfire_rested":1,"item_purchase_floors":[],"current_hp_per_floor":[59,59,48,45,44,44,44,44,44,44,44,44,20,20,42,0],"gold":386,"neow_bonus":"RANDOM_COMMON_RELIC","is_prod":false,"is_daily":false,"chose_seed":false,"campfire_upgraded":3,"win_rate":0,"timestamp":1548552070,"path_taken":["M","?","?","M","M","R","?","R","T","R","M","M","E","?","R","BOSS"],"build_version":"2019-01-23","purchased_purges":0,"victory":false,"max_hp_per_floor":[66,66,66,66,66,66,66,66,66,66,66,66,76,76,76,76],"card_choices":[{"not_picked":["Prepared","Flechettes"],"picked":"Cloak And Dagger","floor":1},{"not_picked":["Dagger Throw","Finisher","Blade Dance"],"picked":"SKIP","floor":4},{"not_picked":["Blade Dance","Underhanded Strike"],"picked":"Leg Sweep","floor":5},{"not_picked":["Blade Dance","Unload"],"picked":"Backstab","floor":11},{"not_picked":["Prepared","Quick Slash"],"picked":"Dagger Spray","floor":12},{"not_picked":["Prepared","Sucker Punch","Deadly Poison"],"picked":"SKIP","floor":13}],"player_experience":559534,"relics_obtained":[{"floor":9,"key":"Gremlin Horn"},{"floor":13,"key":"Pear"}],"event_choices":[{"damage_healed":0,"gold_gain":0,"player_choice":"Ignored","damage_taken":0,"max_hp_gain":0,"max_hp_loss":0,"event_name":"Liars Game","floor":2,"gold_loss":0},{"damage_healed":0,"gold_gain":75,"player_choice":"Gather Gold","damage_taken":11,"max_hp_gain":0,"max_hp_loss":0,"event_name":"World of Goop","floor":3,"gold_loss":0},{"damage_healed":0,"gold_gain":30,"player_choice":"Searched \u00271\u0027 times","damage_taken":0,"max_hp_gain":0,"max_hp_loss":0,"event_name":"Dead Adventurer","floor":7,"gold_loss":0},{"cards_removed":["Strike_G"],"damage_healed":0,"gold_gain":0,"player_choice":"Card Removal","damage_taken":0,"max_hp_gain":0,"max_hp_loss":0,"event_name":"Wheel of Change","floor":14,"gold_loss":0}],"is_beta":false,"boss_relics":[],"items_purged_floors":[],"is_endless":false,"potions_floor_spawned":[4,12],"killed_by":"Hexaghost","ascension_level":18}