{"gold_per_floor":[117,67,67,67,87,87,121,139,163,183,183],"floor_reached":11,"playtime":434,"items_purged":[],"score":75,"play_id":"9d1bcd16-dcd2-40b7-82e3-12b28f7bffe3","local_time":"20191007002559","is_ascension_mode":true,"campfire_choices":[{"data":"Bash","floor":6,"key":"SMITH"}],"neow_cost":"NONE","seed_source_timestamp":1489895093808966,"circlet_count":0,"master_deck":["Strike_R","Strike_R","Strike_R","Strike_R","Strike_R","Defend_R","Defend_R","Bash+1","Twin Strike","Battle Trance","Battle Trance"],"relics":["Burning Blood","Art of War","PreservedInsect","Odd Mushroom"],"potions_floor_usage":[],"damage_taken":[{"damage":5,"enemies":"Small Slimes","floor":1,"turns":5},{"damage":11,"enemies":"Jaw Worm","floor":5,"turns":2},{"damage":43,"enemies":"3 Sentries","floor":7,"turns":8},{"damage":5,"enemies":"2 Louse","floor":8,"turns":2},{"damage":23,"enemies":"The Mushroom Lair","floor":10,"turns":5},{"damage":22,"enemies":"Gremlin Gang","floor":11,"turns":3}],"seed_played":"-6718239408319843395","potions_obtained":[{"floor":5,"key":"Dexterity Potion"},{"floor":8,"key":"Dexterity Potion"}],"is_trial":false,"path_per_floor":["M","?","?","$","M","R","E","M","T","?","M"],"character_chosen":"IRONCLAD","items_purchased":[],"campfire_rested":0,"item_purchase_floors":[],"current_hp_per_floor":[80,80,80,80,75,75,38,39,39,22,0],"gold":183,"neow_bonus":"RANDOM_COMMON_RELIC","is_prod":false,"is_daily":false,"chose_seed":false,"campfire_upgraded":1,"win_rate":0,"timestamp":1570400759,"path_taken":["M","?","?","$","M","R","E","M","T","?","M"],"build_version":"2019-07-17","purchased_purges":0,"victory":false,"max_hp_per_floor":[80,80,80,80,80,80,80,80,80,80,80],"card_choices":[{"not_picked":["Heavy Blade","Rupture"],"picked":"Twin Strike","floor":1},{"not_picked":["Perfected Strike","Headbutt"],"picked":"Battle Trance","floor":5},{"not_picked":["Flex","Anger","Evolve"],"picked":"SKIP","floor":7},{"not_picked":["Intimidate","Warcry"],"picked":"Battle Trance","floor":8}],"player_experience":642223,"relics_obtained":[{"floor":7,"key":"PreservedInsect"},{"floor":10,"key":"Odd Mushroom"}],"event_choices":[{"cards_removed":["Defend_R"],"damage_healed":0,"gold_gain":0,"player_choice":"Card Removal","damage_taken":0,"max_hp_gain":0,"max_hp_loss":0,"event_name":"The Cleric","floor":2,"gold_loss":50},{"cards_removed":["Defend_R"],"damage_healed":0,"gold_gain":0,"player_choice":"Forget","damage_taken":0,"max_hp_gain":0,"max_hp_loss":0,"event_name":"Living Wall","floor":3,"gold_loss":0},{"damage_healed":0,"gold_gain":0,"player_choice":"Fought Mushrooms","damage_taken":0,"max_hp_gain":0,"max_hp_loss":0,"event_name":"Mushrooms","floor":10,"gold_loss":0}],"is_beta":false,"boss_relics":[],"items_purged_floors":[],"is_endless":false,"potions_floor_spawned":[5,8],"killed_by":"Gremlin Gang","ascension_level":1}