{"gold_per_floor":[112,131,33,33,44,44,73,73,73,106,106,122,122,64,64,167,167,186,186,196,58,58,58,58,88,88,122,122,138,138,172,172,268,268,286,286,300,311,174,205,205,205,205,17,17,28,47,147,147,147],"floor_reached":51,"playtime":3554,"items_purged":["Defend_B","Stack","Sweeping Beam"],"score":825,"play_id":"57e97a14-5ae5-4866-b13b-75d0b91bb977","local_time":"20181208021838","is_ascension_mode":true,"campfire_choices":[{"data":"Ball Lightning","floor":6,"key":"SMITH"},{"data":"Redo","floor":8,"key":"SMITH"},{"data":"Stack","floor":13,"key":"SMITH"},{"data":"Zap","floor":15,"key":"SMITH"},{"data":"Redo","floor":23,"key":"SMITH"},{"data":"Redo","floor":28,"key":"SMITH"},{"data":"FTL","floor":30,"key":"SMITH"},{"floor":32,"key":"REST"},{"data":"Steam","floor":42,"key":"SMITH"},{"floor":49,"key":"REST"}],"neow_cost":"NONE","seed_source_timestamp":2004497585176191,"circlet_count":0,"master_deck":["Zap+1","Redo+1","Hologram+1","Ball Lightning+1","Stack+1","Electrodynamics+1","Heatsinks+1","All For One+1","Redo+1","Hologram+1","Hologram+1","Turbo+1","Ball Lightning+1","Redo+1","Gash+1","Turbo+1","Defragment+1","Finesse+1","Conserve Battery+1","Conserve Battery+1","FTL+1","Machine Learning+1","FTL+1","Redo+1","Steam+1","Static Discharge+1","Gash+1","FTL+1","Reprogram+1","Hologram+1","Beam Cell+1"],"relics":["Cracked Core","The Courier","Frozen Egg 2","Kunai","Pandora\u0027s Box","Mummified Hand","Bottled Flame","Gambling Chip","Question Card","Runic Dome","Juzu Bracelet","Gremlin Horn","Mark of the Bloom"],"potions_floor_usage":[20,31,50,50,50,50,50,50],"damage_taken":[{"damage":1,"enemies":"Jaw Worm","floor":1,"turns":4},{"damage":2,"enemies":"2 Louse","floor":2,"turns":2},{"damage":1,"enemies":"Cultist","floor":5,"turns":3},{"damage":18,"enemies":"Gremlin Nob","floor":7,"turns":4},{"damage":18,"enemies":"Lagavulin","floor":10,"turns":4},{"damage":3,"enemies":"Red Slaver","floor":12,"turns":3},{"damage":19,"enemies":"Hexaghost","floor":16,"turns":9},{"damage":5,"enemies":"Chosen","floor":18,"turns":3},{"damage":11,"enemies":"3 Byrds","floor":20,"turns":3},{"damage":9,"enemies":"Book of Stabbing","floor":25,"turns":4},{"damage":7,"enemies":"Gremlin Leader","floor":27,"turns":3},{"damage":0,"enemies":"Snake Plant","floor":29,"turns":2},{"damage":7,"enemies":"Slavers","floor":31,"turns":3},{"damage":10,"enemies":"Automaton","floor":33,"turns":6},{"damage":0,"enemies":"3 Darklings","floor":35,"turns":2},{"damage":0,"enemies":"Orb Walker","floor":37,"turns":2},{"damage":7,"enemies":"Jaw Worm Horde","floor":38,"turns":2},{"damage":8,"enemies":"Nemesis","floor":40,"turns":5},{"damage":0,"enemies":"Transient","floor":46,"turns":5},{"damage":0,"enemies":"3 Darklings","floor":47,"turns":1},{"damage":25,"enemies":"Time Eater","floor":50,"turns":4}],"seed_played":"9050537738831874389","potions_obtained":[{"floor":0,"key":"AttackPotion"},{"floor":0,"key":"Fire Potion"},{"floor":0,"key":"Energy Potion"},{"floor":20,"key":"LiquidBronze"},{"floor":31,"key":"EntropicBrew"},{"floor":35,"key":"PowerPotion"},{"floor":37,"key":"FocusPotion"}],"is_trial":false,"path_per_floor":["M","M","$","?","M","R","E","R","T","E","?","M","R","$","R","B",null,"M","$","M","$","?","R","$","E","T","E","R","M","R","E","R","B",null,"M","?","M","M","$","E","?","R","T","$","?","M","M","?","R","B",null],"character_chosen":"DEFECT","items_purchased":["Hologram","Heatsinks+1","Defragment+1","Finesse","Static Discharge+1","FTL","Reprogram"],"campfire_rested":2,"item_purchase_floors":[3,14,21,21,39,44,44],"current_hp_per_floor":[74,72,72,72,71,71,53,53,53,35,35,32,32,32,32,13,75,70,70,59,59,59,59,59,50,50,43,43,43,43,36,58,48,75,75,75,75,68,68,60,60,60,60,60,60,60,60,60,60,35],"gold":147,"neow_bonus":"THREE_SMALL_POTIONS","is_prod":false,"is_daily":false,"chose_seed":false,"campfire_upgraded":8,"win_rate":0,"timestamp":1544231918,"path_taken":["M","M","$","?","M","R","E","R","T","E","?","?","R","?","R","BOSS","M","$","M","$","?","R","$","E","T","E","R","M","R","E","R","BOSS","M","?","?","M","?","E","?","R","T","$","?","M","M","?","R","BOSS"],"build_version":"2018-12-06","purchased_purges":3,"victory":true,"max_hp_per_floor":[75,75,75,75,75,75,75,75,75,75,75,75,75,75,75,75,75,75,75,75,75,75,75,75,75,75,75,75,75,75,75,75,75,75,75,75,75,75,75,75,75,75,75,75,75,75,75,75,75,75],"card_choices":[{"not_picked":["Conserve Battery","Scrape"],"picked":"Sweeping Beam","floor":1},{"not_picked":["Chaos","Steam"],"picked":"Redo","floor":2},{"not_picked":["Compile Driver","Chaos"],"picked":"Ball Lightning","floor":5},{"not_picked":["Coolheaded","Chaos","Go for the Eyes"],"picked":"SKIP","floor":7},{"not_picked":["Cold Snap","Consume"],"picked":"Stack","floor":10},{"not_picked":["Cold Snap","White Noise"],"picked":"Electrodynamics+1","floor":12},{"not_picked":["Meteor Strike","Multi-Cast"],"picked":"All For One","floor":16},{"not_picked":["Steam Power","Barrage"],"picked":"Gash+1","floor":18},{"not_picked":["Chaos","Undo"],"picked":"Turbo","floor":20},{"not_picked":["Tempest","Compile Driver"],"picked":"Conserve Battery+1","floor":25},{"not_picked":["Darkness+1","Streamline"],"picked":"Conserve Battery+1","floor":27},{"not_picked":["Go for the Eyes","Turbo"],"picked":"FTL","floor":29},{"not_picked":["Barrage+1","Auto Shields","Steam Power"],"picked":"SKIP","floor":31},{"not_picked":["All For One","Creative AI+1","Biased Cognition+1"],"picked":"Machine Learning+1","floor":33},{"not_picked":["Self Repair+1","Streamline+1","Auto Shields"],"picked":"FTL","floor":35},{"not_picked":["Leap+1","Conserve Battery","Storm+1"],"picked":"Redo+1","floor":37},{"not_picked":["Steam Power+1","Melter+1","Stack"],"picked":"Steam","floor":38},{"not_picked":["Ball Lightning+1","Hologram","Fusion"],"picked":"Gash+1","floor":40},{"not_picked":["Coolheaded","Fusion","Fission"],"picked":"Hologram+1","floor":46},{"not_picked":["Loop+1","Stack+1","Steam+1"],"picked":"Beam Cell+1","floor":47}],"player_experience":276691,"relics_obtained":[{"floor":7,"key":"The Courier"},{"floor":9,"key":"Frozen Egg 2"},{"floor":10,"key":"Kunai"},{"floor":25,"key":"Mummified Hand"},{"floor":26,"key":"Bottled Flame"},{"floor":27,"key":"Gambling Chip"},{"floor":31,"key":"Question Card"},{"floor":40,"key":"Juzu Bracelet"},{"floor":43,"key":"Gremlin Horn"}],"event_choices":[{"damage_healed":0,"gold_gain":0,"player_choice":"Ignored","damage_taken":0,"max_hp_gain":0,"max_hp_loss":0,"event_name":"Liars Game","floor":4,"gold_loss":0},{"damage_healed":0,"gold_gain":0,"player_choice":"Ignored","damage_taken":0,"max_hp_gain":0,"max_hp_loss":0,"event_name":"WeMeetAgain","floor":11,"gold_loss":0},{"damage_healed":0,"gold_gain":0,"player_choice":"Ignored","damage_taken":0,"max_hp_gain":0,"max_hp_loss":0,"event_name":"Ghosts","floor":22,"gold_loss":0},{"cards_removed":["Dualcast"],"damage_healed":0,"gold_gain":0,"player_choice":"Purged","damage_taken":0,"max_hp_gain":0,"max_hp_loss":0,"event_name":"Purifier","floor":36,"gold_loss":0},{"damage_healed":0,"gold_gain":0,"player_choice":"Bought 0 Potions","damage_taken":0,"max_hp_gain":0,"max_hp_loss":0,"event_name":"The Woman in Blue","floor":41,"gold_loss":0},{"damage_healed":0,"gold_gain":0,"player_choice":"Upgrade","damage_taken":0,"relics_obtained":["Mark of the Bloom"],"max_hp_gain":0,"max_hp_loss":0,"event_name":"MindBloom","floor":45,"gold_loss":0,"cards_upgraded":["Hologram","All For One","Hologram","Hologram","Turbo","Ball Lightning","Turbo","Finesse","FTL","FTL","Reprogram"]},{"damage_healed":0,"gold_gain":100,"player_choice":"Pray","damage_taken":0,"max_hp_gain":0,"max_hp_loss":0,"event_name":"Golden Shrine","floor":48,"gold_loss":0}],"is_beta":false,"boss_relics":[{"not_picked":["Orrery","White Beast Statue"],"picked":"Pandora\u0027s Box"},{"not_picked":["Runic Pyramid","Tiny House"],"picked":"Runic Dome"}],"items_purged_floors":[3,39,44],"is_endless":false,"potions_floor_spawned":[5,12,20,31,35,37,40],"ascension_level":1}