{"gold_per_floor":[216,229,179,196,196,196,206,232,232,103,137,137,137,37,37,37],"floor_reached":16,"playtime":785,"items_purged":["Strike_R","Defend_R"],"score":157,"play_id":"90b39cb3-96ff-4b21-9d65-08dccb5cd321","local_time":"20190410001826","is_ascension_mode":true,"campfire_choices":[{"data":"Inflame","floor":6,"key":"SMITH"},{"data":"Armaments","floor":12,"key":"SMITH"},{"data":"Madness","floor":15,"key":"SMITH"}],"neow_cost":"NONE","seed_source_timestamp":2336225301976454,"circlet_count":0,"master_deck":["Strike_R","Strike_R","Strike_R","Strike_R","Defend_R","Defend_R","Bash","True Grit","Inflame+1","Shrug It Off","Barricade","Armaments+1","Armaments","Madness+1"],"relics":["Burning Blood","StoneCalendar","Dodecahedron","Bottled Lightning"],"potions_floor_usage":[8],"damage_taken":[{"damage":2,"enemies":"Jaw Worm","floor":1,"turns":4},{"damage":0,"enemies":"Small Slimes","floor":2,"turns":3},{"damage":9,"enemies":"Cultist","floor":4,"turns":4},{"damage":7,"enemies":"Exordium Wildlife","floor":7,"turns":4},{"damage":20,"enemies":"Gremlin Nob","floor":8,"turns":4},{"damage":21,"enemies":"Lagavulin","floor":11,"turns":8},{"damage":50,"enemies":"Hexaghost","floor":16,"turns":14}],"seed_played":"-1745270190917837160","potions_obtained":[{"floor":4,"key":"AttackPotion"}],"is_trial":false,"path_per_floor":["M","M","?","M","?","R","M","E","T","$","E","R","?","$","R","B"],"character_chosen":"IRONCLAD","items_purchased":["Armaments"],"campfire_rested":0,"item_purchase_floors":[10],"current_hp_per_floor":[76,80,80,77,77,77,76,62,62,62,47,47,47,47,47,0],"gold":37,"neow_bonus":"HUNDRED_GOLD","is_prod":false,"is_daily":false,"chose_seed":false,"campfire_upgraded":3,"win_rate":0,"timestamp":1554848306,"path_taken":["M","M","?","M","?","R","M","E","T","$","E","R","?","$","R","BOSS"],"build_version":"2019-01-23","purchased_purges":2,"victory":false,"max_hp_per_floor":[80,80,80,80,80,80,80,80,80,80,80,80,80,80,80,80],"card_choices":[{"not_picked":["Sword Boomerang","Iron Wave"],"picked":"True Grit","floor":1},{"not_picked":["Body Slam","Armaments"],"picked":"Inflame","floor":2},{"not_picked":["Wild Strike","Burning Pact","Havoc"],"picked":"SKIP","floor":4},{"not_picked":["Anger","Infernal Blade"],"picked":"Shrug It Off","floor":7},{"not_picked":["Twin Strike","Disarm"],"picked":"Barricade","floor":8},{"not_picked":["Sever Soul","Clothesline"],"picked":"Armaments","floor":11}],"player_experience":620623,"relics_obtained":[{"floor":8,"key":"StoneCalendar"},{"floor":9,"key":"Dodecahedron"},{"floor":11,"key":"Bottled Lightning"}],"event_choices":[{"cards_removed":["Defend_R"],"damage_healed":0,"gold_gain":0,"player_choice":"Card Removal","damage_taken":0,"max_hp_gain":0,"max_hp_loss":0,"event_name":"The Cleric","floor":3,"gold_loss":50},{"damage_healed":0,"gold_gain":0,"player_choice":"Ignored","damage_taken":0,"max_hp_gain":0,"max_hp_loss":0,"event_name":"Liars Game","floor":5,"gold_loss":0},{"damage_healed":0,"gold_gain":0,"player_choice":"1 cards matched","damage_taken":0,"max_hp_gain":0,"max_hp_loss":0,"event_name":"Match and Keep!","floor":13,"gold_loss":0,"cards_obtained":["Madness"]}],"is_beta":false,"boss_relics":[],"items_purged_floors":[10,14],"is_endless":false,"potions_floor_spawned":[4],"killed_by":"Hexaghost","ascension_level":9}