{"path_per_floor":["M","?","?","M","?","E","R","E","T","M","M","M","M","$","R","B",null,"M","$","M","?","?","M","$","R","T","R","M","M","E","M","R","B",null,"M","M","?","$","M","R","E","?","T","M"],"character_chosen":"THE_SILENT","items_purchased":["Footwork","Toxic Egg 2","Dash","Blur","Block Potion","Gambling Chip","Block Potion"],"gold_per_floor":[365,365,365,390,390,426,426,457,537,557,576,601,616,140,140,259,259,279,102,127,127,127,142,93,93,93,93,118,142,177,190,190,320,320,345,366,366,5,25,25,58,58,58,73],"floor_reached":45,"campfire_rested":4,"playtime":5668,"current_hp_per_floor":[63,56,56,56,61,34,34,8,8,9,10,4,5,5,25,20,68,68,68,68,68,68,3,3,23,23,43,42,44,27,18,38,19,68,66,68,68,68,68,68,65,68,68,62],"items_purged":["Defend_G","Injury"],"gold":73,"score":516,"play_id":"d824cd54-70d2-43d7-9410-1ddb069896f9","is_prod":false,"is_daily":false,"is_ascension_mode":true,"campfire_upgraded":2,"path_taken":["M","?","?","?","?","E","R","E","T","M","?","M","M","$","R","BOSS","M","$","M","?","?","M","?","R","T","R","M","?","E","M","R","BOSS","M","M","?","$","M","R","E","?","T","M","E"],"build_version":"2018-02-12-PROD1","purchased_purges":2,"victory":false,"master_deck":["Defend_G","Defend_G","Defend_G","Defend_G","Strike_G","Strike_G","Strike_G","Strike_G","Survivor","Neutralize+1","Escape Plan","Dagger Throw+1","Dodge and Roll","Doppelganger","Dodge and Roll","Envenom","Backflip","Noxious Fumes","Footwork+1","Dash","Bullet Time+1","Blur+1","Blur+1","Flying Knee","Dash+1","Escape Plan+1","Leg Sweep+1","Backstab","Cloak And Dagger+1","Blur+1","After Image","Deadly Poison+1","Riddle With Holes+1"],"max_hp_per_floor":[63,63,63,63,68,68,68,68,68,68,68,68,68,68,68,68,68,68,68,68,68,68,68,68,68,68,68,68,68,68,68,68,68,68,68,68,68,68,68,68,68,68,68,68],"relics":["Ring of the Snake","Golden Idol","Torii","Blood Vial","Dodecahedron","Toxic Egg 2","Runic Pyramid","Whetstone","Matryoshka","Lizard Tail","Gambling Chip","Omamori","Toolbox","Girya"],"card_choices":[{"not_picked":["Dagger Spray","Dagger Throw"],"picked":"Escape Plan"},{"not_picked":["Dodge and Roll","Deadly Poison"],"picked":"Dagger Throw"},{"not_picked":["Sucker Punch","Flechettes"],"picked":"Dodge and Roll"},{"not_picked":["Skewer","Flechettes"],"picked":"Doppelganger"},{"not_picked":["Slice","Prepared"],"picked":"Dodge and Roll"},{"not_picked":["Flying Knee","Sucker Punch"],"picked":"Envenom"},{"not_picked":["Outmaneuver","Dagger Throw"],"picked":"Backflip"},{"not_picked":["Choke","Quick Slash"],"picked":"Noxious Fumes"},{"not_picked":["Corpse Explosion","Storm of Steel"],"picked":"Bullet Time"},{"not_picked":["Cloak And Dagger","Backflip"],"picked":"Blur"},{"not_picked":["Calculated Gamble","All Out Attack"],"picked":"Flying Knee"},{"not_picked":["Leg Sweep","Dodge and Roll"],"picked":"Escape Plan"},{"not_picked":["Backflip","Underhanded Strike"],"picked":"Leg Sweep"},{"not_picked":["PiercingWail","Accuracy"],"picked":"Backstab"},{"not_picked":["Distraction","Dagger Spray"],"picked":"Cloak And Dagger"},{"not_picked":["Bane","Flying Knee"],"picked":"Blur"},{"not_picked":["Doppelganger","Venomology"],"picked":"After Image"},{"not_picked":["Malaise","Heel Hook"],"picked":"Deadly Poison"},{"not_picked":["Accuracy","PiercingWail"],"picked":"Riddle With Holes"}],"player_experience":105206,"potions_floor_usage":[],"damage_taken":[{"damage":0.0,"enemies":"Cultist","floor":1.0,"turns":4.0},{"damage":0.0,"enemies":"2 Louse","floor":4.0,"turns":3.0},{"damage":27.0,"enemies":"Gremlin Nob","floor":6.0,"turns":5.0},{"damage":26.0,"enemies":"3 Sentries","floor":8.0,"turns":14.0},{"damage":1.0,"enemies":"Blue Slaver","floor":10.0,"turns":4.0},{"damage":1.0,"enemies":"2 Fungi Beasts","floor":11.0,"turns":5.0},{"damage":8.0,"enemies":"Large Slime","floor":12.0,"turns":6.0},{"damage":1.0,"enemies":"3 Louse","floor":13.0,"turns":5.0},{"damage":7.0,"enemies":"Hexaghost","floor":16.0,"turns":12.0},{"damage":0.0,"enemies":"Shell Parasite","floor":18.0,"turns":9.0},{"damage":0.0,"enemies":"Chosen","floor":20.0,"turns":8.0},{"damage":65.0,"enemies":"3 Cultists","floor":23.0,"turns":10.0},{"damage":3.0,"enemies":"Snake Plant","floor":28.0,"turns":7.0},{"damage":0.0,"enemies":"Snecko","floor":29.0,"turns":8.0},{"damage":19.0,"enemies":"Gremlin Leader","floor":30.0,"turns":10.0},{"damage":11.0,"enemies":"Centurion and Healer","floor":31.0,"turns":13.0},{"damage":21.0,"enemies":"Collector","floor":33.0,"turns":13.0},{"damage":2.0,"enemies":"Orb Walker","floor":35.0,"turns":7.0},{"damage":0.0,"enemies":"3 Shapes","floor":36.0,"turns":9.0},{"damage":0.0,"enemies":"3 Darklings","floor":39.0,"turns":9.0},{"damage":3.0,"enemies":"Nemesis","floor":41.0,"turns":13.0},{"damage":6,"enemies":"Sphere and 2 Shapes","floor":44,"turns":8},{"damage":113,"enemies":"2 Orb Walkers","floor":45,"turns":6}],"event_choices":[{"event_name":"Golden Wing","player_choice":"Card Removal","floor":2.0,"damage_taken":0.0},{"event_name":"Golden Idol","player_choice":"Take Wound","floor":3.0,"damage_taken":0.0},{"event_name":"Big Fish","player_choice":"Donut","floor":5.0,"damage_taken":0.0},{"event_name":"Cursed Tome","player_choice":"Ignored","floor":21.0,"damage_taken":0.0},{"event_name":"The Library","player_choice":"Read","floor":22.0,"damage_taken":0.0},{"event_name":"Tomb of Lord Red Mask","player_choice":"Ignored","floor":37.0,"damage_taken":0.0},{"event_name":"Winding Halls","player_choice":"Writhe","floor":42.0,"damage_taken":0.0}],"boss_relics":[],"potions_floor_spawned":[4,11,12,18,29,31,33,35],"seed_played":"-3216374242661871286","killed_by":"2 Orb Walkers","ascension_level":3,"is_trial":false}