{"gold_per_floor":[119,134,146,146,146,170,170,211,266,266,307,307,347,372,372,372],"floor_reached":16,"playtime":899,"items_purged":[],"score":120,"play_id":"462a3d3f-1c80-4972-ab9c-cd0c16e6a5dc","local_time":"20190723211716","is_ascension_mode":false,"campfire_choices":[{"data":"True Grit","floor":7,"key":"SMITH"},{"data":"Hemokinesis","floor":10,"key":"SMITH"},{"floor":12,"key":"REST"},{"floor":15,"key":"REST"}],"neow_cost":"NONE","seed_source_timestamp":107466254951600,"circlet_count":0,"master_deck":["Strike_R","Strike_R","Strike_R","Strike_R","Strike_R","Defend_R","Defend_R","Defend_R","Defend_R","Bash","Purity","True Grit+1","Hemokinesis+1","Perfected Strike","Metallicize"],"relics":["Burning Blood","Golden Idol","Gremlin Horn","Lantern","Potion Belt","Pocketwatch"],"potions_floor_usage":[11,13,16],"damage_taken":[{"damage":6,"enemies":"Cultist","floor":1,"turns":3},{"damage":6,"enemies":"Jaw Worm","floor":2,"turns":6},{"damage":8,"enemies":"Small Slimes","floor":3,"turns":3},{"damage":6,"enemies":"Red Slaver","floor":6,"turns":4},{"damage":61,"enemies":"3 Sentries","floor":8,"turns":14},{"damage":45,"enemies":"Lagavulin","floor":11,"turns":7},{"damage":26,"enemies":"3 Sentries","floor":13,"turns":9},{"damage":8,"enemies":"Exordium Thugs","floor":14,"turns":4},{"damage":46,"enemies":"Hexaghost","floor":16,"turns":10}],"seed_played":"-2101232972216329917","potions_obtained":[{"floor":8,"key":"Regen Potion"},{"floor":11,"key":"Block Potion"},{"floor":13,"key":"Weak Potion"}],"is_trial":false,"path_per_floor":["M","M","M","?","?","M","R","E","T","R","E","R","E","M","R","B"],"character_chosen":"IRONCLAD","items_purchased":[],"campfire_rested":2,"item_purchase_floors":[],"current_hp_per_floor":[80,80,78,58,90,90,90,35,35,35,11,38,18,16,43,0],"gold":372,"neow_bonus":"RANDOM_COLORLESS","is_prod":false,"is_daily":false,"chose_seed":false,"campfire_upgraded":2,"win_rate":0,"timestamp":1563909436,"path_taken":["M","?","M","?","?","?","R","E","T","R","E","R","E","M","R","BOSS"],"build_version":"2019-07-17","purchased_purges":0,"victory":false,"max_hp_per_floor":[80,80,80,80,90,90,90,90,90,90,90,90,90,90,90,90],"card_choices":[{"not_picked":["Clash","Twin Strike"],"picked":"True Grit","floor":1},{"not_picked":["Headbutt","Uppercut","Reckless Charge"],"picked":"SKIP","floor":2},{"not_picked":["Twin Strike","Dual Wield"],"picked":"Berserk","floor":3},{"not_picked":["Shrug It Off","Headbutt","Iron Wave"],"picked":"SKIP","floor":6},{"not_picked":["Shrug It Off","Twin Strike"],"picked":"Hemokinesis","floor":8},{"not_picked":["Evolve","Thunderclap"],"picked":"Perfected Strike","floor":11},{"not_picked":["Shrug It Off","Ghostly Armor","Thunderclap"],"picked":"SKIP","floor":13},{"not_picked":["Headbutt","Pummel"],"picked":"Metallicize","floor":14}],"player_experience":104626,"relics_obtained":[{"floor":8,"key":"Gremlin Horn"},{"floor":9,"key":"Lantern"},{"floor":11,"key":"Potion Belt"},{"floor":13,"key":"Pocketwatch"}],"event_choices":[{"damage_healed":0,"gold_gain":0,"player_choice":"Take Damage","damage_taken":20,"relics_obtained":["Golden Idol"],"max_hp_gain":0,"max_hp_loss":0,"event_name":"Golden Idol","floor":4,"gold_loss":0},{"cards_removed":["Berserk"],"damage_healed":22,"gold_gain":0,"player_choice":"Offered Rare","damage_taken":0,"max_hp_gain":10,"max_hp_loss":0,"event_name":"Bonfire Elementals","floor":5,"gold_loss":0}],"is_beta":false,"boss_relics":[],"items_purged_floors":[],"is_endless":false,"potions_floor_spawned":[8,11,13],"killed_by":"Hexaghost","ascension_level":0}