{"gold_per_floor":[111,126,126,145,145,145,70,70,95,127,143,143,143,155,155,251,251,261,280,280,295,308,308,0,0,0,26,26,26,43,58,58,155,155,172,189,206,206,226,226,243,243,243,277,277,277,17,51,51,51,51,51,0,28,28],"floor_reached":55,"playtime":2601,"items_purged":["Strike_B","Pain"],"score":797,"play_id":"2bab6170-e78f-456f-a490-e36d29b954aa","local_time":"20190902205810","is_ascension_mode":false,"campfire_choices":[{"data":"Genetic Algorithm","floor":6,"key":"SMITH"},{"data":"Zap","floor":8,"key":"SMITH"},{"data":"Hologram","floor":13,"key":"SMITH"},{"data":"Dualcast","floor":15,"key":"SMITH"},{"floor":23,"key":"REST"},{"data":"Buffer","floor":25,"key":"SMITH"},{"floor":29,"key":"REST"},{"data":"Capacitor","floor":32,"key":"SMITH"},{"data":"Creative AI","floor":40,"key":"SMITH"},{"floor":42,"key":"RECALL"},{"data":"Amplify","floor":46,"key":"SMITH"},{"floor":49,"key":"REST"},{"data":"Rainbow","floor":52,"key":"SMITH"}],"neow_cost":"NONE","seed_source_timestamp":267081506278253,"circlet_count":0,"master_deck":["Strike_B","Strike_B+1","Strike_B","Defend_B+1","Defend_B","Defend_B","Zap+1","Dualcast+1","Seek+1","Ball Lightning","Electrodynamics","Genetic Algorithm+1","Capacitor+1","Hologram+1","Core Surge","Skim+1","Tempest+1","Buffer+1","BootSequence+1","Multi-Cast","Creative AI+1","Turbo+1","Amplify+1","Lockon+1","Rainbow+1","Auto Shields+1"],"relics":["Cracked Core","DataDisk","Cables","Nuclear Battery","WarpedTongs","Bag of Preparation","Philosopher\u0027s Stone","Darkstone Periapt","FossilizedHelix","Bottled Tornado","Vajra","Shuriken"],"potions_floor_usage":[27,35,48,54,55,55,55],"damage_taken":[{"damage":1,"enemies":"Cultist","floor":1,"turns":3},{"damage":6,"enemies":"Jaw Worm","floor":2,"turns":2},{"damage":2,"enemies":"2 Louse","floor":4,"turns":3},{"damage":9,"enemies":"3 Sentries","floor":10,"turns":2},{"damage":0,"enemies":"Looter","floor":11,"turns":3},{"damage":18,"enemies":"Exordium Thugs","floor":14,"turns":3},{"damage":0,"enemies":"Slime Boss","floor":16,"turns":5},{"damage":20,"enemies":"2 Thieves","floor":18,"turns":2},{"damage":12,"enemies":"Shell Parasite","floor":19,"turns":3},{"damage":3,"enemies":"Snecko","floor":21,"turns":3},{"damage":24,"enemies":"Snake Plant","floor":22,"turns":2},{"damage":13,"enemies":"Slavers","floor":27,"turns":2},{"damage":0,"enemies":"Sentry and Sphere","floor":30,"turns":3},{"damage":0,"enemies":"Centurion and Healer","floor":31,"turns":3},{"damage":47,"enemies":"Champ","floor":33,"turns":9},{"damage":4,"enemies":"3 Darklings","floor":35,"turns":3},{"damage":0,"enemies":"Orb Walker","floor":36,"turns":2},{"damage":0,"enemies":"Sphere and 2 Shapes","floor":37,"turns":4},{"damage":0,"enemies":"Spire Growth","floor":39,"turns":4},{"damage":0,"enemies":"Transient","floor":41,"turns":5},{"damage":0,"enemies":"Reptomancer","floor":44,"turns":5},{"damage":31,"enemies":"Nemesis","floor":48,"turns":7},{"damage":29,"enemies":"Awakened One","floor":50,"turns":8},{"damage":39,"enemies":"Shield and Spear","floor":54,"turns":6},{"damage":37,"enemies":"The Heart","floor":55,"turns":5}],"seed_played":"-4070768429019211034","potions_obtained":[{"floor":4,"key":"Strength Potion"},{"floor":11,"key":"Swift Potion"},{"floor":22,"key":"SkillPotion"},{"floor":27,"key":"FearPotion"},{"floor":31,"key":"Energy Potion"},{"floor":35,"key":"FocusPotion"},{"floor":54,"key":"LiquidBronze"}],"is_trial":false,"path_per_floor":["M","M","?","M","?","R","$","R","T","E","M","?","R","M","R","B",null,"M","M","?","M","M","R","$","R","T","E","?","R","M","M","R","B",null,"M","M","M","?","M","R","M","R","T","E","?","R","$","E","R","B",null,"R","$","E","B"],"character_chosen":"DEFECT","items_purchased":["Buffer","PowerPotion","Bottled Tornado","Block Potion"],"campfire_rested":3,"item_purchase_floors":[24,24,47,53],"current_hp_per_floor":[74,68,68,66,51,51,51,51,51,42,42,47,47,29,29,29,80,60,48,48,45,21,45,45,45,45,32,32,56,56,56,56,9,80,76,76,76,76,76,76,76,76,76,76,76,76,76,45,67,38,76,76,76,37,0],"gold":28,"neow_bonus":"ONE_RANDOM_RARE_CARD","is_prod":false,"is_daily":false,"chose_seed":false,"campfire_upgraded":9,"win_rate":0,"timestamp":1567450690,"path_taken":["M","?","?","?","?","R","$","R","T","E","M","?","R","M","R","BOSS","M","M","?","M","M","R","?","R","T","E","?","R","M","M","R","BOSS","M","M","?","?","M","R","M","R","T","E","?","R","?","E","R","BOSS","R","$","E","BOSS"],"build_version":"2019-07-17","purchased_purges":2,"victory":false,"max_hp_per_floor":[75,75,75,75,75,75,75,75,75,75,75,80,80,80,80,80,80,80,80,80,80,80,80,80,80,80,80,80,80,80,80,80,80,80,80,80,80,76,76,76,76,76,76,76,76,76,76,76,76,76,76,76,76,76,76],"card_choices":[{"not_picked":["Leap","Heatsinks"],"picked":"Ball Lightning","floor":1},{"not_picked":["Go for the Eyes","Compile Driver"],"picked":"Conserve Battery","floor":2},{"not_picked":["Compile Driver","Storm"],"picked":"Genetic Algorithm","floor":4},{"not_picked":["Machine Learning","Streamline"],"picked":"Capacitor","floor":10},{"not_picked":["Stack","Undo"],"picked":"Hologram","floor":11},{"not_picked":["Stack","Rebound","Compile Driver"],"picked":"SKIP","floor":14},{"not_picked":["Meteor Strike","Electrodynamics"],"picked":"Core Surge","floor":16},{"not_picked":["Hologram+1","Sunder"],"picked":"Skim+1","floor":18},{"not_picked":["Streamline+1","Sweeping Beam+1"],"picked":"Tempest+1","floor":19},{"not_picked":["Gash+1","Go for the Eyes","Hologram"],"picked":"SKIP","floor":21},{"not_picked":["Go for the Eyes+1","Redo","Conserve Battery"],"picked":"SKIP","floor":22},{"not_picked":["White Noise","Hologram+1"],"picked":"BootSequence+1","floor":27},{"not_picked":["Aggregate","Streamline","Go for the Eyes"],"picked":"SKIP","floor":30},{"not_picked":["Leap","Go for the Eyes"],"picked":"Multi-Cast","floor":31},{"not_picked":["Hyperbeam","Electrodynamics"],"picked":"Creative AI","floor":33},{"not_picked":["Beam Cell","Conserve Battery","Streamline"],"picked":"SKIP","floor":35},{"not_picked":["Barrage","Sunder","Compile Driver+1"],"picked":"SKIP","floor":36},{"not_picked":["Storm","Sweeping Beam+1"],"picked":"Turbo+1","floor":37},{"not_picked":["Beam Cell","Ball Lightning+1","Rebound"],"picked":"SKIP","floor":39},{"not_picked":["Hologram+1","Go for the Eyes+1"],"picked":"Amplify","floor":41},{"not_picked":["Gash+1","Steam"],"picked":"Lockon+1","floor":44},{"not_picked":["Go for the Eyes","Multi-Cast"],"picked":"Rainbow","floor":48},{"not_picked":["Aggregate","Capacitor"],"picked":"Auto Shields+1","floor":54}],"player_experience":265974,"relics_obtained":[{"floor":9,"key":"DataDisk"},{"floor":10,"key":"Cables"},{"floor":27,"key":"Bag of Preparation"},{"floor":43,"key":"Darkstone Periapt"},{"floor":44,"key":"FossilizedHelix"},{"floor":48,"key":"Vajra"},{"floor":54,"key":"Shuriken"}],"event_choices":[{"damage_healed":0,"gold_gain":0,"cards_transformed":["Conserve Battery"],"player_choice":"Transformed","damage_taken":0,"max_hp_gain":0,"max_hp_loss":0,"event_name":"Transmorgrifier","floor":3,"gold_loss":0,"cards_obtained":["Electrodynamics"]},{"damage_healed":0,"gold_gain":0,"player_choice":"Entered Light","damage_taken":15,"max_hp_gain":0,"max_hp_loss":0,"event_name":"Shining Light","floor":5,"gold_loss":0,"cards_upgraded":["Defend_B","Strike_B"]},{"damage_healed":0,"gold_gain":0,"player_choice":"Donut","damage_taken":0,"max_hp_gain":5,"max_hp_loss":0,"event_name":"Big Fish","floor":12,"gold_loss":0},{"damage_healed":0,"gold_gain":0,"player_choice":"Rummage","damage_taken":0,"relics_obtained":["WarpedTongs"],"max_hp_gain":0,"max_hp_loss":0,"event_name":"Accursed Blacksmith","floor":20,"gold_loss":0,"cards_obtained":["Pain"]},{"damage_healed":0,"gold_gain":0,"player_choice":"Upgraded","damage_taken":0,"max_hp_gain":0,"max_hp_loss":0,"event_name":"Upgrade Shrine","floor":28,"gold_loss":0,"cards_upgraded":["Seek"]},{"damage_healed":0,"gold_gain":0,"player_choice":"Max HP","damage_taken":0,"max_hp_gain":0,"max_hp_loss":4,"event_name":"Winding Halls","floor":38,"gold_loss":0},{"cards_removed":["Defend_B"],"damage_healed":0,"gold_gain":0,"player_choice":"Removed Skill","damage_taken":0,"max_hp_gain":0,"max_hp_loss":0,"event_name":"Falling","floor":45,"gold_loss":0}],"is_beta":false,"boss_relics":[{"not_picked":["Lizard Tail","Runic Pyramid"],"picked":"Nuclear Battery"},{"not_picked":["Coffee Dripper","White Beast Statue"],"picked":"Philosopher\u0027s Stone"}],"items_purged_floors":[7,24],"is_endless":false,"potions_floor_spawned":[4,11,22,27,31,35,39,54],"killed_by":"The Heart","ascension_level":0}