{"gold_per_floor":[112,112,112,112,123,123,138,88,88,105,136,136,161,172,172,172],"floor_reached":16,"playtime":903,"items_purged":[],"score":121,"play_id":"3b551eb6-5722-4b97-a073-0f56dddc6b4e","local_time":"20190422162233","is_ascension_mode":true,"campfire_choices":[{"floor":6,"key":"RECALL"},{"data":"Heavy Blade","floor":15,"key":"SMITH"}],"neow_cost":"NONE","seed_source_timestamp":4486453000845895,"circlet_count":0,"master_deck":["Strike_R","Strike_R","Strike_R","Strike_R","Defend_R","Defend_R","Defend_R","Defend_R","Bash","Offering","Thunderclap","Headbutt","Cleave","Heavy Blade+1","Cleave","Bloodletting+1","Uppercut"],"relics":["Burning Blood","PreservedInsect","Toxic Egg 2","Red Skull","Mercury Hourglass"],"potions_floor_usage":[2,7,10,11,16],"damage_taken":[{"damage":8,"enemies":"Small Slimes","floor":1,"turns":4},{"damage":7,"enemies":"Cultist","floor":5,"turns":3},{"damage":13,"enemies":"Jaw Worm","floor":7,"turns":3},{"damage":12,"enemies":"Exordium Thugs","floor":10,"turns":3},{"damage":19,"enemies":"Lagavulin","floor":11,"turns":5},{"damage":14,"enemies":"Gremlin Nob","floor":13,"turns":3},{"damage":12,"enemies":"Looter","floor":14,"turns":3},{"damage":49,"enemies":"The Guardian","floor":16,"turns":6}],"seed_played":"-2630028264441512949","potions_obtained":[{"floor":1,"key":"Block Potion"},{"floor":2,"key":"Fruit Juice"},{"floor":2,"key":"SpeedPotion"},{"floor":2,"key":"BloodPotion"},{"floor":10,"key":"Dexterity Potion"},{"floor":14,"key":"Poison Potion"}],"is_trial":false,"path_per_floor":["M","?","$","?","M","R","M","?","T","M","E","T","E","M","R","B"],"character_chosen":"IRONCLAD","items_purchased":[],"campfire_rested":0,"item_purchase_floors":[],"current_hp_per_floor":[78,83,83,76,75,75,76,76,76,70,57,57,49,43,43,0],"gold":172,"neow_bonus":"ONE_RANDOM_RARE_CARD","is_prod":false,"is_daily":false,"chose_seed":false,"campfire_upgraded":1,"win_rate":0,"timestamp":1555964553,"path_taken":["M","?","?","?","?","R","M","?","T","M","E","?","E","M","R","BOSS"],"build_version":"2019-01-23","purchased_purges":0,"victory":false,"max_hp_per_floor":[80,85,85,85,85,85,85,85,85,85,85,85,85,85,85,85],"card_choices":[{"not_picked":["Carnage","Sword Boomerang"],"picked":"Thunderclap","floor":1},{"not_picked":["Wild Strike","Havoc"],"picked":"Headbutt","floor":5},{"not_picked":["Anger","Thunderclap"],"picked":"Cleave","floor":7},{"not_picked":["Thunderclap","Havoc+1"],"picked":"Heavy Blade","floor":10},{"not_picked":["Warcry+1","Iron Wave"],"picked":"Cleave","floor":11},{"not_picked":["Clash","Pommel Strike"],"picked":"Bloodletting+1","floor":13},{"not_picked":["Reckless Charge","Brutality"],"picked":"Uppercut","floor":14}],"player_experience":182381,"relics_obtained":[{"floor":9,"key":"Toxic Egg 2"},{"floor":11,"key":"Red Skull"},{"floor":13,"key":"Mercury Hourglass"}],"event_choices":[{"damage_healed":0,"gold_gain":0,"player_choice":"Got Potions","damage_taken":0,"max_hp_gain":0,"max_hp_loss":0,"event_name":"Lab","floor":2,"gold_loss":0},{"damage_healed":0,"gold_gain":0,"player_choice":"Success","damage_taken":7,"relics_obtained":["PreservedInsect"],"max_hp_gain":0,"max_hp_loss":0,"event_name":"Scrap Ooze","floor":4,"gold_loss":0},{"cards_removed":["Strike_R"],"damage_healed":0,"gold_gain":0,"player_choice":"Card Removal","damage_taken":0,"max_hp_gain":0,"max_hp_loss":0,"event_name":"The Cleric","floor":8,"gold_loss":50}],"is_beta":false,"boss_relics":[],"items_purged_floors":[],"is_endless":false,"potions_floor_spawned":[1,10,14],"killed_by":"The Guardian","ascension_level":2}