{"path_per_floor":["M","?","?","$","?","E","R","M","T","$","R","E","M","M","R"],"character_chosen":"IRONCLAD","items_purchased":["Seeing Red"],"gold_per_floor":[211,211,211,136,136,163,163,175,226,58,58,93,105,125,125,125],"floor_reached":16,"campfire_rested":2,"playtime":729,"item_purchase_floors":[10],"current_hp_per_floor":[74,74,74,74,67,13,37,44,44,44,68,63,59,67,67,0],"items_purged":["Strike_R","Strike_R"],"gold":125,"score":151,"play_id":"1fb953b4-7fb6-47d3-a009-e77b0acb8417","local_time":"20180617225708","is_prod":false,"is_daily":false,"chose_seed":false,"is_ascension_mode":true,"campfire_upgraded":1,"win_rate":0,"timestamp":1529269028,"campfire_choices":[{"floor":7,"key":"REST"},{"floor":11,"key":"REST"},{"data":"Whirlwind","floor":15,"key":"SMITH"}],"path_taken":["M","?","?","$","?","E","R","M","T","$","R","E","M","M","R","BOSS"],"build_version":"2018-06-14v2","seed_source_timestamp":185604412379443,"purchased_purges":2,"victory":false,"master_deck":["Strike_R","Strike_R","Defend_R","Defend_R","Bash","Flex","Flex","Twin Strike","Seeing Red","Whirlwind+1"],"max_hp_per_floor":[80,80,80,80,80,80,80,80,80,80,80,80,80,80,80,80],"relics":["Burning Blood","Blood Vial","Omamori","Bag of Preparation"],"card_choices":[{"not_picked":["Iron Wave","Cleave","Burning Pact"],"picked":"SKIP","floor":1},{"not_picked":["Havoc","Reckless Charge"],"picked":"Flex","floor":6},{"not_picked":["Perfected Strike","Warcry"],"picked":"Twin Strike","floor":8},{"not_picked":["Reckless Charge","Body Slam","Clothesline"],"picked":"SKIP","floor":12},{"not_picked":["Warcry","Cleave"],"picked":"Whirlwind","floor":13},{"not_picked":["Pummel","Clash","Impervious"],"picked":"SKIP","floor":14}],"player_experience":259103,"potions_floor_usage":[12,16],"damage_taken":[{"damage":4,"enemies":"Small Slimes","floor":1,"turns":4},{"damage":60,"enemies":"3 Sentries","floor":6,"turns":12},{"damage":1,"enemies":"Cultist","floor":8,"turns":3},{"damage":13,"enemies":"Gremlin Nob","floor":12,"turns":3},{"damage":12,"enemies":"Jaw Worm","floor":13,"turns":2},{"damage":0,"enemies":"3 Louse","floor":14,"turns":1},{"damage":75,"enemies":"Hexaghost","floor":16,"turns":8}],"relics_obtained":[{"floor":6,"key":"Blood Vial"},{"floor":9,"key":"Omamori"},{"floor":12,"key":"Bag of Preparation"}],"event_choices":[{"event_name":"Transmorgrifier","player_choice":"Transform","floor":2,"damage_taken":0},{"event_name":"Purifier","player_choice":"One Purge","floor":3,"damage_taken":0},{"event_name":"Golden Wing","player_choice":"Card Removal","floor":5,"damage_taken":0}],"boss_relics":[],"items_purged_floors":[4,10],"is_endless":false,"potions_floor_spawned":[6,12],"seed_played":"177329422697070282","killed_by":"Hexaghost","ascension_level":8,"potions_obtained":[{"floor":6,"key":"Weak Potion"},{"floor":12,"key":"GamblersBrew"}],"is_trial":false}