{"gold_per_floor":[119,194,206,206,206,231,231,247,272,287,51,80,80,29,29,29],"floor_reached":16,"playtime":1075,"items_purged":["Strike_R"],"score":146,"play_id":"05203d5f-0596-4b44-9629-635d25cc91d4","local_time":"20191003114202","is_ascension_mode":true,"campfire_choices":[{"floor":7,"key":"RECALL"},{"data":"Corruption","floor":15,"key":"SMITH"}],"neow_cost":"NONE","seed_source_timestamp":1726884920100504,"circlet_count":0,"master_deck":["Strike_R","Strike_R","Strike_R","Strike_R","Defend_R","Defend_R","Defend_R","Defend_R","Bash","Shockwave","Body Slam+1","Battle Trance","Ghostly Armor","Feel No Pain","Corruption+1","Warcry"],"relics":["Burning Blood","NeowsBlessing","Juzu Bracelet","Pocketwatch","Magic Flower"],"potions_floor_usage":[8,10,16],"damage_taken":[{"damage":0,"enemies":"Small Slimes","floor":1,"turns":1},{"damage":0,"enemies":"2 Louse","floor":3,"turns":1},{"damage":0,"enemies":"Lagavulin","floor":6,"turns":1},{"damage":2,"enemies":"Cultist","floor":8,"turns":4},{"damage":7,"enemies":"Looter","floor":10,"turns":3},{"damage":35,"enemies":"Gremlin Nob","floor":12,"turns":5},{"damage":43,"enemies":"Slime Boss","floor":16,"turns":8}],"seed_played":"-5432599495502351179","potions_obtained":[{"floor":1,"key":"Weak Potion"},{"floor":3,"key":"Weak Potion"},{"floor":8,"key":"Poison Potion"}],"is_trial":false,"path_per_floor":["M","?","M","?","?","E","R","M","T","M","$","E","?","$","R","B"],"character_chosen":"IRONCLAD","items_purchased":["Ghostly Armor","Feel No Pain","Warcry"],"campfire_rested":0,"item_purchase_floors":[11,11,14],"current_hp_per_floor":[80,69,75,75,63,69,69,73,73,72,72,43,43,43,43,0],"gold":29,"neow_bonus":"THREE_ENEMY_KILL","is_prod":false,"is_daily":false,"chose_seed":false,"campfire_upgraded":1,"win_rate":0,"timestamp":1570117322,"path_taken":["M","?","M","?","?","E","R","M","T","M","$","E","?","$","R","BOSS"],"build_version":"2019-07-17","purchased_purges":1,"victory":false,"max_hp_per_floor":[80,80,80,80,80,80,80,80,80,80,80,80,80,80,80,80],"card_choices":[{"not_picked":["Bloodletting","Battle Trance"],"picked":"Shockwave","floor":1},{"not_picked":["Fire Breathing","Rupture"],"picked":"Body Slam","floor":3},{"not_picked":["Cleave","Hemokinesis","Body Slam"],"picked":"SKIP","floor":6},{"not_picked":["Cleave","Flex"],"picked":"Battle Trance","floor":8},{"not_picked":["Combust","Twin Strike","Anger"],"picked":"SKIP","floor":10},{"not_picked":["Whirlwind","Clash"],"picked":"Corruption","floor":12}],"player_experience":203416,"relics_obtained":[{"floor":6,"key":"Pocketwatch"},{"floor":12,"key":"Magic Flower"}],"event_choices":[{"damage_healed":0,"gold_gain":75,"player_choice":"Gather Gold","damage_taken":11,"max_hp_gain":0,"max_hp_loss":0,"event_name":"World of Goop","floor":2,"gold_loss":0},{"damage_healed":0,"gold_gain":0,"player_choice":"Grow","damage_taken":0,"max_hp_gain":0,"max_hp_loss":0,"event_name":"Living Wall","floor":4,"gold_loss":0,"cards_upgraded":["Body Slam"]},{"damage_healed":0,"gold_gain":0,"player_choice":"Success","damage_taken":12,"relics_obtained":["Juzu Bracelet"],"max_hp_gain":0,"max_hp_loss":0,"event_name":"Scrap Ooze","floor":5,"gold_loss":0},{"damage_healed":0,"gold_gain":0,"player_choice":"Ignored","damage_taken":0,"max_hp_gain":0,"max_hp_loss":0,"event_name":"Liars Game","floor":13,"gold_loss":0}],"is_beta":false,"boss_relics":[],"items_purged_floors":[11],"is_endless":false,"potions_floor_spawned":[1,3,8],"killed_by":"Slime Boss","ascension_level":2}