{"path_per_floor":["M","M","$","M","M","R","E","R","T","?","R","E","$","E","R","B",null,"M","?","?","M","M","R","M","E","T","M","$","E","T","E","R","B",null,"M","$","M","?","?","R","E","M","T","T","E","M","R","E","R","B"],"character_chosen":"THE_SILENT","items_purchased":["Footwork","Cloak And Dagger","Noxious Fumes","Finesse","Accuracy","Oddly Smooth Stone"],"gold_per_floor":[112,129,32,43,13,13,40,40,40,115,115,145,1,29,29,131,131,146,146,146,157,170,170,188,216,216,227,33,66,91,120,120,217,217,233,6,26,26,26,26,53,66,66,366,391,402,402,436,436,436],"floor_reached":51,"campfire_rested":2,"playtime":6186,"current_hp_per_floor":[69,66,66,59,56,56,27,27,27,16,39,35,35,34,34,16,77,77,77,77,73,70,70,70,63,73,56,56,56,56,59,59,58,87,87,87,87,76,68,68,68,54,54,54,54,54,80,80,80,86],"items_purged":["Strike_G","Strike_G"],"gold":436,"score":865,"play_id":"195f57f4-6d96-4ace-985c-8a0c262a7a50","is_prod":false,"is_daily":false,"is_ascension_mode":true,"campfire_upgraded":7,"path_taken":["M","?","?","M","M","R","E","R","T","?","R","E","$","E","R","BOSS","M","?","?","M","M","R","M","E","T","M","$","E","?","E","R","BOSS","M","$","M","?","?","R","E","M","T","?","E","M","R","E","R","BOSS"],"build_version":"2018-02-12-PROD1","purchased_purges":3,"victory":true,"master_deck":["Defend_G","Defend_G","Defend_G","Defend_G","Strike_G","Survivor","Neutralize","Outmaneuver","Footwork+1","Cloak And Dagger","Well Laid Plans+1","Infinite Blades+1","Infinite Blades+1","Adrenaline+1","Noxious Fumes+1","Footwork+1","After Image+1","Blade Dance+1","Caltrops+1","Glass Knife+1","Backstab+1","Escape Plan+1","Blur","Finesse","Noxious Fumes+1","Accuracy+1","Accuracy+1","Madness","Madness+1","Backflip","Prepared+1","Prepared+1","Infinite Blades+1"],"max_hp_per_floor":[70,70,70,70,70,70,77,77,77,77,77,77,77,77,77,77,77,77,77,77,77,77,77,77,77,87,87,87,87,87,87,87,87,87,87,87,87,87,87,87,87,87,87,87,87,87,87,87,87,87],"relics":["Ring of the Snake","Strawberry","Letter Opener","Thread and Needle","Frozen Egg 2","Astrolabe","Meat on the Bone","Kunai","Pear","Gambling Chip","Prayer Wheel","Unceasing Top","The Specimen","Oddly Smooth Stone","Mummified Hand","Paper Crane","Old Coin","Pantograph","Ornamental Fan"],"card_choices":[{"not_picked":["Bane","Underhanded Strike"],"picked":"Outmaneuver"},{"not_picked":["Flechettes","Malaise"],"picked":"Well Laid Plans"},{"not_picked":["Heel Hook","Poisoned Stab"],"picked":"Infinite Blades"},{"not_picked":["Prepared","Acrobatics"],"picked":"Infinite Blades"},{"not_picked":["Doppelganger","Cloak And Dagger"],"picked":"Adrenaline"},{"not_picked":["Malaise","Catalyst"],"picked":"Footwork"},{"not_picked":["Tools of the Trade","Corpse Explosion"],"picked":"After Image"},{"not_picked":["Distraction","Deadly Poison"],"picked":"Backstab"},{"not_picked":["Backflip","Slice"],"picked":"Escape Plan"},{"not_picked":["Unload","Skewer"],"picked":"Blur"},{"not_picked":["Deadly Poison","Outmaneuver"],"picked":"Noxious Fumes"},{"not_picked":["Flying Knee","Blade Dance"],"picked":"Accuracy"},{"not_picked":["Dodge and Roll","Poisoned Stab"],"picked":"Backflip"},{"not_picked":["Tactician","Deflect"],"picked":"Prepared"},{"not_picked":["Backflip","Malaise"],"picked":"Prepared"},{"not_picked":["Sucker Punch","Backflip"],"picked":"Infinite Blades"}],"player_experience":123552,"potions_floor_usage":[31,41,50,50],"damage_taken":[{"damage":1.0,"enemies":"Blue Slaver","floor":1.0,"turns":5.0},{"damage":3.0,"enemies":"Cultist","floor":2.0,"turns":5.0},{"damage":7.0,"enemies":"Small Slimes","floor":4.0,"turns":4.0},{"damage":3.0,"enemies":"Looter","floor":5.0,"turns":4.0},{"damage":36.0,"enemies":"Gremlin Nob","floor":7.0,"turns":7.0},{"damage":4.0,"enemies":"Lagavulin","floor":12.0,"turns":8.0},{"damage":1.0,"enemies":"3 Sentries","floor":14.0,"turns":7.0},{"damage":18.0,"enemies":"Slime Boss","floor":16.0,"turns":13.0},{"damage":0,"enemies":"Shell Parasite","floor":18,"turns":5},{"damage":4,"enemies":"3 Byrds","floor":21,"turns":4},{"damage":3,"enemies":"Snecko","floor":22,"turns":7},{"damage":0,"enemies":"3 Cultists","floor":24,"turns":5},{"damage":7,"enemies":"Book of Stabbing","floor":25,"turns":5},{"damage":17,"enemies":"Slaver and Parasite","floor":27,"turns":6},{"damage":0,"enemies":"Gremlin Leader","floor":29,"turns":7},{"damage":9,"enemies":"Book of Stabbing","floor":31,"turns":5},{"damage":1,"enemies":"Champ","floor":33,"turns":14},{"damage":0,"enemies":"3 Shapes","floor":35,"turns":6},{"damage":0,"enemies":"3 Darklings","floor":37,"turns":5},{"damage":0,"enemies":"Nemesis","floor":41,"turns":10},{"damage":14,"enemies":"Sphere and 2 Shapes","floor":42,"turns":4},{"damage":0,"enemies":"Giant Head","floor":45,"turns":7},{"damage":0,"enemies":"4 Shapes","floor":46,"turns":5},{"damage":0,"enemies":"Nemesis","floor":48,"turns":7},{"damage":1,"enemies":"Time Eater","floor":50,"turns":11}],"event_choices":[{"event_name":"World of Goop","player_choice":"Gather Gold","floor":10.0,"damage_taken":0.0},{"event_name":"Vampires","player_choice":"Ignored","floor":19,"damage_taken":0},{"event_name":"The Mausoleum","player_choice":"Yes","floor":20,"damage_taken":0},{"event_name":"Winding Halls","player_choice":"Embrace Madness","floor":38,"damage_taken":0},{"event_name":"Wheel of Change","player_choice":"Damage","floor":39,"damage_taken":0}],"boss_relics":[{"not_picked":["Orrery","Eternal Feather"],"picked":"Astrolabe"},{"not_picked":["Calling Bell","Runic Pyramid"],"picked":"The Specimen"}],"potions_floor_spawned":[4,7,16,25,27,31,37,41,45,46],"seed_played":"1598569399235666336","ascension_level":3,"is_trial":false}