{"gold_per_floor":[116,129,129,148,148,148,223,47,74,94,105,105,105,27,27,158,158,179,179],"floor_reached":19,"playtime":963,"items_purged":["Strike_G"],"score":157,"play_id":"8a517980-bfe8-400d-90b8-48325b3d0bcc","local_time":"20190725065844","is_ascension_mode":false,"campfire_choices":[{"data":"Finisher","floor":6.0,"key":"SMITH"},{"data":"Storm of Steel","floor":13.0,"key":"SMITH"},{"data":"Neutralize","floor":15.0,"key":"SMITH"}],"neow_cost":"NONE","seed_source_timestamp":0,"circlet_count":0,"master_deck":["Strike_G","Strike_G","Strike_G+1","Defend_G","Defend_G+1","Defend_G","Defend_G","Defend_G","Survivor","Neutralize+1","Deep Breath","Backflip","Calculated Gamble","Footwork","Quick Slash","Dodge and Roll","Well Laid Plans","Blade Dance+1","Riddle With Holes+1","Phantasmal Killer+1","Quick Slash+1"],"special_seed":0,"relics":["Ring of the Snake","Strawberry","Golden Idol","Astrolabe"],"potions_floor_usage":[],"damage_taken":[{"damage":0.0,"enemies":"2 Louse","floor":1.0,"turns":3.0},{"damage":0.0,"enemies":"Small Slimes","floor":2.0,"turns":4.0},{"damage":2.0,"enemies":"Jaw Worm","floor":4.0,"turns":4.0},{"damage":0.0,"enemies":"Looter","floor":10.0,"turns":4.0},{"damage":2.0,"enemies":"2 Fungi Beasts","floor":11.0,"turns":4.0},{"damage":12.0,"enemies":"Hexaghost","floor":16.0,"turns":12.0},{"damage":18.0,"enemies":"Shell Parasite","floor":18.0,"turns":6.0}],"seed_played":"4897527507211934975","potions_obtained":[{"floor":2.0,"key":"SmokeBomb"},{"floor":4.0,"key":"Swift Potion"},{"floor":10.0,"key":"Block Potion"},{"floor":16.0,"key":"AttackPotion"},{"floor":18.0,"key":"Dexterity Potion"}],"is_trial":false,"path_per_floor":["M","M","?","M","?","R","?","$","T","M","M","?","R","$","R","B",null,"M","$"],"character_chosen":"THE_SILENT","items_purchased":["Footwork","Quick Slash","Well Laid Plans"],"campfire_rested":0,"item_purchase_floors":[8,8,14],"current_hp_per_floor":[70,70,56,54,54,54,43,43,50,50,48,48,48,48,48,36,71,53,53],"gold":179,"neow_bonus":"RANDOM_COLORLESS","is_prod":false,"is_daily":false,"chose_seed":false,"campfire_upgraded":3,"win_rate":0,"timestamp":1564030724,"path_taken":["M","M","?","M","?","R","?","$","T","M","?","?","R","$","R","BOSS","M","$"],"build_version":"2019-07-17","purchased_purges":1,"victory":false,"max_hp_per_floor":[70,70,70,70,70,70,70,70,77,77,77,71,71,71,71,71,71,71,71],"card_choices":[{"not_picked":["Riddle With Holes","Crippling Poison"],"picked":"Finisher","floor":1.0},{"not_picked":["Deadly Poison","PiercingWail"],"picked":"Backflip","floor":2.0},{"not_picked":["Backflip","Poisoned Stab"],"picked":"Calculated Gamble","floor":4.0},{"not_picked":["Deflect","Outmaneuver"],"picked":"Storm of Steel","floor":10.0},{"not_picked":["Dagger Throw","Skewer"],"picked":"Dodge and Roll","floor":11.0},{"not_picked":["Corpse Explosion","Storm of Steel"],"picked":"Glass Knife","floor":16.0},{"not_picked":["Tactician","Sucker Punch"],"picked":"Quick Slash+1","floor":18.0}],"player_experience":112907,"relics_obtained":[{"floor":9.0,"key":"Strawberry"}],"event_choices":[{"damage_healed":0.0,"max_hp_gain":0.0,"max_hp_loss":0.0,"gold_gain":0.0,"event_name":"Shining Light","player_choice":"Entered Light","floor":3.0,"gold_loss":0.0,"damage_taken":14.0,"cards_upgraded":["Strike_G","Defend_G"]},{"cards_removed":["Strike_G"],"damage_healed":0.0,"max_hp_gain":0.0,"max_hp_loss":0.0,"gold_gain":0.0,"event_name":"Living Wall","player_choice":"Forget","floor":5.0,"gold_loss":0.0,"damage_taken":0.0},{"damage_healed":0.0,"max_hp_gain":0.0,"max_hp_loss":0.0,"gold_gain":75.0,"event_name":"World of Goop","player_choice":"Gather Gold","floor":7.0,"gold_loss":0.0,"damage_taken":11.0},{"damage_healed":0.0,"max_hp_gain":0.0,"max_hp_loss":6.0,"gold_gain":0.0,"event_name":"Golden Idol","player_choice":"Lose Max HP","floor":12.0,"gold_loss":0.0,"damage_taken":0.0,"relics_obtained":["Golden Idol"]}],"is_beta":false,"boss_relics":[{"not_picked":["Eternal Feather","Calling Bell"],"picked":"Astrolabe"}],"items_purged_floors":[8],"is_endless":false,"potions_floor_spawned":[2,4,10,16,18],"ascension_level":0}