{"path_per_floor":["M","M","?","?","?","R","E","T","T","M","M","E","$","M","R","B",null,"M","?","?","$","?","E","M","R","T","R","$","E","$","E","R","B",null,"M","M","?","?","M","$","E"],"character_chosen":"IRONCLAD","items_purchased":[],"gold_per_floor":[20,39,39,39,4,4,44,44,70,93,108,141,66,90,90,219,219,232,232,232,132,132,176,191,191,215,215,90,125,125,156,156,286,286,306,319,319,319,334,184,252],"floor_reached":42,"campfire_rested":0,"playtime":3418,"current_hp_per_floor":[79,76,60,40,60,60,38,38,38,39,34,26,26,27,27,15,80,80,80,80,80,80,69,69,69,69,69,69,61,61,68,68,40,80,77,47,47,37,38,38,21],"items_purged":["Strike_R","Strike_R","Strike_R","Headbutt"],"gold":252,"score":484,"play_id":"8d1031a4-d23c-40b7-bbd3-44c4bc237f73","is_prod":false,"is_daily":false,"is_ascension_mode":true,"campfire_upgraded":5,"path_taken":["M","M","?","?","?","R","E","?","T","M","?","E","$","M","R","BOSS","M","?","?","$","?","E","M","R","T","R","$","E","$","E","R","BOSS","M","M","?","?","M","$","E","M"],"build_version":"2018-02-22-PROD2","purchased_purges":4,"victory":false,"master_deck":["Defend_R+1","Defend_R+1","Defend_R+1","Bash+1","Pommel Strike+1","Dropkick+1","Thunderclap+1","Dropkick+1","Madness","Madness"],"max_hp_per_floor":[80,80,80,80,80,80,80,80,80,80,80,80,80,80,80,80,80,80,80,80,80,80,80,80,80,80,80,80,80,80,80,80,80,80,80,80,80,80,80,80,80],"relics":["Black Blood","Golden Idol","Dream Catcher","Champion Belt","Omamori","Whetstone","Kunai","Juzu Bracelet","Paper Frog","Red Skull","Black Star","Regal Pillow","Tiny Chest"],"card_choices":[{"not_picked":["Seeing Red","Twin Strike"],"picked":"Pommel Strike"},{"not_picked":["Metallicize","Rage"],"picked":"Headbutt"},{"not_picked":["Sword Boomerang","Pummel"],"picked":"Dropkick"},{"not_picked":["Sword Boomerang","Entrench"],"picked":"Thunderclap"},{"not_picked":["Wild Strike","Cleave"],"picked":"Dropkick"}],"player_experience":179737,"potions_floor_usage":[12,23,33,36,41],"damage_taken":[{"damage":7,"enemies":"2 Louse","floor":1,"turns":4},{"damage":9,"enemies":"Jaw Worm","floor":2,"turns":5},{"damage":28,"enemies":"Gremlin Nob","floor":7,"turns":4},{"damage":5,"enemies":"Small Slimes","floor":10,"turns":3},{"damage":11,"enemies":"3 Louse","floor":11,"turns":5},{"damage":14,"enemies":"3 Sentries","floor":12,"turns":9},{"damage":5,"enemies":"Exordium Wildlife","floor":14,"turns":4},{"damage":18,"enemies":"Slime Boss","floor":16,"turns":9},{"damage":9,"enemies":"Chosen","floor":18,"turns":3},{"damage":21,"enemies":"Gremlin Leader","floor":23,"turns":5},{"damage":10,"enemies":"Shell Parasite","floor":24,"turns":4},{"damage":18,"enemies":"Slavers","floor":29,"turns":6},{"damage":3,"enemies":"Book of Stabbing","floor":31,"turns":4},{"damage":38,"enemies":"Champ","floor":33,"turns":7},{"damage":13,"enemies":"3 Darklings","floor":35,"turns":5},{"damage":40,"enemies":"3 Shapes","floor":36,"turns":8},{"damage":9,"enemies":"3 Darklings","floor":39,"turns":3},{"damage":27,"enemies":"2 Orb Walkers","floor":41,"turns":4},{"damage":22,"enemies":"Sphere and 2 Shapes","floor":42,"turns":3}],"event_choices":[{"event_name":"Shining Light","player_choice":"Entered Light","floor":3,"damage_taken":0},{"event_name":"Golden Idol","player_choice":"Take Damage","floor":4,"damage_taken":0},{"event_name":"The Cleric","player_choice":"Healed","floor":5,"damage_taken":0},{"event_name":"Back to Basics","player_choice":"Elegance","floor":19,"damage_taken":0},{"event_name":"Accursed Blacksmith","player_choice":"Forge","floor":20,"damage_taken":0},{"event_name":"Vampires","player_choice":"Ignored","floor":22,"damage_taken":0},{"event_name":"Upgrade Shrine","player_choice":"Upgraded","floor":37,"damage_taken":0},{"event_name":"Winding Halls","player_choice":"Embrace Madness","floor":38,"damage_taken":0}],"boss_relics":[{"not_picked":["Velvet Choker","Question Card"],"picked":"Black Blood"},{"not_picked":["Runic Dome","Pandora\u0027s Box"],"picked":"Black Star"}],"potions_floor_spawned":[7,10,11,18,33,36],"seed_played":"7765546541597581222","killed_by":"Sphere and 2 Shapes","ascension_level":2,"is_trial":false}