{"gold_per_floor":[112,124,142,2,19,19,31,61,86,86,106,106,106,106,106,183,183,197,4,4,4,4,4,18,18,18,30,68,80],"floor_reached":29,"playtime":1093,"items_purged":["Strike_B"],"score":446,"play_id":"1dd5e519-0b99-48e3-990a-ff6e58937daa","local_time":"20190105225646","is_ascension_mode":true,"campfire_choices":[{"data":"Defragment","floor":6.0,"key":"SMITH"},{"floor":10.0,"key":"REST"},{"data":"Zap","floor":12.0,"key":"SMITH"},{"data":"Ball Lightning","floor":15.0,"key":"SMITH"},{"floor":23,"key":"REST"},{"data":"Self Repair","floor":25,"key":"SMITH"}],"neow_cost":"NONE","seed_source_timestamp":0,"circlet_count":0,"master_deck":["AscendersBane","Strike_B+1","Strike_B+1","Defend_B+1","Defend_B+1","Defend_B+1","Defend_B+1","Zap+1","Dualcast","Seek+1","Defragment+1","Ball Lightning+1","Ball Lightning+1","Reboot","Turbo","Parasite","Echo Form","Stack","Self Repair+1","Decay","Barrage+1","Conserve Battery"],"special_seed":0,"relics":["Cracked Core","Unceasing Top","Whetstone","Pantograph","Nuclear Battery","MawBank","Oddly Smooth Stone"],"potions_floor_usage":[],"damage_taken":[{"damage":2.0,"enemies":"2 Louse","floor":1.0,"turns":2.0},{"damage":2.0,"enemies":"Jaw Worm","floor":2.0,"turns":3.0},{"damage":0.0,"enemies":"Small Slimes","floor":3.0,"turns":4.0},{"damage":32.0,"enemies":"Red Slaver","floor":5.0,"turns":5.0},{"damage":0.0,"enemies":"2 Fungi Beasts","floor":7.0,"turns":2.0},{"damage":20.0,"enemies":"3 Sentries","floor":8.0,"turns":5.0},{"damage":7.0,"enemies":"Looter","floor":11.0,"turns":3.0},{"damage":33.0,"enemies":"Hexaghost","floor":16.0,"turns":7.0},{"damage":40,"enemies":"Shell Parasite","floor":18,"turns":4},{"damage":7,"enemies":"Spheric Guardian","floor":24,"turns":4},{"damage":35,"enemies":"Book of Stabbing","floor":28,"turns":5},{"damage":39,"enemies":"3 Cultists","floor":29,"turns":4}],"seed_played":"-6060972595020646170","potions_obtained":[{"floor":3.0,"key":"SteroidPotion"},{"floor":8.0,"key":"SkillPotion"},{"floor":18,"key":"LiquidBronze"}],"is_trial":false,"path_per_floor":["M","M","M","$","M","R","M","E","T","R","M","R","?","T","R","B",null,"M","$","?","?","?","R","M","R","T","?","E","M"],"character_chosen":"DEFECT","items_purchased":["Defragment","Fire Potion","Stack","Self Repair"],"campfire_rested":2,"item_purchase_floors":[4,4,19,19],"current_hp_per_floor":[62,60,60,60,28,28,28,8,8,29,22,22,39,39,39,31,61,21,21,21,21,21,42,49,49,49,49,34,0],"gold":80,"neow_bonus":"REMOVE_CARD","is_prod":false,"is_daily":false,"chose_seed":false,"campfire_upgraded":4,"win_rate":0,"timestamp":1546725406,"path_taken":["M","M","M","$","M","R","M","E","T","R","M","R","?","?","R","BOSS","M","$","?","?","?","R","M","R","T","?","E","M"],"build_version":"2019-01-03v4","purchased_purges":1,"victory":false,"max_hp_per_floor":[71,71,71,71,71,71,71,71,71,71,71,71,71,71,71,71,71,71,71,71,71,71,71,71,71,71,71,71,71],"card_choices":[{"not_picked":["Stack","Genetic Algorithm","Sweeping Beam"],"picked":"SKIP","floor":1.0},{"not_picked":["Gash","Compile Driver","Stack"],"picked":"SKIP","floor":2.0},{"not_picked":["Ball Lightning","Go for the Eyes"],"picked":"Seek","floor":3.0},{"not_picked":["Consume","Cold Snap"],"picked":"Ball Lightning","floor":5.0},{"not_picked":["Rebound","Beam Cell"],"picked":"Ball Lightning","floor":7.0},{"not_picked":["Stack","Streamline"],"picked":"Reboot","floor":8.0},{"not_picked":["Compile Driver","Hologram"],"picked":"Turbo","floor":11.0},{"not_picked":["Machine Learning","Biased Cognition"],"picked":"Echo Form","floor":16.0},{"not_picked":["Gash","Sweeping Beam","Aggregate"],"picked":"SKIP","floor":18},{"not_picked":["Beam Cell+1","Double Energy"],"picked":"Barrage+1","floor":24},{"not_picked":["Steam Power","Barrage"],"picked":"Conserve Battery","floor":28}],"player_experience":465669,"relics_obtained":[{"floor":8.0,"key":"Unceasing Top"},{"floor":9.0,"key":"Whetstone"},{"floor":14.0,"key":"Pantograph"},{"floor":26,"key":"MawBank"},{"floor":28,"key":"Oddly Smooth Stone"}],"event_choices":[{"damage_healed":17.0,"max_hp_gain":0.0,"max_hp_loss":0.0,"gold_gain":0.0,"event_name":"Mushrooms","player_choice":"Healed and dodged fight","floor":13.0,"gold_loss":0.0,"damage_taken":0.0,"cards_obtained":["Parasite"]},{"damage_healed":0,"gold_gain":0,"player_choice":"Simplicity","damage_taken":0,"max_hp_gain":0,"max_hp_loss":0,"event_name":"Back to Basics","floor":20,"gold_loss":0,"cards_upgraded":["Strike_B","Defend_B","Defend_B","Defend_B","Defend_B"]},{"damage_healed":0,"gold_gain":0,"player_choice":"Smashed Altar","damage_taken":0,"max_hp_gain":0,"max_hp_loss":0,"event_name":"Forgotten Altar","floor":21,"gold_loss":0,"cards_obtained":["Decay"]},{"damage_healed":0,"gold_gain":0,"player_choice":"Upgraded","damage_taken":0,"max_hp_gain":0,"max_hp_loss":0,"event_name":"Upgrade Shrine","floor":27,"gold_loss":0,"cards_upgraded":["Seek"]}],"is_beta":false,"boss_relics":[{"not_picked":["Orrery","Astrolabe"],"picked":"Nuclear Battery"}],"items_purged_floors":[19],"is_endless":false,"potions_floor_spawned":[3,7,8,18],"killed_by":"3 Cultists","ascension_level":17}