{"gold_per_floor":[118,118,130,146,166,166,196,196,196,213,42,55,67,94,94,193,193,208,208],"floor_reached":19,"playtime":1468,"items_purged":["Strike_B"],"score":221,"play_id":"84aa9689-5719-47ad-a2a7-673e17d2c6eb","local_time":"20190724220558","is_ascension_mode":false,"campfire_choices":[{"data":"Creative AI","floor":6,"key":"SMITH"},{"data":"Fission","floor":8,"key":"SMITH"},{"floor":15,"key":"REST"}],"neow_cost":"NONE","seed_source_timestamp":196224681773438,"circlet_count":0,"master_deck":["Strike_B+1","Strike_B","Strike_B+1","Defend_B","Defend_B","Defend_B","Defend_B","Zap","Dualcast","Creative AI+1","Force Field","Impatience","Zap","Fission+1","Storm","Seek","Blind","Reinforced Body","Echo Form","Hologram"],"relics":["FrozenCore","Whetstone","Blood Vial"],"potions_floor_usage":[3,13,16,16],"damage_taken":[{"damage":6,"enemies":"Jaw Worm","floor":1,"turns":3},{"damage":1,"enemies":"Cultist","floor":3,"turns":4},{"damage":2,"enemies":"Small Slimes","floor":4,"turns":3},{"damage":5,"enemies":"3 Louse","floor":5,"turns":3},{"damage":34,"enemies":"Gremlin Nob","floor":7,"turns":4},{"damage":11,"enemies":"Large Slime","floor":10,"turns":3},{"damage":5,"enemies":"Looter","floor":12,"turns":3},{"damage":0,"enemies":"3 Louse","floor":13,"turns":3},{"damage":0,"enemies":"Slime Boss","floor":16,"turns":6},{"damage":8,"enemies":"Chosen","floor":18,"turns":7},{"damage":71,"enemies":"Masked Bandits","floor":19,"turns":5}],"seed_played":"-7413805546888332339","potions_obtained":[{"floor":1,"key":"FocusPotion"},{"floor":4,"key":"Swift Potion"},{"floor":7,"key":"SmokeBomb"},{"floor":12,"key":"AttackPotion"},{"floor":13,"key":"Block Potion"}],"is_trial":false,"path_per_floor":["M","?","M","M","M","R","E","R","T","M","$","M","M","T","R","B",null,"M","?"],"character_chosen":"DEFECT","items_purchased":["Blind"],"campfire_rested":1,"item_purchase_floors":[11],"current_hp_per_floor":[69,69,68,66,61,61,27,27,27,16,16,11,11,11,33,35,75,67,0],"gold":208,"neow_bonus":"ONE_RANDOM_RARE_CARD","is_prod":false,"is_daily":false,"chose_seed":false,"campfire_upgraded":2,"win_rate":0,"timestamp":1563998758,"path_taken":["M","?","M","?","M","R","E","R","T","M","$","?","M","?","R","BOSS","M","?"],"build_version":"2019-07-17","purchased_purges":1,"victory":false,"max_hp_per_floor":[75,75,75,75,75,75,75,75,75,75,75,75,75,75,75,75,75,75,75],"card_choices":[{"not_picked":["Steam","Static Discharge"],"picked":"Force Field","floor":1},{"not_picked":["Stack","Leap","Barrage"],"picked":"SKIP","floor":3},{"not_picked":["Hologram","Turbo"],"picked":"Fission","floor":4},{"not_picked":["Skim","Turbo"],"picked":"Storm","floor":5},{"not_picked":["Sweeping Beam","Coolheaded"],"picked":"Seek","floor":7},{"not_picked":["Compile Driver","Go for the Eyes","Lockon"],"picked":"SKIP","floor":10},{"not_picked":["Turbo","Beam Cell"],"picked":"Reinforced Body","floor":12},{"not_picked":["Darkness","Lockon","Steam Power"],"picked":"SKIP","floor":13},{"not_picked":["Buffer","Meteor Strike"],"picked":"Echo Form","floor":16},{"not_picked":["Cold Snap","Ball Lightning"],"picked":"Hologram","floor":18}],"player_experience":110841,"relics_obtained":[{"floor":7,"key":"Whetstone"},{"floor":14,"key":"Blood Vial"}],"event_choices":[{"damage_healed":0,"gold_gain":0,"player_choice":"2 cards matched","damage_taken":0,"max_hp_gain":0,"max_hp_loss":0,"event_name":"Match and Keep!","floor":2,"gold_loss":0,"cards_obtained":["Impatience","Zap"]},{"damage_healed":0,"gold_gain":0,"player_choice":"Fought Bandits","damage_taken":0,"max_hp_gain":0,"max_hp_loss":0,"event_name":"Masked Bandits","floor":19,"gold_loss":0}],"is_beta":false,"boss_relics":[{"not_picked":["White Beast Statue","Snecko Eye"],"picked":"FrozenCore"}],"items_purged_floors":[11],"is_endless":false,"potions_floor_spawned":[1,4,7,12,13],"killed_by":"Masked Bandits","ascension_level":0}