{"gold_per_floor":[113,128,140,140,152,152,183,202,202,69,92,111,123,137,137,241,241,254,254,254,269,285,285,310,310,310,325,343,343,28,48,48,151,201,219,75,75,75,87,121,121,136,136,136,150,0,12,23,23,23],"floor_reached":51,"playtime":13674,"items_purged":[],"score":705,"play_id":"1737d28c-c57a-4763-9d61-77bace65af1a","local_time":"20191004010258","is_ascension_mode":false,"campfire_choices":[{"data":"Heavy Blade","floor":6.0,"key":"SMITH"},{"data":"Inflame","floor":15.0,"key":"SMITH"},{"floor":23.0,"key":"REST"},{"floor":25.0,"key":"REST"},{"floor":29.0,"key":"REST"},{"floor":32.0,"key":"REST"},{"floor":41,"key":"REST"},{"floor":49,"key":"REST"}],"neow_cost":"NONE","seed_source_timestamp":0,"circlet_count":0,"master_deck":["Strike_R","Strike_R","Strike_R","Strike_R","Strike_R","Defend_R","Defend_R","Defend_R","Defend_R","Bash+1","Shrug It Off+1","Cleave","Rage","Heavy Blade+1","Demon Form","Battle Trance+1","Inflame+1","Armaments","Offering","Armaments+1","RitualDagger","Sword Boomerang+1","Pommel Strike","Fire Breathing+1","Heavy Blade+1","Anger+1","Jack Of All Trades","Madness","Madness","Shockwave+1","Heavy Blade","Parasite","Armaments"],"special_seed":0,"relics":["Burning Blood","Anchor","Darkstone Periapt","Happy Flower","Lizard Tail","Regal Pillow","Frozen Egg 2","Self Forming Clay","Tiny House","Calipers","Torii","Shuriken","Red Mask"],"potions_floor_usage":[34,39,40,42,45,48],"damage_taken":[{"damage":5.0,"enemies":"Small Slimes","floor":1.0,"turns":5.0},{"damage":0.0,"enemies":"Cultist","floor":2.0,"turns":3.0},{"damage":6.0,"enemies":"Jaw Worm","floor":3.0,"turns":3.0},{"damage":2.0,"enemies":"Blue Slaver","floor":5.0,"turns":4.0},{"damage":10.0,"enemies":"3 Sentries","floor":7.0,"turns":10.0},{"damage":4.0,"enemies":"2 Fungi Beasts","floor":8.0,"turns":4.0},{"damage":0.0,"enemies":"Looter","floor":12.0,"turns":3.0},{"damage":6.0,"enemies":"Exordium Thugs","floor":13.0,"turns":4.0},{"damage":9.0,"enemies":"3 Louse","floor":14.0,"turns":4.0},{"damage":2.0,"enemies":"Slime Boss","floor":16.0,"turns":10.0},{"damage":26.0,"enemies":"2 Thieves","floor":18.0,"turns":4.0},{"damage":14.0,"enemies":"Spheric Guardian","floor":21.0,"turns":6.0},{"damage":40.0,"enemies":"3 Cultists","floor":22.0,"turns":6.0},{"damage":16.0,"enemies":"Gremlin Leader","floor":24.0,"turns":7.0},{"damage":10.0,"enemies":"Snecko","floor":27.0,"turns":4.0},{"damage":7.0,"enemies":"Chosen and Byrds","floor":28.0,"turns":5.0},{"damage":23.0,"enemies":"Centurion and Healer","floor":31.0,"turns":6.0},{"damage":68.0,"enemies":"Collector","floor":33.0,"turns":10.0},{"damage":4,"enemies":"Orb Walker","floor":35,"turns":4},{"damage":3,"enemies":"3 Shapes","floor":39,"turns":3},{"damage":99,"enemies":"Giant Head","floor":40,"turns":9},{"damage":32,"enemies":"Transient","floor":42,"turns":5},{"damage":35,"enemies":"Sphere and 2 Shapes","floor":45,"turns":4},{"damage":36,"enemies":"Writhing Mass","floor":47,"turns":7},{"damage":18,"enemies":"3 Darklings","floor":48,"turns":6},{"damage":47,"enemies":"Awakened One","floor":50,"turns":11}],"seed_played":"-9022462914582704985","potions_obtained":[{"floor":5.0,"key":"AttackPotion"},{"floor":7.0,"key":"FairyPotion"},{"floor":16.0,"key":"AttackPotion"},{"floor":22.0,"key":"GamblersBrew"},{"floor":27.0,"key":"Poison Potion"},{"floor":28.0,"key":"Block Potion"},{"floor":33.0,"key":"Fruit Juice"},{"floor":34,"key":"Explosive Potion"},{"floor":40,"key":"SpeedPotion"},{"floor":42,"key":"Ancient Potion"},{"floor":47,"key":"Fire Potion"}],"is_trial":false,"path_per_floor":["M","M","M","?","M","R","E","M","T","$","T","M","M","M","R","B",null,"M","?","?","M","M","R","E","R","T","M","M","R","$","M","R","B",null,"M","$","?","$","M","E","R","M","T","T","M","?","M","M","R","B",null],"character_chosen":"IRONCLAD","items_purchased":["Inflame","Fire Potion","Fire Breathing+1","Self Forming Clay","Poison Potion","Jack Of All Trades"],"campfire_rested":6,"item_purchase_floors":[10,10,30,30,36,36],"current_hp_per_floor":[80,80,80,80,80,80,76,78,78,78,78,80,80,77,77,80,80,60,54,54,46,12,36,26,65,65,61,60,80,80,63,80,18,90,90,90,79,79,82,15,57,31,31,31,51,51,27,15,58,17],"gold":23,"neow_bonus":"UPGRADE_CARD","is_prod":false,"is_daily":false,"chose_seed":false,"campfire_upgraded":2,"win_rate":0.0,"timestamp":1570168978,"path_taken":["M","M","M","?","M","R","E","M","T","$","?","?","M","M","R","BOSS","M","?","?","M","M","R","E","R","T","M","M","R","$","M","R","BOSS","M","$","?","$","M","E","R","M","T","?","M","?","M","M","R","BOSS"],"build_version":"2019-07-17","purchased_purges":0,"victory":true,"max_hp_per_floor":[80,80,80,80,80,80,80,80,80,80,80,80,80,80,80,80,80,80,80,80,80,80,80,80,80,80,80,80,80,80,80,80,80,90,90,90,90,90,90,90,90,90,90,90,90,90,96,96,96,96],"card_choices":[{"not_picked":["Iron Wave","Bloodletting"],"picked":"Shrug It Off","floor":1.0},{"not_picked":["Whirlwind","Pummel"],"picked":"Cleave","floor":2.0},{"not_picked":["Perfected Strike","Hemokinesis"],"picked":"Rage","floor":3.0},{"not_picked":["Warcry","Clash"],"picked":"Heavy Blade","floor":5.0},{"not_picked":["Fire Breathing","Sword Boomerang"],"picked":"Demon Form","floor":7.0},{"not_picked":["Clash","Heavy Blade"],"picked":"Battle Trance","floor":8.0},{"not_picked":["Clothesline","Pummel"],"picked":"Armaments","floor":12.0},{"not_picked":["Rage","True Grit","Sword Boomerang"],"picked":"SKIP","floor":13.0},{"not_picked":["Clothesline","True Grit","Sword Boomerang"],"picked":"SKIP","floor":14.0},{"not_picked":["Juggernaut","Demon Form"],"picked":"Offering","floor":16.0},{"not_picked":["Fire Breathing","Perfected Strike"],"picked":"Armaments+1","floor":18.0},{"not_picked":["Armaments","Body Slam","Cleave+1"],"picked":"SKIP","floor":21.0},{"not_picked":["Uppercut","Carnage"],"picked":"Sword Boomerang+1","floor":22.0},{"not_picked":["Bludgeon","Inflame"],"picked":"Pommel Strike","floor":24.0},{"not_picked":["Sword Boomerang","Body Slam","Iron Wave"],"picked":"SKIP","floor":27.0},{"not_picked":["Perfected Strike","Reckless Charge","Twin Strike"],"picked":"SKIP","floor":28.0},{"not_picked":["Perfected Strike","True Grit+1"],"picked":"Heavy Blade+1","floor":31.0},{"not_picked":["Iron Wave","Armaments"],"picked":"Anger+1","floor":34},{"not_picked":["Twin Strike+1","Flex","Armaments"],"picked":"SKIP","floor":35},{"not_picked":["Disarm","Sword Boomerang+1","Flex+1"],"picked":"SKIP","floor":39},{"not_picked":["Metallicize+1","Shockwave","Inflame+1"],"picked":"SKIP","floor":40},{"not_picked":["Entrench+1","Twin Strike"],"picked":"Shockwave+1","floor":42},{"not_picked":["Thunderclap+1","Headbutt+1"],"picked":"Heavy Blade","floor":45},{"not_picked":["Anger","Headbutt","Feel No Pain+1"],"picked":"SKIP","floor":47},{"not_picked":["Pummel","Reckless Charge+1"],"picked":"Armaments","floor":48}],"player_experience":31211,"relics_obtained":[{"floor":7.0,"key":"Anchor"},{"floor":9.0,"key":"Darkstone Periapt"},{"floor":11.0,"key":"Happy Flower"},{"floor":24.0,"key":"Regal Pillow"},{"floor":26.0,"key":"Frozen Egg 2"},{"floor":40,"key":"Calipers"},{"floor":43,"key":"Torii"},{"floor":44,"key":"Shuriken"}],"event_choices":[{"damage_healed":0.0,"max_hp_gain":0.0,"max_hp_loss":0.0,"gold_gain":0.0,"event_name":"Upgrade Shrine","player_choice":"Upgraded","floor":4.0,"gold_loss":0.0,"damage_taken":0.0,"cards_upgraded":["Shrug It Off"]},{"damage_healed":0.0,"max_hp_gain":0.0,"max_hp_loss":0.0,"gold_gain":0.0,"event_name":"Nest","player_choice":"Joined the Cult","floor":19.0,"gold_loss":0.0,"damage_taken":6.0,"cards_obtained":["RitualDagger"]},{"damage_healed":0.0,"max_hp_gain":0.0,"max_hp_loss":0.0,"gold_gain":0.0,"event_name":"Vampires","player_choice":"Ignored","floor":20.0,"gold_loss":0.0,"damage_taken":0.0},{"damage_healed":0,"gold_gain":0,"player_choice":"Embrace Madness","damage_taken":11,"max_hp_gain":0,"max_hp_loss":0,"event_name":"Winding Halls","floor":37,"gold_loss":0,"cards_obtained":["Madness","Madness"]},{"damage_healed":0,"gold_gain":0,"player_choice":"Paid","damage_taken":0,"relics_obtained":["Red Mask"],"max_hp_gain":0,"max_hp_loss":0,"event_name":"Tomb of Lord Red Mask","floor":46,"gold_loss":150}],"is_beta":false,"boss_relics":[{"not_picked":["Black Star","Runic Dome"],"picked":"Lizard Tail"},{"not_picked":["Calling Bell","Philosopher\u0027s Stone"],"picked":"Tiny House"}],"items_purged_floors":[],"is_endless":false,"potions_floor_spawned":[5,7,13,16,22,27,28,31,33,40,42,47],"ascension_level":0}