{"gold_per_floor":[116,131,131,131,2,2,32,32,32,65,65,82,94,127,127,231,231,243,255,268,268,287,287,314,239,239,239,270,287,46,145,145,247,247,257,167,180,200,150,177,177,206,206,306,306,162,179,179,179,179,179,179,13,39,39],"floor_reached":55,"playtime":3851,"items_purged":["Strike_B","Defend_B","Defend_B","Dualcast"],"score":1152,"play_id":"f7d4fc5d-caf7-4716-b26a-fa84a151cd39","local_time":"20181216155734","is_ascension_mode":true,"campfire_choices":[{"data":"Genetic Algorithm","floor":6,"key":"SMITH"},{"data":"Zap","floor":8,"key":"SMITH"},{"floor":15,"key":"REST"},{"data":"Defragment","floor":23,"key":"SMITH"},{"data":"Consume","floor":27,"key":"SMITH"},{"data":"Capacitor","floor":32,"key":"SMITH"},{"floor":41,"key":"RECALL"},{"floor":45,"key":"REST"},{"data":"Buffer","floor":49,"key":"SMITH"},{"data":"Machine Learning","floor":52,"key":"SMITH"}],"neow_cost":"NONE","seed_source_timestamp":352247215225792,"circlet_count":0,"master_deck":["Strike_B+1","Zap+1","Genetic Algorithm+1","Cold Snap","Ball Lightning+1","Electrodynamics","Defragment","Ball Lightning","Coolheaded","Capacitor+1","Self Repair","Buffer+1","Conserve Battery+1","BootSequence","Consume+1","Cold Snap+1","Cold Snap","Go for the Eyes+1","Defragment+1","Force Field","Conserve Battery","Hologram+1","Double Energy+1","Machine Learning+1","Go for the Eyes+1","Ball Lightning","Reprogram+1","BootSequence+1","Fusion+1","Redo+1","Blind","Secret Technique"],"relics":["Cracked Core","NeowsBlessing","Centennial Puzzle","Prayer Wheel","Smiling Mask","Whetstone","Sozu","Orichalcum","Thread and Needle","Potion Belt","Runic Capacitor","Inserter","Lantern","Anchor","Girya","Pen Nib"],"potions_floor_usage":[14,20,24,55],"damage_taken":[{"damage":0,"enemies":"2 Louse","floor":1,"turns":1},{"damage":0,"enemies":"Small Slimes","floor":2,"turns":1},{"damage":0,"enemies":"Gremlin Nob","floor":7,"turns":1},{"damage":21,"enemies":"3 Sentries","floor":10,"turns":3},{"damage":2,"enemies":"Jaw Worm","floor":12,"turns":3},{"damage":0,"enemies":"Lots of Slimes","floor":13,"turns":1},{"damage":3,"enemies":"Lagavulin","floor":14,"turns":6},{"damage":31,"enemies":"Hexaghost","floor":16,"turns":9},{"damage":0,"enemies":"Shell Parasite","floor":18,"turns":5},{"damage":0,"enemies":"Chosen","floor":19,"turns":5},{"damage":21,"enemies":"Centurion and Healer","floor":20,"turns":6},{"damage":7,"enemies":"Chosen and Byrds","floor":22,"turns":5},{"damage":0,"enemies":"Book of Stabbing","floor":24,"turns":7},{"damage":4,"enemies":"Gremlin Leader","floor":28,"turns":7},{"damage":0,"enemies":"Cultist and Chosen","floor":29,"turns":4},{"damage":0,"enemies":"Automaton","floor":33,"turns":8},{"damage":0,"enemies":"3 Shapes","floor":35,"turns":4},{"damage":17,"enemies":"3 Darklings","floor":37,"turns":5},{"damage":8,"enemies":"Transient","floor":38,"turns":5},{"damage":0,"enemies":"Giant Head","floor":40,"turns":10},{"damage":58,"enemies":"Reptomancer","floor":42,"turns":5},{"damage":0,"enemies":"Mind Bloom Boss Battle","floor":44,"turns":6},{"damage":0,"enemies":"Maw","floor":47,"turns":6},{"damage":2,"enemies":"Donu and Deca","floor":50,"turns":9},{"damage":14,"enemies":"Shield and Spear","floor":54,"turns":7},{"damage":70,"enemies":"The Heart","floor":55,"turns":8}],"seed_played":"7919418423931777557","potions_obtained":[{"floor":2,"key":"Strength Potion"},{"floor":12,"key":"Weak Potion"},{"floor":14,"key":"Poison Potion"},{"floor":16,"key":"EssenceOfSteel"}],"is_trial":false,"path_per_floor":["M","M","?","?","$","R","E","R","T","E","?","M","M","E","R","B",null,"M","M","M","?","M","R","E","?","T","R","E","M","$","?","R","B",null,"M","?","M","M","$","E","R","E","T","?","R","$","M","?","R","B",null,"R","$","E","B"],"character_chosen":"DEFECT","items_purchased":["Ball Lightning","Runic Capacitor","Blind","Secret Technique"],"campfire_rested":2,"item_purchase_floors":[5,30,46,53],"current_hp_per_floor":[68,68,61,61,61,61,61,61,61,40,40,38,38,35,57,33,65,72,75,61,61,61,61,68,68,68,68,71,71,71,71,71,75,75,75,75,65,64,64,71,71,20,20,27,49,49,56,61,61,66,73,73,73,66,0],"gold":39,"neow_bonus":"THREE_ENEMY_KILL","is_prod":false,"is_daily":false,"chose_seed":false,"campfire_upgraded":7,"win_rate":0,"timestamp":1544972254,"path_taken":["M","M","?","?","$","R","E","R","T","E","?","M","M","E","R","BOSS","M","M","M","?","?","R","E","?","T","R","E","M","$","?","R","BOSS","M","?","?","M","$","E","R","E","T","?","R","$","M","?","R","BOSS","R","$","E","BOSS"],"build_version":"2018-12-13","purchased_purges":4,"victory":false,"max_hp_per_floor":[75,75,75,75,75,75,75,75,75,75,75,75,75,75,75,75,75,75,75,75,75,75,75,75,75,75,75,75,75,75,75,75,75,75,75,75,75,75,75,75,75,75,75,75,75,75,75,75,75,75,75,75,75,75,75],"card_choices":[{"not_picked":["Steam","Streamline"],"picked":"Genetic Algorithm","floor":1},{"not_picked":["Sunder","Stack"],"picked":"Cold Snap","floor":2},{"not_picked":["Stack","Redo"],"picked":"Electrodynamics","floor":7},{"not_picked":["Gash","Conserve Battery"],"picked":"Defragment","floor":10},{"not_picked":["Double Energy","Steam"],"picked":"Ball Lightning","floor":12},{"not_picked":["Genetic Algorithm","Hologram","Compile Driver"],"picked":"SKIP","floor":12},{"not_picked":["Creative AI","Redo"],"picked":"Coolheaded","floor":13},{"not_picked":["Compile Driver","Cold Snap"],"picked":"Capacitor","floor":13},{"not_picked":["Conserve Battery","Auto Shields"],"picked":"Self Repair","floor":14},{"not_picked":["Creative AI","Hyperbeam"],"picked":"Buffer","floor":16},{"not_picked":["Steam+1","Melter"],"picked":"Conserve Battery+1","floor":18},{"not_picked":["Gash","Lockon"],"picked":"BootSequence","floor":18},{"not_picked":["Hologram+1","Barrage+1"],"picked":"Consume","floor":19},{"not_picked":["Barrage","Streamline"],"picked":"Cold Snap+1","floor":19},{"not_picked":["Conserve Battery","Rebound"],"picked":"Cold Snap","floor":20},{"not_picked":["Sweeping Beam+1","Recycle"],"picked":"Go for the Eyes","floor":20},{"not_picked":["Compile Driver","Lockon"],"picked":"Turbo","floor":22},{"not_picked":["Hello World","Turbo+1"],"picked":"Force Field","floor":22},{"not_picked":["Blizzard","Heatsinks","Gash"],"picked":"SKIP","floor":24},{"not_picked":["Electrodynamics","Rebound"],"picked":"Conserve Battery","floor":28},{"not_picked":["Static Discharge","Go for the Eyes"],"picked":"Hologram+1","floor":29},{"not_picked":["Hologram","Turbo"],"picked":"Double Energy+1","floor":29},{"not_picked":["Fission","Rainbow"],"picked":"Machine Learning","floor":33},{"not_picked":["Fusion+1","Capacitor"],"picked":"Go for the Eyes+1","floor":35},{"not_picked":["Leap+1","Gash+1"],"picked":"Ball Lightning","floor":35},{"not_picked":["Sweeping Beam+1","Barrage"],"picked":"Reprogram+1","floor":37},{"not_picked":["Leap","Turbo","Sunder+1"],"picked":"SKIP","floor":37},{"not_picked":["Redo+1","Defragment"],"picked":"BootSequence+1","floor":38},{"not_picked":["Redo","Steam+1"],"picked":"Fusion+1","floor":38},{"not_picked":["Stack+1","Steam Power+1","Force Field"],"picked":"SKIP","floor":40},{"not_picked":["Steam","Leap+1"],"picked":"Redo+1","floor":42},{"not_picked":["Hologram","Melter","Gash"],"picked":"SKIP","floor":47},{"not_picked":["Sweeping Beam+1","Tempest","Self Repair"],"picked":"SKIP","floor":47},{"not_picked":["Reinforced Body","Darkness","Ball Lightning"],"picked":"SKIP","floor":54}],"player_experience":365604,"relics_obtained":[{"floor":7,"key":"Centennial Puzzle"},{"floor":9,"key":"Prayer Wheel"},{"floor":10,"key":"Smiling Mask"},{"floor":14,"key":"Whetstone"},{"floor":24,"key":"Orichalcum"},{"floor":26,"key":"Thread and Needle"},{"floor":28,"key":"Potion Belt"},{"floor":40,"key":"Lantern"},{"floor":42,"key":"Anchor"},{"floor":44,"key":"Girya"},{"floor":54,"key":"Pen Nib"}],"event_choices":[{"cards_removed":["Strike_B"],"damage_healed":0,"gold_gain":0,"player_choice":"Card Removal","damage_taken":7,"max_hp_gain":0,"max_hp_loss":0,"event_name":"Golden Wing","floor":3,"gold_loss":0},{"cards_removed":["Defend_B"],"damage_healed":0,"gold_gain":0,"player_choice":"Forget","damage_taken":0,"max_hp_gain":0,"max_hp_loss":0,"event_name":"Living Wall","floor":4,"gold_loss":0},{"damage_healed":0,"gold_gain":0,"player_choice":"Searched \u00270\u0027 times","damage_taken":0,"max_hp_gain":0,"max_hp_loss":0,"event_name":"Dead Adventurer","floor":11,"gold_loss":0},{"damage_healed":0,"gold_gain":0,"player_choice":"Copied","damage_taken":0,"max_hp_gain":0,"max_hp_loss":0,"event_name":"Duplicator","floor":21,"gold_loss":0,"cards_obtained":["Defragment"]},{"cards_removed":["Strike_B"],"damage_healed":0,"gold_gain":0,"player_choice":"Gave Gold","damage_taken":0,"max_hp_gain":0,"max_hp_loss":0,"event_name":"Beggar","floor":25,"gold_loss":75},{"damage_healed":0,"gold_gain":99,"player_choice":"Stole From Cult","damage_taken":0,"max_hp_gain":0,"max_hp_loss":0,"event_name":"Nest","floor":31,"gold_loss":0},{"cards_removed":["Defend_B"],"damage_healed":0,"gold_gain":0,"player_choice":"Upgrade and Remove","damage_taken":0,"max_hp_gain":0,"max_hp_loss":0,"event_name":"Designer","floor":36,"gold_loss":90,"cards_upgraded":["Go for the Eyes"]},{"damage_healed":0,"gold_gain":0,"player_choice":"Fight","damage_taken":0,"max_hp_gain":0,"max_hp_loss":0,"event_name":"MindBloom","floor":44,"gold_loss":0},{"cards_removed":["Turbo"],"damage_healed":5,"gold_gain":0,"player_choice":"Offered Common","damage_taken":0,"max_hp_gain":0,"max_hp_loss":0,"event_name":"Bonfire Elementals","floor":48,"gold_loss":0},{"cards_removed":["Turbo"],"damage_healed":5,"gold_gain":0,"player_choice":"Offered Special","damage_taken":0,"max_hp_gain":0,"max_hp_loss":0,"event_name":"Bonfire Elementals","floor":48,"gold_loss":0}],"is_beta":false,"boss_relics":[{"not_picked":["Coffee Dripper","Snecko Eye"],"picked":"Sozu"},{"not_picked":["Empty Cage","Runic Pyramid"],"picked":"Inserter"}],"items_purged_floors":[5,30,39,46],"is_endless":false,"potions_floor_spawned":[2,12,14,16,22,24,33,37,42,44,47],"killed_by":"The Heart","ascension_level":6}