{"gold_per_floor":[109,120,70,89,89,89,52,52,52,81,96,96,110,121,121,222,222,222],"floor_reached":18,"playtime":788,"items_purged":[],"score":211,"play_id":"e64cce5f-be19-4fa1-b890-13cde6087dd9","local_time":"20181216014915","is_ascension_mode":true,"campfire_choices":[{"data":"Redo","floor":6,"key":"SMITH"},{"data":"Consume","floor":8,"key":"SMITH"},{"floor":12,"key":"REST"},{"floor":15,"key":"REST"}],"neow_cost":"NONE","seed_source_timestamp":304986262841410,"circlet_count":0,"master_deck":["Strike_B","Strike_B","Strike_B","Defend_B","Defend_B","Defend_B","Defend_B","Zap","Dualcast","Consume+1","Redo+1","Redo+1","Rip and Tear","Buffer","Capacitor","Ball Lightning","White Noise","Echo Form"],"relics":["Cracked Core","NeowsBlessing","DataDisk","Sundial","Inserter"],"potions_floor_usage":[11],"damage_taken":[{"damage":0,"enemies":"Jaw Worm","floor":1,"turns":1},{"damage":0,"enemies":"Small Slimes","floor":2,"turns":1},{"damage":0,"enemies":"Cultist","floor":4,"turns":1},{"damage":30,"enemies":"3 Sentries","floor":10,"turns":7},{"damage":15,"enemies":"Gremlin Gang","floor":11,"turns":4},{"damage":0,"enemies":"2 Fungi Beasts","floor":13,"turns":2},{"damage":0,"enemies":"Large Slime","floor":14,"turns":4},{"damage":46,"enemies":"Hexaghost","floor":16,"turns":7},{"damage":67,"enemies":"3 Byrds","floor":18,"turns":4}],"seed_played":"-5834017831172514476","potions_obtained":[{"floor":2,"key":"Swift Potion"},{"floor":14,"key":"Strength Potion"},{"floor":16,"key":"Strength Potion"}],"is_trial":false,"path_per_floor":["M","M","?","M","?","R","$","R","T","E","M","R","M","M","R","B",null,"M"],"character_chosen":"DEFECT","items_purchased":["Rip and Tear"],"campfire_rested":2,"item_purchase_floors":[7],"current_hp_per_floor":[68,68,68,68,68,68,68,68,68,38,23,45,45,45,67,21,62,0],"gold":222,"neow_bonus":"THREE_ENEMY_KILL","is_prod":false,"is_daily":false,"chose_seed":false,"campfire_upgraded":2,"win_rate":0,"timestamp":1544921355,"path_taken":["M","M","?","M","?","R","$","R","T","E","M","R","?","?","R","BOSS","M"],"build_version":"2018-12-13","purchased_purges":0,"victory":false,"max_hp_per_floor":[75,75,75,75,75,75,75,75,75,75,75,75,75,75,75,75,75,75],"card_choices":[{"not_picked":["Steam","Barrage"],"picked":"Consume","floor":1},{"not_picked":["Compile Driver","Coolheaded"],"picked":"Redo","floor":2},{"not_picked":["Leap","Coolheaded"],"picked":"Redo","floor":4},{"not_picked":["Stack","Conserve Battery"],"picked":"Buffer","floor":10},{"not_picked":["Loop","Steam"],"picked":"Capacitor","floor":11},{"not_picked":["Hologram","Conserve Battery"],"picked":"Ball Lightning","floor":13},{"not_picked":["Hologram","Sweeping Beam"],"picked":"White Noise","floor":14},{"not_picked":["Fission","All For One"],"picked":"Echo Form","floor":16}],"player_experience":361306,"relics_obtained":[{"floor":9,"key":"DataDisk"},{"floor":10,"key":"Sundial"}],"event_choices":[{"cards_removed":["Strike_B"],"damage_healed":0,"gold_gain":0,"player_choice":"Card Removal","damage_taken":0,"max_hp_gain":0,"max_hp_loss":0,"event_name":"The Cleric","floor":3,"gold_loss":50},{"damage_healed":0,"gold_gain":0,"player_choice":"Forge","damage_taken":0,"max_hp_gain":0,"max_hp_loss":0,"event_name":"Accursed Blacksmith","floor":5,"gold_loss":0,"cards_upgraded":["Redo"]}],"is_beta":false,"boss_relics":[{"not_picked":["FrozenCore","Tiny House"],"picked":"Inserter"}],"items_purged_floors":[],"is_endless":false,"potions_floor_spawned":[2,14,16],"killed_by":"3 Byrds","ascension_level":6}