{"gold_per_floor":[111,36,111,111,121,151,170,201,201,233,233,244,244,255,255,357,357,375,389,420,439,439,439,466,466,514,119,134,147,24,49,49,153,153,164,212,287,298,309,309,322,322,347,347,73,104,153,153,153,153],"floor_reached":51,"playtime":2957,"items_purged":["Defend_R","Defend_R","Parasite"],"score":1087,"play_id":"367a522d-1031-4e48-9581-1b46a7c6bcf5","local_time":"20190527002613","is_ascension_mode":true,"campfire_choices":[{"data":"True Grit","floor":13.0,"key":"SMITH"},{"data":"Whirlwind","floor":15.0,"key":"SMITH"},{"data":"Armaments","floor":23.0,"key":"SMITH"},{"data":"Inflame","floor":25.0,"key":"SMITH"},{"data":"Pommel Strike","floor":32.0,"key":"SMITH"},{"floor":40,"key":"DIG"},{"floor":44,"key":"DIG"},{"floor":49,"key":"REST"}],"neow_cost":"NONE","seed_source_timestamp":0,"circlet_count":0,"master_deck":["AscendersBane","Strike_R","Strike_R","Strike_R","Strike_R","Defend_R","Defend_R+1","Bash","Iron Wave","Pommel Strike","Twin Strike","Inflame+1","Whirlwind+1","True Grit+1","Reaper","Inflame+1","Shrug It Off+1","Armaments+1","Pommel Strike+1","Fiend Fire","Metallicize+1","Shrug It Off+1","Shrug It Off","Whirlwind+1","Anger","Flex+1","Flex+1","Offering","Exhume"],"special_seed":0,"relics":["Burning Blood","NeowsBlessing","Happy Flower","Darkstone Periapt","Strawberry","Ornamental Fan","Philosopher\u0027s Stone","Red Mask","Self Forming Clay","Regal Pillow","Meat on the Bone","Shuriken","Runic Pyramid","Shovel","PreservedInsect","Boot","War Paint","Question Card","Dream Catcher"],"potions_floor_usage":[50,50],"damage_taken":[{"damage":0.0,"enemies":"2 Louse","floor":1.0,"turns":1.0},{"damage":0.0,"enemies":"Jaw Worm","floor":5.0,"turns":1.0},{"damage":0.0,"enemies":"Lagavulin","floor":6.0,"turns":1.0},{"damage":0.0,"enemies":"Small Slimes","floor":7.0,"turns":3.0},{"damage":25.0,"enemies":"3 Sentries","floor":8.0,"turns":8.0},{"damage":30.0,"enemies":"Lagavulin","floor":10.0,"turns":6.0},{"damage":0.0,"enemies":"3 Louse","floor":12.0,"turns":1.0},{"damage":12.0,"enemies":"Lots of Slimes","floor":14.0,"turns":2.0},{"damage":49.0,"enemies":"Slime Boss","floor":16.0,"turns":9.0},{"damage":0.0,"enemies":"Spheric Guardian","floor":18.0,"turns":3.0},{"damage":0.0,"enemies":"3 Byrds","floor":19.0,"turns":3.0},{"damage":47.0,"enemies":"Masked Bandits","floor":20.0,"turns":4.0},{"damage":34.0,"enemies":"Sentry and Sphere","floor":21.0,"turns":6.0},{"damage":25.0,"enemies":"Gremlin Leader","floor":24.0,"turns":7.0},{"damage":11.0,"enemies":"Cultist and Chosen","floor":28.0,"turns":5.0},{"damage":32.0,"enemies":"Snake Plant","floor":29.0,"turns":5.0},{"damage":12.0,"enemies":"Slavers","floor":31.0,"turns":3.0},{"damage":70.0,"enemies":"Collector","floor":33.0,"turns":9.0},{"damage":2,"enemies":"Orb Walker","floor":35,"turns":3},{"damage":49,"enemies":"2 Orb Walkers","floor":36,"turns":5},{"damage":36,"enemies":"3 Darklings","floor":38,"turns":5},{"damage":1,"enemies":"Writhing Mass","floor":39,"turns":8},{"damage":14,"enemies":"Jaw Worm Horde","floor":41,"turns":3},{"damage":12,"enemies":"Giant Head","floor":46,"turns":5},{"damage":81,"enemies":"Awakened One","floor":50,"turns":9}],"seed_played":"-697543903890193301","potions_obtained":[{"floor":6.0,"key":"SpeedPotion"},{"floor":8.0,"key":"BloodPotion"},{"floor":12.0,"key":"Regen Potion"},{"floor":18.0,"key":"Poison Potion"},{"floor":21.0,"key":"SpeedPotion"},{"floor":28.0,"key":"Poison Potion"},{"floor":31.0,"key":"Fire Potion"},{"floor":33.0,"key":"Strength Potion"},{"floor":38,"key":"EssenceOfSteel"},{"floor":48,"key":"Regen Potion"}],"is_trial":false,"path_per_floor":["M","$","?","?","M","E","M","E","T","E","?","M","R","M","R","B",null,"M","M","?","M","?","R","E","R","T","$","M","M","$","E","R","B",null,"M","?","?","M","M","R","M","?","T","R","$","E","T","?","R","B",null],"character_chosen":"IRONCLAD","items_purchased":["Fiend Fire","Meat on the Bone","Shrug It Off","Offering"],"campfire_rested":1,"item_purchase_floors":[27,27,30,45],"current_hp_per_floor":[78,78,67,67,73,79,80,61,68,44,27,33,33,27,27,7,67,73,87,55,27,56,56,47,47,47,47,54,45,45,51,51,26,72,76,61,53,47,67,67,59,59,59,59,59,68,68,68,90,63],"gold":153,"neow_bonus":"THREE_ENEMY_KILL","is_prod":false,"is_daily":false,"chose_seed":false,"campfire_upgraded":5,"win_rate":0,"timestamp":1558909573,"path_taken":["M","$","?","?","M","E","M","E","T","E","?","M","R","M","R","BOSS","M","M","?","M","?","R","E","R","T","$","M","M","$","E","R","BOSS","M","?","?","M","?","R","M","?","T","R","$","E","?","?","R","BOSS"],"build_version":"2019-01-23","purchased_purges":3,"victory":true,"max_hp_per_floor":[80,80,80,80,80,80,80,80,87,87,87,87,87,87,87,87,87,87,87,87,87,87,87,87,87,87,87,87,87,87,87,87,87,87,87,87,87,87,93,93,93,93,93,93,90,90,90,90,90,90],"card_choices":[{"not_picked":["Perfected Strike","Flex"],"picked":"Iron Wave","floor":1.0},{"not_picked":["Burning Pact","Combust"],"picked":"Pommel Strike","floor":5.0},{"not_picked":["Body Slam","Sword Boomerang"],"picked":"Twin Strike","floor":6.0},{"not_picked":["Flex","Searing Blow"],"picked":"Inflame","floor":7.0},{"not_picked":["Sever Soul","Uppercut"],"picked":"Whirlwind","floor":8.0},{"not_picked":["Anger","Power Through","Warcry"],"picked":"SKIP","floor":10.0},{"not_picked":["Headbutt","Sentinel"],"picked":"True Grit","floor":12.0},{"not_picked":["Wild Strike","Searing Blow","Cleave"],"picked":"SKIP","floor":14.0},{"not_picked":["Feed","Fiend Fire"],"picked":"Reaper","floor":16.0},{"not_picked":["Wild Strike","Feel No Pain","Burning Pact"],"picked":"SKIP","floor":18.0},{"not_picked":["Heavy Blade","True Grit"],"picked":"Inflame","floor":19.0},{"not_picked":["Body Slam","Warcry+1"],"picked":"Shrug It Off","floor":20.0},{"not_picked":["Body Slam","Evolve"],"picked":"Armaments","floor":21.0},{"not_picked":["Body Slam","Combust"],"picked":"Pommel Strike","floor":24.0},{"not_picked":["Flame Barrier","Havoc"],"picked":"Metallicize+1","floor":28.0},{"not_picked":["Combust+1","Sentinel"],"picked":"Shrug It Off","floor":29.0},{"not_picked":["Dual Wield","Anger"],"picked":"Whirlwind+1","floor":31.0},{"not_picked":["Rage+1","Intimidate"],"picked":"Anger","floor":35},{"not_picked":["Pommel Strike","Body Slam","True Grit"],"picked":"SKIP","floor":38},{"not_picked":["Infernal Blade+1","Pummel"],"picked":"Flex+1","floor":39},{"not_picked":["Wild Strike","Warcry"],"picked":"Flex+1","floor":41},{"not_picked":["Clothesline","Entrench+1","Corruption"],"picked":"SKIP","floor":46},{"not_picked":["Perfected Strike","Clothesline+1","Power Through"],"picked":"Exhume","floor":49}],"player_experience":632340,"relics_obtained":[{"floor":6.0,"key":"Happy Flower"},{"floor":8.0,"key":"Darkstone Periapt"},{"floor":9.0,"key":"Strawberry"},{"floor":10.0,"key":"Ornamental Fan"},{"floor":20.0,"key":"Red Mask"},{"floor":24.0,"key":"Self Forming Clay"},{"floor":26.0,"key":"Regal Pillow"},{"floor":31.0,"key":"Shuriken"},{"floor":36,"key":"Shovel"},{"floor":40,"key":"PreservedInsect"},{"floor":43,"key":"Boot"},{"floor":44,"key":"War Paint"},{"floor":46,"key":"Question Card"},{"floor":47,"key":"Dream Catcher"}],"event_choices":[{"damage_healed":0.0,"max_hp_gain":0.0,"max_hp_loss":0.0,"gold_gain":75.0,"event_name":"World of Goop","player_choice":"Gather Gold","floor":3.0,"gold_loss":0.0,"damage_taken":11.0},{"damage_healed":0.0,"max_hp_gain":0.0,"max_hp_loss":0.0,"gold_gain":0.0,"event_name":"Liars Game","player_choice":"Ignored","floor":4.0,"gold_loss":0.0,"damage_taken":0.0},{"damage_healed":0.0,"max_hp_gain":0.0,"max_hp_loss":0.0,"gold_gain":0.0,"event_name":"Shining Light","player_choice":"Entered Light","floor":11.0,"gold_loss":0.0,"damage_taken":17.0,"cards_upgraded":["Inflame","Defend_R"]},{"damage_healed":0.0,"max_hp_gain":0.0,"max_hp_loss":0.0,"gold_gain":0.0,"event_name":"Masked Bandits","player_choice":"Fought Bandits","floor":20.0,"gold_loss":0.0,"damage_taken":0.0},{"damage_healed":29.0,"max_hp_gain":0.0,"max_hp_loss":0.0,"gold_gain":0.0,"event_name":"The Library","player_choice":"Heal","floor":22.0,"gold_loss":0.0,"damage_taken":0.0},{"damage_healed":0,"gold_gain":0,"player_choice":"Fight","damage_taken":0,"max_hp_gain":0,"max_hp_loss":0,"event_name":"Mysterious Sphere","floor":36,"gold_loss":0},{"damage_healed":0,"gold_gain":75,"player_choice":"Touch","damage_taken":8,"max_hp_gain":0,"max_hp_loss":0,"event_name":"FaceTrader","floor":37,"gold_loss":0},{"cards_removed":["Strike_R"],"damage_healed":0,"gold_gain":0,"player_choice":"Removed Attack","damage_taken":0,"max_hp_gain":0,"max_hp_loss":0,"event_name":"Falling","floor":42,"gold_loss":0},{"damage_healed":0,"gold_gain":0,"player_choice":"Got Potions","damage_taken":0,"max_hp_gain":0,"max_hp_loss":0,"event_name":"Lab","floor":48,"gold_loss":0}],"is_beta":false,"boss_relics":[{"not_picked":["Ectoplasm","Calling Bell"],"picked":"Philosopher\u0027s Stone"},{"not_picked":["Astrolabe","White Beast Statue"],"picked":"Runic Pyramid"}],"items_purged_floors":[2,30,45],"is_endless":false,"potions_floor_spawned":[6,8,12,18,21,28,31,33,38,41],"ascension_level":10}