{"gold_per_floor":[117,87,102,102,121,165,165,39,39,39,82,82,3,28,28,157,157,178,191,210,210,36,74,89,120,120,133,133,183,183,183,183,183],"floor_reached":33,"playtime":2231,"items_purged":["Strike_B","Strike_B"],"score":393,"play_id":"574d2fde-e3e3-4c00-846c-6aad976eaabf","local_time":"20190803210925","is_ascension_mode":false,"campfire_choices":[{"data":"Dualcast","floor":7,"key":"SMITH"},{"data":"Rainbow","floor":12,"key":"SMITH"},{"floor":15,"key":"REST"},{"floor":28,"key":"REST"},{"data":"Double Energy","floor":30,"key":"SMITH"},{"data":"Chaos","floor":32,"key":"SMITH"}],"neow_cost":"TEN_PERCENT_HP_LOSS","seed_source_timestamp":212420402823231,"circlet_count":0,"master_deck":["Strike_B","Defend_B","Defend_B","Defend_B","Zap","Dualcast+1","Darkness","Auto Shields","Cold Snap","Rainbow+1","Doom and Gloom","Ball Lightning","Echo Form","Hologram+1","Redo+1","Tempest","Double Energy+1","Chaos+1","Turbo+1","Writhe","Writhe"],"relics":["Cracked Core","FossilizedHelix","Golden Idol","Gremlin Horn","Art of War","Juzu Bracelet","Cursed Key","Bag of Marbles","Girya","Bottled Tornado","Mercury Hourglass"],"potions_floor_usage":[6,6,11,23,23,25],"damage_taken":[{"damage":0,"enemies":"2 Louse","floor":1,"turns":2},{"damage":0,"enemies":"Cultist","floor":3,"turns":3},{"damage":0,"enemies":"Jaw Worm","floor":5,"turns":3},{"damage":0,"enemies":"Gremlin Nob","floor":6,"turns":4},{"damage":9,"enemies":"3 Sentries","floor":11,"turns":5},{"damage":0,"enemies":"Exordium Thugs","floor":14,"turns":3},{"damage":0,"enemies":"Slime Boss","floor":16,"turns":6},{"damage":2,"enemies":"Shell Parasite","floor":18,"turns":4},{"damage":0,"enemies":"Spheric Guardian","floor":19,"turns":3},{"damage":0,"enemies":"Snecko","floor":20,"turns":4},{"damage":0,"enemies":"Gremlin Leader","floor":23,"turns":5},{"damage":0,"enemies":"Chosen and Byrds","floor":24,"turns":3},{"damage":33,"enemies":"Slavers","floor":25,"turns":4},{"damage":8,"enemies":"Centurion and Healer","floor":27,"turns":4},{"damage":61,"enemies":"Automaton","floor":33,"turns":8}],"seed_played":"1004762912045590754","potions_obtained":[{"floor":1,"key":"AttackPotion"},{"floor":2,"key":"GamblersBrew"},{"floor":2,"key":"Ancient Potion"},{"floor":5,"key":"Swift Potion"},{"floor":14,"key":"FocusPotion"},{"floor":18,"key":"Regen Potion"},{"floor":19,"key":"SkillPotion"},{"floor":27,"key":"SpeedPotion"}],"is_trial":false,"path_per_floor":["M","?","M","?","M","E","R","$","T","?","E","R","$","M","R","B",null,"M","M","M","?","$","E","M","E","T","M","R","?","R","?","R","B"],"character_chosen":"DEFECT","items_purchased":["SkillPotion","Doom and Gloom","Double Energy"],"campfire_rested":2,"item_purchase_floors":[8,13,22],"current_hp_per_floor":[68,68,68,51,51,51,51,51,51,44,35,35,35,35,55,55,68,66,66,66,66,66,66,66,42,42,34,54,54,54,54,54,0],"gold":183,"neow_bonus":"ONE_RARE_RELIC","is_prod":false,"is_daily":false,"chose_seed":false,"campfire_upgraded":4,"win_rate":0,"timestamp":1564859365,"path_taken":["M","?","?","?","M","E","R","?","T","?","E","R","?","M","R","BOSS","M","M","M","?","$","E","M","E","T","M","R","?","R","?","R","BOSS"],"build_version":"2019-07-17","purchased_purges":2,"victory":false,"max_hp_per_floor":[68,68,68,68,68,68,68,68,68,68,68,68,68,68,68,68,68,68,68,68,68,68,68,68,68,68,68,68,68,68,68,68,68],"card_choices":[{"not_picked":["Rebound","Beam Cell"],"picked":"Darkness","floor":1},{"not_picked":["Cold Snap","Ball Lightning"],"picked":"Auto Shields","floor":3},{"not_picked":["Barrage","Stack"],"picked":"Cold Snap","floor":5},{"not_picked":["Force Field","Steam"],"picked":"Rainbow","floor":6},{"not_picked":["Stack","Cold Snap","Rebound"],"picked":"SKIP","floor":11},{"not_picked":["Turbo","Steam"],"picked":"Ball Lightning","floor":14},{"not_picked":["Meteor Strike","Machine Learning"],"picked":"Echo Form","floor":16},{"not_picked":["Turbo","Go for the Eyes"],"picked":"Hologram+1","floor":18},{"not_picked":["Hologram","Reprogram"],"picked":"Redo+1","floor":19},{"not_picked":["Chaos","Gash"],"picked":"Tempest","floor":20},{"not_picked":["Stack","Lockon","Ball Lightning"],"picked":"SKIP","floor":23},{"not_picked":["Compile Driver","Beam Cell+1"],"picked":"Chaos","floor":24},{"not_picked":["Ball Lightning","Undo"],"picked":"Turbo+1","floor":25},{"not_picked":["Auto Shields","Amplify","Streamline"],"picked":"SKIP","floor":27}],"player_experience":152050,"relics_obtained":[{"floor":6,"key":"Gremlin Horn"},{"floor":9,"key":"Art of War"},{"floor":11,"key":"Juzu Bracelet"},{"floor":23,"key":"Bag of Marbles"},{"floor":25,"key":"Girya"},{"floor":26,"key":"Bottled Tornado"}],"event_choices":[{"damage_healed":0,"gold_gain":0,"player_choice":"Bought 2 Potions","damage_taken":0,"max_hp_gain":0,"max_hp_loss":0,"event_name":"The Woman in Blue","floor":2,"gold_loss":0},{"damage_healed":0,"gold_gain":0,"player_choice":"Take Damage","damage_taken":17,"relics_obtained":["Golden Idol"],"max_hp_gain":0,"max_hp_loss":0,"event_name":"Golden Idol","floor":4,"gold_loss":0},{"cards_removed":["Defend_B"],"damage_healed":0,"gold_gain":0,"player_choice":"Card Removal","damage_taken":7,"max_hp_gain":0,"max_hp_loss":0,"event_name":"Golden Wing","floor":10,"gold_loss":0},{"cards_removed":["Strike_B"],"damage_healed":0,"gold_gain":0,"player_choice":"Elegance","damage_taken":0,"max_hp_gain":0,"max_hp_loss":0,"event_name":"Back to Basics","floor":21,"gold_loss":0},{"damage_healed":0,"gold_gain":100,"player_choice":"Bet on Murderer","damage_taken":0,"max_hp_gain":0,"max_hp_loss":0,"event_name":"The Joust","floor":29,"gold_loss":50},{"damage_healed":0,"gold_gain":0,"player_choice":"Opened","damage_taken":0,"relics_obtained":["Mercury Hourglass"],"max_hp_gain":0,"max_hp_loss":0,"event_name":"The Mausoleum","floor":31,"gold_loss":0,"cards_obtained":["Writhe"]}],"is_beta":false,"boss_relics":[{"not_picked":["Busted Crown","Velvet Choker"],"picked":"Cursed Key"}],"items_purged_floors":[8,22],"is_endless":false,"potions_floor_spawned":[1,5,14,18,19,27],"killed_by":"Automaton","ascension_level":0}