{"gold_per_floor":[118,118,133,150,27,27,27,27,27,55,55],"floor_reached":11,"playtime":638,"items_purged":[],"score":138,"play_id":"59523d97-fcdb-446c-9687-211c42ba80b1","local_time":"20190128153636","is_ascension_mode":true,"campfire_choices":[{"data":"Footwork","floor":6,"key":"SMITH"},{"floor":8,"key":"REST"}],"neow_cost":"NONE","seed_source_timestamp":167581889292917,"circlet_count":0,"master_deck":["AscendersBane","Defend_G","Defend_G","Defend_G","Defend_G","Defend_G","Strike_G","Strike_G","Strike_G","Strike_G","Strike_G","Survivor","Neutralize","Dodge and Roll","Dodge and Roll","Footwork+1","Reflex","Tactician"],"relics":["HoveringKite","Incense Burner","Ancient Tea Set","Omamori"],"potions_floor_usage":[4,10,10],"damage_taken":[{"damage":1,"enemies":"2 Louse","floor":1,"turns":4},{"damage":10,"enemies":"Small Slimes","floor":3,"turns":5},{"damage":1,"enemies":"Cultist","floor":4,"turns":6},{"damage":47,"enemies":"Gremlin Nob","floor":10,"turns":8},{"damage":18,"enemies":"Large Slime","floor":11,"turns":7}],"seed_played":"-4850425568302413700","potions_obtained":[{"floor":1,"key":"SpeedPotion"},{"floor":3,"key":"SpeedPotion"},{"floor":4,"key":"Fire Potion"},{"floor":10,"key":"FairyPotion"}],"is_trial":false,"path_per_floor":["M","?","M","M","$","R","$","R","T","E","M"],"character_chosen":"THE_SILENT","items_purchased":["Footwork","Reflex"],"campfire_rested":1,"item_purchase_floors":[5,5],"current_hp_per_floor":[58,47,37,36,36,36,36,55,55,8,0],"gold":55,"neow_bonus":"BOSS_RELIC","is_prod":false,"is_daily":false,"chose_seed":false,"campfire_upgraded":1,"win_rate":0,"timestamp":1548686196,"path_taken":["M","?","M","M","$","R","$","R","T","E","M"],"build_version":"2019-01-23","purchased_purges":0,"victory":false,"max_hp_per_floor":[66,66,66,66,66,66,66,66,66,66,66],"card_choices":[{"not_picked":["Choke","Flying Knee"],"picked":"Dodge and Roll","floor":1},{"not_picked":["Dagger Throw","Slice"],"picked":"Dodge and Roll","floor":3},{"not_picked":["Flying Knee","Bane","Dagger Throw"],"picked":"SKIP","floor":4},{"not_picked":["Unload","PiercingWail"],"picked":"Tactician","floor":10}],"player_experience":573793,"relics_obtained":[{"floor":9,"key":"Ancient Tea Set"},{"floor":10,"key":"Omamori"}],"event_choices":[{"damage_healed":0,"gold_gain":0,"player_choice":"Success","damage_taken":11,"relics_obtained":["Incense Burner"],"max_hp_gain":0,"max_hp_loss":0,"event_name":"Scrap Ooze","floor":2,"gold_loss":0}],"is_beta":false,"boss_relics":[],"items_purged_floors":[],"is_endless":false,"potions_floor_spawned":[1,3,4,10],"killed_by":"Large Slime","ascension_level":19}