{"gold_per_floor":[111,61,78,92,52,52,78,93,93,93,109,180,239,254,254,350,350,368,368,243,261,280,280,294,294,321,321,339,6,18,18,18,117,117,131,131,151,51,71,71,90,20,20,36,53,53,53,63,63,63],"floor_reached":50,"playtime":3105,"items_purged":["Strike_B","Strike_B"],"score":560,"play_id":"b957a1fe-3051-44fb-8854-e25dc5147b16","local_time":"20190924210539","is_ascension_mode":true,"campfire_choices":[{"data":"Echo Form","floor":6,"key":"SMITH"},{"data":"Static Discharge","floor":10,"key":"SMITH"},{"floor":15,"key":"REST"},{"floor":23,"key":"REST"},{"floor":25,"key":"REST"},{"floor":27,"key":"REST"},{"floor":32,"key":"REST"},{"floor":40,"key":"REST"},{"floor":49,"key":"REST"}],"neow_cost":"NONE","seed_source_timestamp":1053906420676828,"circlet_count":0,"master_deck":["Defend_B","Defend_B","Defend_B","Defend_B","Zap","Dualcast","Echo Form+1","Capacitor","Loop","Consume","Ball Lightning","Static Discharge+1","Glacier","Coolheaded+1","Buffer","Leap+1","Hologram+1","Turbo+1","Fusion+1","Chaos+1","Creative AI","Multi-Cast+1","Force Field+1","Force Field+1","Capacitor","Madness+1","Pain"],"relics":["Cracked Core","Torii","Pantograph","Kunai","Toxic Egg 2","Fusion Hammer","Ancient Tea Set","Cables","Busted Crown","Bird Faced Urn","WarpedTongs"],"potions_floor_usage":[5,13,14,16,30,30,39,44,44],"damage_taken":[{"damage":7,"enemies":"2 Louse","floor":1,"turns":3},{"damage":3,"enemies":"Small Slimes","floor":3,"turns":4},{"damage":1,"enemies":"Cultist","floor":4,"turns":4},{"damage":28,"enemies":"Gremlin Nob","floor":7,"turns":4},{"damage":5,"enemies":"Exordium Thugs","floor":8,"turns":7},{"damage":10,"enemies":"Blue Slaver","floor":11,"turns":3},{"damage":17,"enemies":"Gremlin Nob","floor":13,"turns":6},{"damage":1,"enemies":"Exordium Wildlife","floor":14,"turns":3},{"damage":11,"enemies":"Slime Boss","floor":16,"turns":8},{"damage":20,"enemies":"2 Thieves","floor":18,"turns":4},{"damage":18,"enemies":"Shell Parasite","floor":21,"turns":7},{"damage":14,"enemies":"Snake Plant","floor":22,"turns":5},{"damage":1,"enemies":"Centurion and Healer","floor":24,"turns":11},{"damage":0,"enemies":"Cultist and Chosen","floor":28,"turns":10},{"damage":14,"enemies":"3 Cultists","floor":30,"turns":6},{"damage":25,"enemies":"Champ","floor":33,"turns":11},{"damage":7,"enemies":"Orb Walker","floor":35,"turns":6},{"damage":27,"enemies":"3 Shapes","floor":37,"turns":6},{"damage":26,"enemies":"3 Darklings","floor":39,"turns":7},{"damage":1,"enemies":"Sphere and 2 Shapes","floor":41,"turns":3},{"damage":1,"enemies":"Jaw Worm Horde","floor":44,"turns":7},{"damage":20,"enemies":"3 Darklings","floor":45,"turns":6},{"damage":24,"enemies":"4 Shapes","floor":48,"turns":6},{"damage":92,"enemies":"Awakened One","floor":50,"turns":5}],"seed_played":"5420046515704060157","potions_obtained":[{"floor":3,"key":"Ancient Potion"},{"floor":4,"key":"SneckoOil"},{"floor":5,"key":"Fruit Juice"},{"floor":5,"key":"Energy Potion"},{"floor":5,"key":"SpeedPotion"},{"floor":11,"key":"Explosive Potion"},{"floor":13,"key":"FearPotion"},{"floor":14,"key":"SkillPotion"},{"floor":28,"key":"Swift Potion"},{"floor":30,"key":"SteroidPotion"},{"floor":37,"key":"SpeedPotion"},{"floor":41,"key":"EssenceOfSteel"}],"is_trial":false,"path_per_floor":["M","?","M","M","?","R","E","M","T","R","M","T","?","M","R","B",null,"M","?","$","M","M","R","M","R","T","R","M","$","M","$","R","B",null,"M","?","M","$","M","R","M","$","T","M","M","?","?","M","R","B"],"character_chosen":"DEFECT","items_purchased":["SkillPotion","Cables","Chaos+1","Capacitor"],"campfire_rested":7,"item_purchase_floors":[20,29,29,42],"current_hp_per_floor":[68,68,65,64,69,69,41,36,36,36,26,26,9,8,32,46,72,52,52,52,34,20,44,43,67,67,80,80,80,66,66,80,55,74,67,67,40,40,14,38,37,37,37,66,70,70,70,72,80,0],"gold":63,"neow_bonus":"ONE_RANDOM_RARE_CARD","is_prod":false,"is_daily":false,"chose_seed":false,"campfire_upgraded":2,"win_rate":0,"timestamp":1569351939,"path_taken":["M","?","M","M","?","R","E","?","T","R","M","?","?","M","R","BOSS","M","?","$","M","M","R","M","R","T","R","M","?","?","?","R","BOSS","M","?","M","?","M","R","M","$","T","M","?","?","?","M","R","BOSS"],"build_version":"2019-07-17","purchased_purges":2,"victory":false,"max_hp_per_floor":[75,75,75,75,80,80,80,80,80,80,80,80,80,80,80,80,80,80,80,80,80,80,80,80,80,80,80,80,80,80,80,80,80,80,80,80,80,80,80,80,80,80,80,80,80,80,80,80,80,80],"card_choices":[{"not_picked":["Redo","Sweeping Beam"],"picked":"Capacitor","floor":1},{"not_picked":["Hello World","Rebound"],"picked":"Loop","floor":3},{"not_picked":["Turbo","Recycle"],"picked":"Consume","floor":4},{"not_picked":["Force Field","White Noise"],"picked":"Ball Lightning","floor":7},{"not_picked":["Aggregate","Reinforced Body"],"picked":"Static Discharge","floor":8},{"not_picked":["Leap","Core Surge"],"picked":"Glacier","floor":11},{"not_picked":["Leap+1","Ball Lightning"],"picked":"Coolheaded+1","floor":14},{"not_picked":["Meteor Strike","Fission+1"],"picked":"Buffer","floor":16},{"not_picked":["Gash+1","Streamline"],"picked":"Leap+1","floor":18},{"not_picked":["Compile Driver","Steam+1","Beam Cell"],"picked":"SKIP","floor":21},{"not_picked":["Leap+1","Redo+1"],"picked":"Hologram+1","floor":22},{"not_picked":["Streamline","Cold Snap"],"picked":"Turbo+1","floor":24},{"not_picked":["Rebound","Barrage"],"picked":"Fusion+1","floor":28},{"not_picked":["Coolheaded+1","Stack+1"],"picked":"Creative AI","floor":30},{"not_picked":["Core Surge","Amplify+1"],"picked":"Multi-Cast+1","floor":33},{"not_picked":[],"picked":"Force Field+1","floor":35},{"not_picked":["Ball Lightning+1"],"picked":"SKIP","floor":37},{"not_picked":[],"picked":"Force Field+1","floor":39},{"not_picked":["Turbo+1"],"picked":"SKIP","floor":41},{"not_picked":["Coolheaded+1"],"picked":"SKIP","floor":44},{"not_picked":["Leap+1"],"picked":"SKIP","floor":45},{"not_picked":[],"picked":"Madness+1","floor":46},{"not_picked":["Turbo+1"],"picked":"SKIP","floor":48}],"player_experience":297105,"relics_obtained":[{"floor":7,"key":"Torii"},{"floor":9,"key":"Pantograph"},{"floor":12,"key":"Kunai"},{"floor":13,"key":"Toxic Egg 2"},{"floor":26,"key":"Ancient Tea Set"},{"floor":43,"key":"Bird Faced Urn"}],"event_choices":[{"cards_removed":["Strike_B"],"damage_healed":0,"gold_gain":0,"player_choice":"Card Removal","damage_taken":0,"max_hp_gain":0,"max_hp_loss":0,"event_name":"The Cleric","floor":2,"gold_loss":50},{"damage_healed":0,"gold_gain":0,"player_choice":"Bought 3 Potions","damage_taken":0,"max_hp_gain":0,"max_hp_loss":0,"event_name":"The Woman in Blue","floor":5,"gold_loss":0},{"damage_healed":0,"gold_gain":30,"player_choice":"Searched \u00272\u0027 times","damage_taken":0,"max_hp_gain":0,"max_hp_loss":0,"event_name":"Dead Adventurer","floor":13,"gold_loss":0},{"damage_healed":0,"gold_gain":0,"player_choice":"Leave","damage_taken":0,"max_hp_gain":0,"max_hp_loss":0,"event_name":"FaceTrader","floor":19,"gold_loss":0},{"cards_removed":["Strike_B"],"damage_healed":0,"gold_gain":0,"player_choice":"Removed Attack","damage_taken":0,"max_hp_gain":0,"max_hp_loss":0,"event_name":"Falling","floor":36,"gold_loss":0},{"damage_healed":0,"gold_gain":0,"player_choice":"Memory 1","damage_taken":0,"max_hp_gain":0,"max_hp_loss":0,"event_name":"SensoryStone","floor":46,"gold_loss":0},{"damage_healed":0,"gold_gain":0,"player_choice":"Rummage","damage_taken":0,"relics_obtained":["WarpedTongs"],"max_hp_gain":0,"max_hp_loss":0,"event_name":"Accursed Blacksmith","floor":47,"gold_loss":0,"cards_obtained":["Pain"]}],"is_beta":false,"boss_relics":[{"not_picked":["Pandora\u0027s Box","Coffee Dripper"],"picked":"Fusion Hammer"},{"not_picked":["Runic Dome","Black Star"],"picked":"Busted Crown"}],"items_purged_floors":[20,38],"is_endless":false,"potions_floor_spawned":[3,4,11,13,14,21,28,30,37,41],"killed_by":"Awakened One","ascension_level":5}