{"gold_per_floor":[115,40,40,115,115,115,143,143,170,248,198,231,254,274,274,373,373,393,222,238,16,30,30,55,55,80,80,105,117,161,185,197,307,319,351,463,495,526,556,568,611,642,678,722,734,746,771,389,389,389,389,389,142,168,168],"floor_reached":56,"playtime":2871,"items_purged":["Strike_B","Defend_B","Defend_B","Strike_B+1","Creative AI+1"],"score":1646,"play_id":"81c8c6b9-9711-4d9b-9eb6-5b63cfef265e","local_time":"20181212165217","is_ascension_mode":true,"campfire_choices":[{"data":"Loop","floor":6,"key":"SMITH"},{"floor":8,"key":"REST"},{"floor":15,"key":"REST"},{"data":"Defend_B","floor":23,"key":"SMITH"},{"data":"Hologram","floor":27,"key":"SMITH"},{"data":"Zap","floor":29,"key":"SMITH"},{"data":"Glacier","floor":32,"key":"SMITH"},{"data":"Conserve Battery","floor":40,"key":"SMITH"},{"floor":46,"key":"RECALL"},{"floor":49,"key":"REST"},{"data":"Hologram","floor":52,"key":"SMITH"}],"neow_cost":"NONE","seed_source_timestamp":10972890388884,"circlet_count":0,"master_deck":["Defend_B+1","Defend_B+1","Zap+1","Dualcast+1","Loop+1","Rebound+1","Heatsinks+1","Defragment+1","Electrodynamics+1","Steam+1","Loop+1","Turbo","Hologram+1","Defragment+1","Cold Snap","Turbo+1","Glacier+1","Storm+1","Capacitor+1","Storm+1","Conserve Battery+1","Compile Driver+1","BootSequence","Hologram+1","Capacitor+1","Loop+1","Machine Learning+1"],"relics":["Cracked Core","Art of War","Mango","Frozen Egg 2","Whetstone","Anchor","Nuclear Battery","Dead Branch","Vajra","MawBank","Regal Pillow","Sozu","Ginger","War Paint","PreservedInsect","Pear","Bottled Flame","Pen Nib"],"potions_floor_usage":[12,22,28,55,55],"damage_taken":[{"damage":6,"enemies":"Small Slimes","floor":1,"turns":3},{"damage":20,"enemies":"Lagavulin","floor":7,"turns":7},{"damage":15,"enemies":"3 Sentries","floor":12,"turns":5},{"damage":0,"enemies":"2 Louse","floor":14,"turns":2},{"damage":17,"enemies":"The Guardian","floor":16,"turns":8},{"damage":0,"enemies":"3 Byrds","floor":18,"turns":1},{"damage":0,"enemies":"2 Thieves","floor":20,"turns":2},{"damage":14,"enemies":"Snecko","floor":22,"turns":4},{"damage":4,"enemies":"Gremlin Leader","floor":24,"turns":4},{"damage":0,"enemies":"Slavers","floor":28,"turns":1},{"damage":9,"enemies":"Book of Stabbing","floor":30,"turns":3},{"damage":0,"enemies":"Cultist and Chosen","floor":31,"turns":3},{"damage":0,"enemies":"Automaton","floor":33,"turns":5},{"damage":8,"enemies":"Orb Walker","floor":35,"turns":4},{"damage":0,"enemies":"Mind Bloom Boss Battle","floor":36,"turns":4},{"damage":10,"enemies":"3 Darklings","floor":37,"turns":3},{"damage":0,"enemies":"Transient","floor":38,"turns":5},{"damage":18,"enemies":"Spire Growth","floor":39,"turns":4},{"damage":1,"enemies":"Giant Head","floor":41,"turns":5},{"damage":0,"enemies":"Jaw Worm Horde","floor":42,"turns":2},{"damage":0,"enemies":"Reptomancer","floor":44,"turns":3},{"damage":0,"enemies":"3 Darklings","floor":47,"turns":2},{"damage":0,"enemies":"Donu and Deca","floor":50,"turns":5},{"damage":0,"enemies":"Shield and Spear","floor":54,"turns":1},{"damage":67,"enemies":"The Heart","floor":55,"turns":6}],"seed_played":"1234404232032509266","potions_obtained":[{"floor":1,"key":"Explosive Potion"},{"floor":7,"key":"FocusPotion"},{"floor":22,"key":"PowerPotion"},{"floor":24,"key":"EssenceOfSteel"},{"floor":28,"key":"Explosive Potion"},{"floor":30,"key":"EssenceOfSteel"}],"is_trial":false,"path_per_floor":["M","$","?","?","?","R","E","R","T","T","?","E","T","M","R","B",null,"M","$","M","$","M","R","E","?","T","R","E","R","E","M","R","B",null,"M","?","M","M","M","R","E","M","T","E","?","R","M","$","R","B",null,"R","$","E","B",null],"character_chosen":"DEFECT","items_purchased":["Loop+1","Hologram","Block Potion","Bottled Flame","Loop+1"],"campfire_rested":3,"item_purchase_floors":[19,21,21,48,53],"current_hp_per_floor":[69,69,54,43,36,36,30,56,56,56,56,41,41,41,67,50,89,89,89,89,89,75,75,71,71,71,71,71,71,62,62,62,62,89,81,81,71,71,53,53,52,52,52,62,62,62,62,62,99,99,99,99,99,99,32],"gold":168,"neow_bonus":"RANDOM_COMMON_RELIC","is_prod":false,"is_daily":false,"chose_seed":false,"campfire_upgraded":7,"win_rate":0,"timestamp":1544629937,"path_taken":["M","$","?","?","?","R","E","R","T","?","?","E","?","M","R","BOSS","M","$","M","?","M","R","E","?","T","R","E","R","E","M","R","BOSS","M","?","M","M","M","R","E","M","T","E","?","R","M","$","R","BOSS","R","$","E","BOSS"],"build_version":"2018-12-06","purchased_purges":5,"victory":true,"max_hp_per_floor":[75,75,75,75,75,75,89,89,89,89,89,89,89,89,89,89,89,89,89,89,89,89,89,89,89,89,89,89,89,89,89,89,89,89,89,89,89,89,89,89,89,89,89,99,99,99,99,99,99,99,99,99,99,99,99],"card_choices":[{"not_picked":["Turbo","Lockon"],"picked":"Loop","floor":1},{"not_picked":["Rip and Tear","Stack"],"picked":"Rebound","floor":7},{"not_picked":["Auto Shields","Go for the Eyes"],"picked":"Heatsinks+1","floor":12},{"not_picked":["Streamline","Redo"],"picked":"Defragment+1","floor":14},{"not_picked":["Meteor Strike","Biased Cognition+1"],"picked":"Electrodynamics+1","floor":16},{"not_picked":["Stack","Redo"],"picked":"Steam","floor":18},{"not_picked":["Gash+1","Sweeping Beam"],"picked":"Turbo","floor":20},{"not_picked":["Darkness","Rip and Tear+1"],"picked":"Defragment+1","floor":22},{"not_picked":["Stack","Darkness"],"picked":"Cold Snap","floor":24},{"not_picked":["Go for the Eyes","BootSequence"],"picked":"Turbo+1","floor":28},{"not_picked":["Genetic Algorithm","Blizzard"],"picked":"Glacier","floor":30},{"not_picked":["Multi-Cast","Turbo"],"picked":"Storm+1","floor":31},{"not_picked":["Buffer+1","Seek"],"picked":"Creative AI+1","floor":33},{"not_picked":["Turbo","Coolheaded"],"picked":"Capacitor+1","floor":35},{"not_picked":["Sweeping Beam","Steam Power"],"picked":"Storm+1","floor":36},{"not_picked":["Double Energy","Beam Cell"],"picked":"Conserve Battery","floor":37},{"not_picked":["Go for the Eyes","Barrage"],"picked":"Compile Driver+1","floor":38},{"not_picked":["Go for the Eyes+1","Steam","Blizzard+1"],"picked":"SKIP","floor":39},{"not_picked":["Turbo","Hyperbeam"],"picked":"BootSequence","floor":41},{"not_picked":["Glacier","Turbo+1"],"picked":"Hologram","floor":42},{"not_picked":["Go for the Eyes","Sweeping Beam","Cold Snap+1"],"picked":"SKIP","floor":44},{"not_picked":["Cold Snap+1","Ball Lightning+1","Beam Cell+1"],"picked":"SKIP","floor":47},{"not_picked":["Coolheaded","Reinforced Body+1"],"picked":"Machine Learning+1","floor":54}],"player_experience":333282,"relics_obtained":[{"floor":7,"key":"Mango"},{"floor":10,"key":"Frozen Egg 2"},{"floor":12,"key":"Whetstone"},{"floor":13,"key":"Anchor"},{"floor":24,"key":"Dead Branch"},{"floor":26,"key":"Vajra"},{"floor":28,"key":"MawBank"},{"floor":30,"key":"Regal Pillow"},{"floor":36,"key":"Ginger"},{"floor":41,"key":"War Paint"},{"floor":43,"key":"PreservedInsect"},{"floor":44,"key":"Pear"},{"floor":54,"key":"Pen Nib"}],"event_choices":[{"damage_healed":0,"gold_gain":0,"player_choice":"Entered Light","damage_taken":15,"max_hp_gain":0,"max_hp_loss":0,"event_name":"Shining Light","floor":3,"gold_loss":0,"cards_upgraded":["Dualcast","Strike_B"]},{"damage_healed":0,"gold_gain":75,"player_choice":"Gather Gold","damage_taken":11,"max_hp_gain":0,"max_hp_loss":0,"event_name":"World of Goop","floor":4,"gold_loss":0},{"cards_removed":["Strike_B"],"damage_healed":0,"gold_gain":0,"player_choice":"Card Removal","damage_taken":7,"max_hp_gain":0,"max_hp_loss":0,"event_name":"Golden Wing","floor":5,"gold_loss":0},{"cards_removed":["Strike_B"],"damage_healed":0,"gold_gain":0,"player_choice":"Card Removal","damage_taken":0,"max_hp_gain":0,"max_hp_loss":0,"event_name":"The Cleric","floor":11,"gold_loss":50},{"damage_healed":0,"gold_gain":0,"player_choice":"Ignored","damage_taken":0,"max_hp_gain":0,"max_hp_loss":0,"event_name":"The Mausoleum","floor":25,"gold_loss":0},{"damage_healed":0,"gold_gain":0,"player_choice":"Fight","damage_taken":0,"max_hp_gain":0,"max_hp_loss":0,"event_name":"MindBloom","floor":36,"gold_loss":0},{"damage_healed":0,"gold_gain":0,"player_choice":"Copied","damage_taken":0,"max_hp_gain":0,"max_hp_loss":0,"event_name":"Duplicator","floor":45,"gold_loss":0,"cards_obtained":["Capacitor"]}],"is_beta":false,"boss_relics":[{"not_picked":["Busted Crown","Velvet Choker"],"picked":"Nuclear Battery"},{"not_picked":["Black Star","White Beast Statue"],"picked":"Sozu"}],"items_purged_floors":[2,19,21,48,53],"is_endless":false,"potions_floor_spawned":[1,7,22,24,28,30,36,38,41,54],"ascension_level":3}