{"gold_per_floor":[116,116,191,63,73,104,117,117,117,117,142,154,70,87,87,87],"floor_reached":16,"playtime":640,"items_purged":["Strike_G"],"score":263,"play_id":"42e5179b-b272-468a-b2cb-bb5dd0f9ef26","local_time":"20190128154727","is_ascension_mode":true,"campfire_choices":[{"data":"Cloak And Dagger","floor":8,"key":"SMITH"},{"floor":10,"key":"REST"},{"data":"Footwork","floor":15,"key":"SMITH"}],"neow_cost":"NONE","seed_source_timestamp":168231049920340,"circlet_count":0,"master_deck":["AscendersBane","Defend_G","Defend_G+1","Defend_G","Defend_G","Defend_G","Strike_G+1","Strike_G","Strike_G","Strike_G","Survivor","Neutralize","Backflip","Dagger Spray","Escape Plan","Cloak And Dagger+1","Footwork+1","Crippling Poison"],"relics":["Ring of the Snake","NeowsBlessing","Dead Branch","Pantograph","Letter Opener"],"potions_floor_usage":[],"damage_taken":[{"damage":0,"enemies":"2 Louse","floor":1,"turns":1},{"damage":0,"enemies":"Jaw Worm","floor":5,"turns":1},{"damage":0,"enemies":"Gremlin Nob","floor":6,"turns":1},{"damage":0,"enemies":"Cultist","floor":7,"turns":4},{"damage":24,"enemies":"Lagavulin","floor":11,"turns":6},{"damage":0,"enemies":"Lots of Slimes","floor":12,"turns":1},{"damage":2,"enemies":"3 Louse","floor":14,"turns":2},{"damage":49,"enemies":"Hexaghost","floor":16,"turns":9}],"seed_played":"-4375231678390327651","potions_obtained":[{"floor":6,"key":"SpeedPotion"},{"floor":7,"key":"EntropicBrew"}],"is_trial":false,"path_per_floor":["M","?","?","$","M","E","M","R","T","R","E","M","$","M","R","B"],"character_chosen":"THE_SILENT","items_purchased":["Backflip","Footwork"],"campfire_rested":1,"item_purchase_floors":[4,13],"current_hp_per_floor":[59,39,28,28,28,28,28,28,28,47,23,23,23,21,21,0],"gold":87,"neow_bonus":"THREE_ENEMY_KILL","is_prod":false,"is_daily":false,"chose_seed":false,"campfire_upgraded":2,"win_rate":0,"timestamp":1548686847,"path_taken":["M","?","?","$","M","E","M","R","T","R","E","M","?","M","R","BOSS"],"build_version":"2019-01-23","purchased_purges":1,"victory":false,"max_hp_per_floor":[66,66,66,66,66,66,66,66,66,66,66,66,66,66,66,66],"card_choices":[{"not_picked":["Deflect","Quick Slash","Concentrate"],"picked":"SKIP","floor":1},{"not_picked":["Flying Knee","Accuracy"],"picked":"Dagger Spray","floor":5},{"not_picked":["Venomology","Deflect"],"picked":"Escape Plan","floor":6},{"not_picked":["Blade Dance","Dodge and Roll"],"picked":"Cloak And Dagger","floor":7},{"not_picked":["Underhanded Strike","Flying Knee","Dagger Spray"],"picked":"SKIP","floor":11},{"not_picked":["Riddle With Holes","Reflex","Skewer"],"picked":"SKIP","floor":12},{"not_picked":["Bouncing Flask","Terror"],"picked":"Crippling Poison","floor":14}],"player_experience":574431,"relics_obtained":[{"floor":6,"key":"Dead Branch"},{"floor":9,"key":"Pantograph"},{"floor":11,"key":"Letter Opener"}],"event_choices":[{"damage_healed":0,"gold_gain":0,"player_choice":"Entered Light","damage_taken":20,"max_hp_gain":0,"max_hp_loss":0,"event_name":"Shining Light","floor":2,"gold_loss":0,"cards_upgraded":["Defend_G","Strike_G"]},{"damage_healed":0,"gold_gain":75,"player_choice":"Gather Gold","damage_taken":11,"max_hp_gain":0,"max_hp_loss":0,"event_name":"World of Goop","floor":3,"gold_loss":0}],"is_beta":false,"boss_relics":[],"items_purged_floors":[4],"is_endless":false,"potions_floor_spawned":[6,7],"killed_by":"Hexaghost","ascension_level":19}