{"gold_per_floor":[109,109,6,18,38,57,57,77,77,87,100,133,83,163,163,265,265,276,21,40,40,58,58,78,78,78,78,3,3,19,32,32,32],"floor_reached":33,"playtime":1183,"items_purged":["Writhe"],"score":402,"play_id":"88730b30-e3aa-4ed4-9c39-c5159234adb4","local_time":"20190320005816","is_ascension_mode":true,"campfire_choices":[{"data":"Bash","floor":7.0,"key":"SMITH"},{"floor":15.0,"key":"REST"},{"data":"Shrug It Off","floor":23.0,"key":"SMITH"},{"data":"Flame Barrier","floor":25.0,"key":"SMITH"},{"data":"Power Through","floor":29.0,"key":"SMITH"},{"floor":32,"key":"REST"}],"neow_cost":"NONE","seed_source_timestamp":0,"circlet_count":0,"master_deck":["AscendersBane","Strike_R","Strike_R","Strike_R","Strike_R","Strike_R","Defend_R","Defend_R+1","Defend_R","Bash+1","Perfected Strike+1","Shrug It Off+1","Headbutt","Flame Barrier+1","Impervious","Power Through+1","Cleave","Pommel Strike","Feed","Armaments","Warcry+1","Shrug It Off","Shrug It Off"],"special_seed":0,"relics":["Burning Blood","NeowsBlessing","Champion Belt","Pantograph","Letter Opener","Mark of Pain","Paper Frog","Torii","Frozen Egg 2"],"potions_floor_usage":[31],"damage_taken":[{"damage":0.0,"enemies":"Jaw Worm","floor":1.0,"turns":1.0},{"damage":0.0,"enemies":"Cultist","floor":4.0,"turns":1.0},{"damage":0.0,"enemies":"2 Louse","floor":5.0,"turns":1.0},{"damage":4.0,"enemies":"Looter","floor":6.0,"turns":3.0},{"damage":12.0,"enemies":"2 Fungi Beasts","floor":8.0,"turns":3.0},{"damage":8.0,"enemies":"3 Louse","floor":10.0,"turns":3.0},{"damage":24.0,"enemies":"Exordium Thugs","floor":11.0,"turns":7.0},{"damage":12.0,"enemies":"Lagavulin","floor":12.0,"turns":6.0},{"damage":48.0,"enemies":"The Guardian","floor":16.0,"turns":13.0},{"damage":11.0,"enemies":"Shell Parasite","floor":18.0,"turns":5.0},{"damage":2.0,"enemies":"2 Thieves","floor":20.0,"turns":4.0},{"damage":24.0,"enemies":"3 Cultists","floor":22.0,"turns":5.0},{"damage":15.0,"enemies":"Shelled Parasite and Fungi","floor":24.0,"turns":7.0},{"damage":27.0,"enemies":"Chosen and Byrds","floor":30.0,"turns":5.0},{"damage":7,"enemies":"Snecko","floor":31,"turns":5},{"damage":86,"enemies":"Automaton","floor":33,"turns":8}],"seed_played":"-5664535494121683021","potions_obtained":[{"floor":4.0,"key":"GamblersBrew"},{"floor":8.0,"key":"GamblersBrew"},{"floor":10.0,"key":"PowerPotion"},{"floor":11.0,"key":"SkillPotion"},{"floor":12.0,"key":"Poison Potion"},{"floor":18.0,"key":"SkillPotion"},{"floor":22.0,"key":"Swift Potion"},{"floor":24.0,"key":"Dexterity Potion"}],"is_trial":false,"path_per_floor":["M","?","?","M","M","M","R","M","T","M","M","E","?","?","R","B",null,"M","$","M","?","M","R","M","R","T","?","$","R","M","M","R","B"],"character_chosen":"IRONCLAD","items_purchased":["Paper Frog"],"campfire_rested":2,"item_purchase_floors":[19],"current_hp_per_floor":[78,62,62,68,74,76,76,70,70,68,50,44,44,44,68,38,70,65,65,69,69,54,54,45,45,45,45,45,45,24,23,47,0],"gold":32,"neow_bonus":"THREE_ENEMY_KILL","is_prod":false,"is_daily":false,"chose_seed":false,"campfire_upgraded":4,"win_rate":0,"timestamp":1553011096,"path_taken":["M","?","?","?","M","M","R","M","T","M","M","E","?","?","R","BOSS","M","$","M","?","M","R","M","R","T","?","$","R","M","?","R","BOSS"],"build_version":"2019-01-23","purchased_purges":1,"victory":false,"max_hp_per_floor":[80,80,80,80,80,80,80,80,80,80,80,80,80,80,80,80,80,80,80,80,80,83,83,83,83,83,83,83,83,83,83,83,83],"card_choices":[{"not_picked":["Heavy Blade","Twin Strike"],"picked":"Perfected Strike","floor":1.0},{"not_picked":["Flex","Headbutt"],"picked":"Shrug It Off","floor":4.0},{"not_picked":["Rupture","Warcry"],"picked":"Headbutt","floor":5.0},{"not_picked":["Headbutt","Thunderclap"],"picked":"Flame Barrier","floor":6.0},{"not_picked":["Warcry","Evolve"],"picked":"Impervious","floor":8.0},{"not_picked":["Feel No Pain","Cleave"],"picked":"Power Through","floor":10.0},{"not_picked":["Carnage","Warcry"],"picked":"Cleave","floor":11.0},{"not_picked":["Thunderclap","Seeing Red"],"picked":"Pommel Strike","floor":12.0},{"not_picked":["Reaper","Immolate"],"picked":"Feed","floor":16.0},{"not_picked":["Uppercut","Perfected Strike"],"picked":"Armaments","floor":18.0},{"not_picked":["Pummel","Cleave","Reckless Charge"],"picked":"SKIP","floor":20.0},{"not_picked":["Havoc","Clash","Metallicize"],"picked":"SKIP","floor":22.0},{"not_picked":["Headbutt","Body Slam"],"picked":"Warcry+1","floor":24.0},{"not_picked":["Warcry","Rupture+1"],"picked":"Shrug It Off","floor":30.0},{"not_picked":["Searing Blow","Metallicize+1"],"picked":"Shrug It Off","floor":31}],"player_experience":578948,"relics_obtained":[{"floor":9.0,"key":"Pantograph"},{"floor":12.0,"key":"Letter Opener"},{"floor":26.0,"key":"Torii"}],"event_choices":[{"damage_healed":0.0,"max_hp_gain":0.0,"max_hp_loss":0.0,"gold_gain":0.0,"event_name":"Shining Light","player_choice":"Entered Light","floor":2.0,"gold_loss":0.0,"damage_taken":16.0,"cards_upgraded":["Defend_R","Perfected Strike"]},{"damage_healed":0.0,"max_hp_gain":0.0,"max_hp_loss":0.0,"gold_gain":0.0,"event_name":"WeMeetAgain","player_choice":"Paid Gold","floor":3.0,"gold_loss":103.0,"damage_taken":0.0,"relics_obtained":["Champion Belt"]},{"cards_removed":["Defend_R"],"damage_healed":0.0,"max_hp_gain":0.0,"max_hp_loss":0.0,"gold_gain":0.0,"event_name":"The Cleric","player_choice":"Card Removal","floor":13.0,"gold_loss":50.0,"damage_taken":0.0},{"damage_healed":0.0,"max_hp_gain":0.0,"max_hp_loss":0.0,"gold_gain":80.0,"event_name":"Golden Wing","player_choice":"Gained Gold","floor":14.0,"gold_loss":0.0,"damage_taken":0.0},{"damage_healed":0.0,"max_hp_gain":0.0,"max_hp_loss":0.0,"gold_gain":0.0,"event_name":"Vampires","player_choice":"Ignored","floor":21.0,"gold_loss":0.0,"damage_taken":0.0},{"damage_healed":0.0,"max_hp_gain":0.0,"max_hp_loss":0.0,"gold_gain":0.0,"event_name":"The Mausoleum","player_choice":"Opened","floor":27.0,"gold_loss":0.0,"damage_taken":0.0,"relics_obtained":["Frozen Egg 2"],"cards_obtained":["Writhe"]}],"is_beta":false,"boss_relics":[{"not_picked":["Eternal Feather","Coffee Dripper"],"picked":"Mark of Pain"}],"items_purged_floors":[28],"is_endless":false,"potions_floor_spawned":[4,8,10,11,12,18,22,24],"killed_by":"Automaton","ascension_level":12}