{"gold_per_floor":[218,218,218,218,56,87,87,102,125,125,143,143,156,180,180,311,311,327,342,360,142,160,160,184,184,236,264,315,340,368,424,436,567,579,615,652,279,297,297,297,333,354,354,354],"floor_reached":44,"playtime":3565,"items_purged":["Defend_R"],"score":509,"play_id":"6570be3b-27e0-42dc-bd7e-54c9bbfea5e9","local_time":"20190724030746","is_ascension_mode":false,"campfire_choices":[{"data":"Perfected Strike","floor":7,"key":"SMITH"},{"data":"Perfected Strike","floor":12,"key":"SMITH"},{"floor":15,"key":"REST"},{"data":"Barricade","floor":23,"key":"SMITH"},{"data":"Seeing Red","floor":25,"key":"SMITH"},{"floor":32,"key":"REST"},{"data":"Entrench","floor":40,"key":"SMITH"}],"neow_cost":"NONE","seed_source_timestamp":125832525211441,"circlet_count":0,"master_deck":["Strike_R","Strike_R","Strike_R+1","Strike_R","Strike_R","Defend_R","Defend_R","Defend_R+1","Perfected Strike+1","Perfected Strike+1","Seeing Red+1","Entrench+1","Shrug It Off","Metallicize","Pommel Strike","Armaments","Barricade+1","Body Slam","Armaments+1","Rage","Ghostly Armor","Perfected Strike+1","Feed","Flame Barrier+1","Body Slam+1","Twin Strike","Intimidate"],"relics":["Black Blood","Golden Idol","PreservedInsect","Question Card","Runic Dome","Bronze Scales","MawBank","Lantern","Red Skull","Pen Nib","Strawberry","Gremlin Horn","Charon\u0027s Ashes"],"potions_floor_usage":[16,16,31,31,33,44,44,44],"damage_taken":[{"damage":0,"enemies":"2 Louse","floor":1,"turns":3},{"damage":14,"enemies":"3 Sentries","floor":6,"turns":5},{"damage":0,"enemies":"Jaw Worm","floor":8,"turns":2},{"damage":5,"enemies":"Small Slimes","floor":11,"turns":2},{"damage":9,"enemies":"Gremlin Gang","floor":13,"turns":4},{"damage":16,"enemies":"Exordium Thugs","floor":14,"turns":6},{"damage":31,"enemies":"Hexaghost","floor":16,"turns":9},{"damage":12,"enemies":"2 Thieves","floor":18,"turns":4},{"damage":0,"enemies":"Chosen","floor":19,"turns":4},{"damage":23,"enemies":"Snake Plant","floor":20,"turns":3},{"damage":17,"enemies":"Centurion and Healer","floor":22,"turns":7},{"damage":21,"enemies":"Shelled Parasite and Fungi","floor":24,"turns":4},{"damage":7,"enemies":"Snake Plant","floor":27,"turns":4},{"damage":21,"enemies":"Gremlin Leader","floor":28,"turns":4},{"damage":14,"enemies":"3 Cultists","floor":29,"turns":6},{"damage":0,"enemies":"Chosen and Byrds","floor":30,"turns":4},{"damage":10,"enemies":"Book of Stabbing","floor":31,"turns":3},{"damage":19,"enemies":"Collector","floor":33,"turns":9},{"damage":22,"enemies":"3 Shapes","floor":35,"turns":7},{"damage":31,"enemies":"Orb Walker","floor":36,"turns":6},{"damage":27,"enemies":"Jaw Worm Horde","floor":38,"turns":5},{"damage":15,"enemies":"Nemesis","floor":41,"turns":3},{"damage":4,"enemies":"Transient","floor":42,"turns":5},{"damage":63,"enemies":"Writhing Mass","floor":44,"turns":4}],"seed_played":"2455660905051662156","potions_obtained":[{"floor":8,"key":"SpeedPotion"},{"floor":11,"key":"Strength Potion"},{"floor":13,"key":"Dexterity Potion"},{"floor":16,"key":"Strength Potion"},{"floor":18,"key":"Poison Potion"},{"floor":22,"key":"Energy Potion"},{"floor":30,"key":"Block Potion"},{"floor":31,"key":"LiquidBronze"},{"floor":36,"key":"EssenceOfSteel"},{"floor":41,"key":"Swift Potion"}],"is_trial":false,"path_per_floor":["M","?","?","?","$","E","R","M","T","?","M","R","M","M","R","B",null,"M","M","M","$","M","R","M","R","T","M","E","M","M","E","R","B",null,"M","M","$","M","?","R","E","M","T","M"],"character_chosen":"IRONCLAD","items_purchased":["Perfected Strike","Seeing Red","Bronze Scales","Rage","Pen Nib","Strawberry","EssenceOfSteel"],"campfire_rested":2,"item_purchase_floors":[5,5,21,21,37,37,37],"current_hp_per_floor":[80,60,57,41,41,33,33,39,39,39,40,40,37,27,51,26,80,74,80,63,63,52,52,37,37,37,36,21,13,19,15,39,26,80,68,47,54,37,37,37,32,38,38,0],"gold":354,"neow_bonus":"HUNDRED_GOLD","is_prod":false,"is_daily":false,"chose_seed":false,"campfire_upgraded":5,"win_rate":0,"timestamp":1563930466,"path_taken":["M","?","?","?","$","E","R","M","T","?","M","R","M","M","R","BOSS","M","?","M","$","M","R","M","R","T","M","E","M","M","E","R","BOSS","M","?","$","M","?","R","E","M","T","?"],"build_version":"2019-07-17","purchased_purges":1,"victory":false,"max_hp_per_floor":[80,80,80,80,80,80,80,80,80,80,80,80,80,80,80,80,80,80,80,80,80,80,80,80,80,80,80,80,80,80,80,80,80,80,80,80,87,87,87,87,87,87,87,87],"card_choices":[{"not_picked":["Iron Wave","Shrug It Off"],"picked":"Perfected Strike","floor":1},{"not_picked":["Iron Wave","Exhume"],"picked":"Entrench","floor":6},{"not_picked":["Twin Strike","Sentinel","Hemokinesis"],"picked":"Shrug It Off","floor":8},{"not_picked":["True Grit","Wild Strike","Intimidate"],"picked":"Metallicize","floor":11},{"not_picked":["Clothesline","Metallicize","Anger"],"picked":"Pommel Strike","floor":13},{"not_picked":["Thunderclap","Anger","Sword Boomerang"],"picked":"Armaments","floor":14},{"not_picked":["Bludgeon","Dark Embrace","Limit Break"],"picked":"Barricade","floor":16},{"not_picked":["Feel No Pain","Infernal Blade+1","Iron Wave","Reckless Charge"],"picked":"SKIP","floor":18},{"not_picked":["Battle Trance+1","Sever Soul+1","Seeing Red"],"picked":"Body Slam","floor":19},{"not_picked":["Body Slam","Warcry+1","Heavy Blade"],"picked":"Armaments+1","floor":20},{"not_picked":["Uppercut","Sever Soul","Havoc+1","Wild Strike"],"picked":"SKIP","floor":22},{"not_picked":["Bloodletting","Iron Wave","Thunderclap","Wild Strike"],"picked":"SKIP","floor":24},{"not_picked":["Blood for Blood","Sever Soul","True Grit","Clash"],"picked":"SKIP","floor":27},{"not_picked":["Clothesline","Infernal Blade","Bludgeon","Corruption"],"picked":"SKIP","floor":28},{"not_picked":["True Grit+1","Clash","Spot Weakness"],"picked":"Ghostly Armor","floor":29},{"not_picked":["Clash","Infernal Blade","Flex"],"picked":"Perfected Strike+1","floor":30},{"not_picked":["Rampage+1","Clothesline+1","Spot Weakness","Pummel"],"picked":"SKIP","floor":31},{"not_picked":["Limit Break","Bludgeon","Reaper"],"picked":"Feed","floor":33},{"not_picked":["Entrench","Spot Weakness+1","True Grit","Clothesline+1"],"picked":"SKIP","floor":35},{"not_picked":["Headbutt","Heavy Blade","Battle Trance"],"picked":"Flame Barrier+1","floor":36},{"not_picked":["Shrug It Off+1","Rupture+1","Headbutt"],"picked":"Body Slam+1","floor":38},{"not_picked":["Uppercut","Armaments","Fiend Fire","Anger+1"],"picked":"SKIP","floor":41},{"not_picked":["Fire Breathing+1","Cleave+1","Sever Soul"],"picked":"Intimidate","floor":42}],"player_experience":105525,"relics_obtained":[{"floor":6,"key":"Question Card"},{"floor":26,"key":"MawBank"},{"floor":28,"key":"Lantern"},{"floor":31,"key":"Red Skull"},{"floor":41,"key":"Gremlin Horn"},{"floor":43,"key":"Charon\u0027s Ashes"}],"event_choices":[{"damage_healed":0,"gold_gain":0,"player_choice":"Take Damage","damage_taken":20,"relics_obtained":["Golden Idol"],"max_hp_gain":0,"max_hp_loss":0,"event_name":"Golden Idol","floor":2,"gold_loss":0},{"damage_healed":0,"gold_gain":0,"player_choice":"Success","damage_taken":3,"relics_obtained":["PreservedInsect"],"max_hp_gain":0,"max_hp_loss":0,"event_name":"Scrap Ooze","floor":3,"gold_loss":0},{"damage_healed":0,"gold_gain":0,"player_choice":"Entered Light","damage_taken":16,"max_hp_gain":0,"max_hp_loss":0,"event_name":"Shining Light","floor":4,"gold_loss":0,"cards_upgraded":["Strike_R","Defend_R"]},{"damage_healed":0,"gold_gain":0,"player_choice":"Ignored","damage_taken":0,"max_hp_gain":0,"max_hp_loss":0,"event_name":"NoteForYourself","floor":10,"gold_loss":0},{"damage_healed":0,"gold_gain":0,"cards_transformed":["Bash"],"player_choice":"Transformed","damage_taken":0,"max_hp_gain":0,"max_hp_loss":0,"event_name":"Transmorgrifier","floor":39,"gold_loss":0,"cards_obtained":["Twin Strike"]}],"is_beta":false,"boss_relics":[{"not_picked":["Empty Cage","Calling Bell"],"picked":"Runic Dome"},{"not_picked":["Philosopher\u0027s Stone","Tiny House"],"picked":"Black Blood"}],"items_purged_floors":[5],"is_endless":false,"potions_floor_spawned":[8,11,13,16,18,22,24,29,30,31,36,41],"killed_by":"Writhing Mass","ascension_level":0}