{"path_per_floor":["M","M","M","M","?","E","R","$","T","?","E","M","R","E","R","B",null,"M","M","M","?","$","E","M"],"character_chosen":"THE_SILENT","items_purchased":["Footwork","Regen Potion","Dodge and Roll"],"gold_per_floor":[210,222,242,258,258,284,284,56,105,135,166,176,176,205,205,303,303,316,334,350,250,150,177,190],"floor_reached":25,"campfire_rested":2,"playtime":2245,"current_hp_per_floor":[69,69,69,68,56,29,50,50,50,50,46,46,67,66,66,66,70,70,70,67,67,67,53,45],"items_purged":["Strike_G","Strike_G"],"gold":190,"score":292,"play_id":"a1b737d4-3681-4f88-9919-ec5d275d0b2b","is_prod":false,"is_daily":false,"is_ascension_mode":true,"campfire_upgraded":1,"path_taken":["M","?","M","M","?","E","R","$","T","?","E","?","R","E","R","BOSS","M","M","M","?","?","E","M","E"],"build_version":"2018-02-15-PROD1","purchased_purges":3,"victory":false,"master_deck":["Defend_G","Defend_G","Defend_G+1","Defend_G+1","Defend_G","Strike_G","Strike_G","Strike_G","Survivor","Neutralize","Poisoned Stab","Backstab","Cloak And Dagger","Sucker Punch+1","Footwork+1","Dodge and Roll","Cloak And Dagger","Dagger Spray+1","Dagger Spray+1","Adrenaline","Outmaneuver","Backflip","J.A.X.","Concentrate","Accuracy"],"max_hp_per_floor":[70,70,70,70,70,70,70,70,70,70,70,70,70,70,70,70,70,70,70,70,70,70,70,70],"relics":["Ring of the Snake","Molten Egg 2","Ninja Scroll","War Paint","Mercury Hourglass","Shuriken","Blood Vial","Runic Pyramid","Bag of Marbles"],"card_choices":[{"not_picked":["Deadly Poison","Acrobatics"],"picked":"Poisoned Stab"},{"not_picked":["Deflect","Bane"],"picked":"Backstab"},{"not_picked":["Quick Slash","Blur"],"picked":"Cloak And Dagger"},{"not_picked":["Wraith Form","Bouncing Flask"],"picked":"Sucker Punch"},{"not_picked":["PiercingWail","Finisher"],"picked":"Cloak And Dagger"},{"not_picked":["Poisoned Stab","Underhanded Strike"],"picked":"Dagger Spray"},{"not_picked":["Slice","Outmaneuver"],"picked":"Dagger Spray"},{"not_picked":["Doppelganger","Night Terror"],"picked":"Adrenaline"},{"not_picked":["Distraction","Acrobatics"],"picked":"Outmaneuver"},{"not_picked":["Riddle With Holes","Poisoned Stab"],"picked":"Backflip"},{"not_picked":["Dagger Spray","Choke"],"picked":"Concentrate"},{"not_picked":["Flying Knee","Deflect"],"picked":"Accuracy"}],"player_experience":162251,"potions_floor_usage":[6,25,25,25],"damage_taken":[{"damage":1,"enemies":"Cultist","floor":1,"turns":5},{"damage":0,"enemies":"Jaw Worm","floor":2,"turns":4},{"damage":0,"enemies":"2 Louse","floor":3,"turns":3},{"damage":1,"enemies":"2 Fungi Beasts","floor":4,"turns":3},{"damage":27,"enemies":"Lagavulin","floor":6,"turns":9},{"damage":4,"enemies":"3 Sentries","floor":11,"turns":5},{"damage":0,"enemies":"Large Slime","floor":12,"turns":3},{"damage":1,"enemies":"Lagavulin","floor":14,"turns":5},{"damage":2,"enemies":"Slime Boss","floor":16,"turns":6},{"damage":0,"enemies":"Spheric Guardian","floor":18,"turns":3},{"damage":0,"enemies":"Shell Parasite","floor":19,"turns":4},{"damage":3,"enemies":"Centurion and Healer","floor":20,"turns":6},{"damage":16,"enemies":"Slavers","floor":23,"turns":4},{"damage":10,"enemies":"Snake Plant","floor":24,"turns":4},{"damage":54,"enemies":"Book of Stabbing","floor":25,"turns":4}],"event_choices":[{"event_name":"Scrap Ooze","player_choice":"success","floor":5,"damage_taken":12},{"event_name":"Dead Adventurer","player_choice":"Searched \u00272\u0027 times","floor":10,"damage_taken":0},{"event_name":"Drug Dealer","player_choice":"Got JAXXED","floor":21,"damage_taken":0}],"boss_relics":[{"not_picked":["Pandora\u0027s Box","Question Card"],"picked":"Runic Pyramid"}],"potions_floor_spawned":[2,4,11,12,18,24],"seed_played":"5569258656793527551","killed_by":"Book of Stabbing","ascension_level":4,"is_trial":false}