{"gold_per_floor":[117,133,145,175,190,190,201,22,22,122,135,135,169,189,189,285,285,298,298,316,5,16,16,31,31,57,71,89,89],"floor_reached":29,"playtime":4729,"items_purged":[],"score":243,"play_id":"04d78f32-4080-4f4d-9e03-9cf4312452e7","local_time":"20190415143805","is_ascension_mode":true,"campfire_choices":[{"data":"Dodge and Roll","floor":6.0,"key":"SMITH"},{"floor":12.0,"key":"REST"},{"floor":15.0,"key":"REST"},{"floor":23,"key":"RECALL"},{"floor":25,"key":"REST"}],"neow_cost":"NONE","seed_source_timestamp":0,"circlet_count":0,"master_deck":["Defend_G","Defend_G","Defend_G","Defend_G","Defend_G","Strike_G","Strike_G","Strike_G","Strike_G","Strike_G","Survivor","Neutralize","Finesse","Reflex","Dodge and Roll+1","Bouncing Flask","Poisoned Stab","Prepared","Well Laid Plans","Flying Knee","Jack Of All Trades","Dagger Throw","Cloak And Dagger","Adrenaline+1","Venomology","Cloak And Dagger+1","Bouncing Flask+1","Tactician","Quick Slash","Catalyst","Dodge and Roll","PiercingWail+1"],"special_seed":0,"relics":["Ring of the Snake","Tiny Chest","Paper Crane","Sozu","Ninja Scroll","Bronze Scales"],"potions_floor_usage":[],"damage_taken":[{"damage":0.0,"enemies":"Jaw Worm","floor":1.0,"turns":5.0},{"damage":2.0,"enemies":"2 Louse","floor":2.0,"turns":2.0},{"damage":3.0,"enemies":"Cultist","floor":3.0,"turns":6.0},{"damage":3.0,"enemies":"Blue Slaver","floor":5.0,"turns":4.0},{"damage":16.0,"enemies":"Lots of Slimes","floor":7.0,"turns":5.0},{"damage":4.0,"enemies":"Red Slaver","floor":11.0,"turns":3.0},{"damage":46.0,"enemies":"Gremlin Nob","floor":13.0,"turns":5.0},{"damage":0.0,"enemies":"Blue Slaver","floor":14.0,"turns":3.0},{"damage":5.0,"enemies":"The Guardian","floor":16.0,"turns":11.0},{"damage":9.0,"enemies":"Chosen","floor":18.0,"turns":4.0},{"damage":20.0,"enemies":"3 Byrds","floor":20.0,"turns":6.0},{"damage":0,"enemies":"3 Cultists","floor":22,"turns":5},{"damage":13,"enemies":"Shelled Parasite and Fungi","floor":24,"turns":5},{"damage":27,"enemies":"Sentry and Sphere","floor":27,"turns":5},{"damage":17,"enemies":"Snecko","floor":28,"turns":5},{"damage":9,"enemies":"Centurion and Healer","floor":29,"turns":2}],"seed_played":"-2205770540212951847","potions_obtained":[{"floor":2.0,"key":"GamblersBrew"},{"floor":3.0,"key":"PowerPotion"},{"floor":11.0,"key":"Energy Potion"},{"floor":13.0,"key":"GhostInAJar"},{"floor":16.0,"key":"FearPotion"}],"is_trial":false,"path_per_floor":["M","M","M","?","M","R","M","$","T","?","M","R","E","M","R","B",null,"M","?","M","$","M","R","M","R","T","M","M","M"],"character_chosen":"THE_SILENT","items_purchased":["Well Laid Plans","Flying Knee","Jack Of All Trades","Ninja Scroll","Tactician"],"campfire_rested":3,"item_purchase_floors":[8,8,8,21,21],"current_hp_per_floor":[70,68,65,53,50,50,34,34,34,34,30,51,5,5,26,21,70,61,61,41,41,41,41,28,49,49,22,5,0],"gold":89,"neow_bonus":"RANDOM_COLORLESS","is_prod":false,"is_daily":false,"chose_seed":false,"campfire_upgraded":1,"win_rate":0,"timestamp":1555353485,"path_taken":["M","M","M","?","M","R","M","?","T","?","?","R","E","M","R","BOSS","M","?","?","$","M","R","M","R","T","M","M","M"],"build_version":"2019-01-23","purchased_purges":0,"victory":false,"max_hp_per_floor":[70,70,70,70,70,70,70,70,70,70,70,70,70,70,70,70,70,70,70,70,70,70,70,70,70,70,70,70,70],"card_choices":[{"not_picked":["Dash","Calculated Gamble"],"picked":"Reflex","floor":1.0},{"not_picked":["Sucker Punch","Flechettes"],"picked":"Dodge and Roll","floor":2.0},{"not_picked":["Sucker Punch","Flechettes"],"picked":"Bouncing Flask","floor":3.0},{"not_picked":["Sucker Punch","Slice"],"picked":"Poisoned Stab","floor":5.0},{"not_picked":["Night Terror","Outmaneuver"],"picked":"Prepared","floor":7.0},{"not_picked":["Prepared","Sucker Punch"],"picked":"Dagger Throw","floor":11.0},{"not_picked":["Eviscerate","Calculated Gamble"],"picked":"Cloak And Dagger","floor":13.0},{"not_picked":["Deadly Poison","Dodge and Roll"],"picked":"Adrenaline","floor":14.0},{"not_picked":["Malaise","Storm of Steel"],"picked":"Venomology","floor":16.0},{"not_picked":["Prepared","Dagger Throw"],"picked":"Cloak And Dagger+1","floor":18.0},{"not_picked":["Flying Knee","All Out Attack"],"picked":"Bouncing Flask+1","floor":20.0},{"not_picked":["Dagger Spray","Heel Hook"],"picked":"Quick Slash","floor":22},{"not_picked":["Accuracy+1","Bane"],"picked":"Catalyst","floor":24},{"not_picked":["Unload","Expertise"],"picked":"Dodge and Roll","floor":27},{"not_picked":["Eviscerate","Choke"],"picked":"PiercingWail+1","floor":28}],"player_experience":75250,"relics_obtained":[{"floor":13.0,"key":"Paper Crane"},{"floor":26,"key":"Bronze Scales"}],"event_choices":[{"damage_healed":0.0,"max_hp_gain":0.0,"max_hp_loss":0.0,"gold_gain":0.0,"event_name":"Scrap Ooze","player_choice":"Success","floor":4.0,"gold_loss":0.0,"damage_taken":12.0,"relics_obtained":["Tiny Chest"]},{"damage_healed":0.0,"max_hp_gain":0.0,"max_hp_loss":0.0,"gold_gain":100.0,"event_name":"Golden Shrine","player_choice":"Pray","floor":10.0,"gold_loss":0.0,"damage_taken":0.0},{"damage_healed":0.0,"max_hp_gain":0.0,"max_hp_loss":0.0,"gold_gain":0.0,"event_name":"Upgrade Shrine","player_choice":"Upgraded","floor":19.0,"gold_loss":0.0,"damage_taken":0.0,"cards_upgraded":["Adrenaline"]}],"is_beta":false,"boss_relics":[{"not_picked":["Empty Cage","Lizard Tail"],"picked":"Sozu"}],"items_purged_floors":[],"is_endless":false,"potions_floor_spawned":[2,3,11,13,16,22,24,28],"killed_by":"Centurion and Healer","ascension_level":1}