{"path_per_floor":["M","T","M","M","$","R","?","R","T","M","$","M","R","M","R","B",null],"character_chosen":"IRONCLAD","items_purchased":[],"gold_per_floor":[118,118,135,153,78,78,78,78,78,90,90,107,107,127,127,224,224,224],"floor_reached":18,"campfire_rested":0,"playtime":492,"item_purchase_floors":[],"current_hp_per_floor":[80,80,80,80,80,80,80,80,80,84,84,83,83,79,79,10,88,88],"items_purged":["Strike_R"],"gold":224,"score":160,"play_id":"3f17fd25-db3f-43b3-b67f-e90125b59e85","local_time":"20180529012045","is_prod":false,"is_daily":false,"chose_seed":false,"is_ascension_mode":true,"campfire_upgraded":2,"win_rate":0,"timestamp":1527549645,"campfire_choices":[{"data":"Pommel Strike","floor":6,"key":"SMITH"},{"data":"Feed","floor":8,"key":"SMITH"},{"floor":13,"key":"DIG"},{"floor":15,"key":"DIG"}],"path_taken":["M","?","M","M","$","R","?","R","T","M","$","M","R","?","R","BOSS","M"],"build_version":"2018-05-24","seed_source_timestamp":1171584715553700,"purchased_purges":1,"victory":false,"master_deck":["Strike_R","Strike_R","Strike_R","Strike_R","Defend_R","Defend_R","Defend_R","Defend_R","Bash","Pommel Strike+1","Bloodletting","Feed+1","Heavy Blade","Armaments","Feed"],"max_hp_per_floor":[80,80,80,80,80,80,80,80,80,84,84,88,88,88,88,88,88,88],"relics":["Burning Blood","Toolbox","Shovel","Torii","Gambling Chip","Sozu"],"card_choices":[{"not_picked":["Armaments","Clothesline"],"picked":"Pommel Strike","floor":1},{"not_picked":["Pommel Strike","Hemokinesis"],"picked":"Bloodletting","floor":3},{"not_picked":["Anger","Power Through"],"picked":"Heavy Blade","floor":10},{"not_picked":["Demon Form","Pommel Strike"],"picked":"Armaments","floor":12},{"not_picked":["Double Tap","Immolate"],"picked":"Feed","floor":16}],"player_experience":249330,"potions_floor_usage":[],"damage_taken":[{"damage":6,"enemies":"Cultist","floor":1,"turns":3},{"damage":0,"enemies":"Small Slimes","floor":3,"turns":3},{"damage":5,"enemies":"2 Louse","floor":4,"turns":4},{"damage":6,"enemies":"2 Fungi Beasts","floor":10,"turns":3},{"damage":11,"enemies":"Large Slime","floor":12,"turns":5},{"damage":10,"enemies":"Blue Slaver","floor":14,"turns":3},{"damage":75,"enemies":"Slime Boss","floor":16,"turns":15},{"damage":0,"enemies":"Spheric Guardian","floor":18,"turns":1}],"relics_obtained":[{"floor":2,"key":"Toolbox"},{"floor":9,"key":"Shovel"},{"floor":13,"key":"Torii"},{"floor":15,"key":"Gambling Chip"}],"event_choices":[{"event_name":"Match and Keep!","player_choice":"1 cards matched","floor":7,"damage_taken":0}],"boss_relics":[{"not_picked":["Tiny House","Runic Cube"],"picked":"Sozu"}],"items_purged_floors":[5],"potions_floor_spawned":[12,14,16],"seed_played":"8398236854328794103","killed_by":"Spheric Guardian","ascension_level":1,"potions_obtained":[{"floor":12,"key":"SkillPotion"},{"floor":14,"key":"Poison Potion"},{"floor":16,"key":"Ancient Potion"}],"is_trial":false}