{"path_per_floor":["M","$","?","M","?","E","R","$","T","$","E","M","M","M","R","B",null,"M","?","M","$","?","E","M","E","T","R","?","M","?","M","R"],"character_chosen":"THE_SILENT","items_purchased":["Infinite Blades","Noxious Fumes","Regen Potion","Lantern"],"gold_per_floor":[114,3,3,15,15,47,47,47,99,14,44,57,68,84,84,181,181,192,192,203,51,51,82,102,133,205,205,120,135,135,152,152],"floor_reached":33,"campfire_rested":3,"playtime":2977,"current_hp_per_floor":[62,62,67,67,60,13,35,35,35,35,45,46,45,38,38,13,79,65,65,61,61,61,47,34,17,17,44,54,42,23,8,40],"items_purged":["Decay"],"gold":152,"score":404,"play_id":"17cbba57-7634-409f-aaa3-ba31adbcc354","is_prod":false,"is_daily":false,"is_ascension_mode":true,"campfire_upgraded":0,"path_taken":["M","$","?","M","?","E","R","?","T","$","E","M","?","?","R","BOSS","M","?","?","$","?","E","?","E","T","R","?","M","?","M","R","BOSS"],"build_version":"2018-02-15-PROD1","purchased_purges":1,"victory":false,"master_deck":["Defend_G","Defend_G","Defend_G","Defend_G","Defend_G","Strike_G","Strike_G","Strike_G","Strike_G","Survivor","Neutralize","Footwork","Infinite Blades","Flying Knee","Dagger Spray","Noxious Fumes","Poisoned Stab","Dodge and Roll","Adrenaline","Noxious Fumes","Dodge and Roll","Well Laid Plans+1","Injury","Burst","Bouncing Flask"],"max_hp_per_floor":[70,70,75,75,75,75,75,75,75,75,77,79,79,79,79,79,79,81,81,81,81,81,83,83,85,85,87,97,97,102,102,104],"relics":["Ring of the Snake","Girya","Bronze Scales","Singing Bowl","Pen Nib","Cursed Key","Lantern","Mummified Hand","Dream Catcher","Orichalcum","Tough Bandages","Pear"],"card_choices":[{"not_picked":["Slice","Flying Knee"],"picked":"Footwork"},{"not_picked":["Underhanded Strike","Masterful Stab"],"picked":"Flying Knee"},{"not_picked":["Die Die Die","Outmaneuver"],"picked":"Dagger Spray"},{"not_picked":["Blade Dance","Flying Knee"],"picked":"Poisoned Stab"},{"not_picked":["Dagger Spray","Terror"],"picked":"Dodge and Roll"},{"not_picked":["Phantasmal Killer","After Image"],"picked":"Adrenaline"},{"not_picked":["Dagger Spray","PiercingWail"],"picked":"Dodge and Roll"},{"not_picked":["Dodge and Roll","Outmaneuver"],"picked":"Well Laid Plans"},{"not_picked":["Dash","Sucker Punch"],"picked":"Burst"},{"not_picked":["Deadly Poison","Underhanded Strike"],"picked":"Bouncing Flask"}],"player_experience":159274,"potions_floor_usage":[11,20,23,25,33],"damage_taken":[{"damage":8,"enemies":"Cultist","floor":1,"turns":5},{"damage":0,"enemies":"Jaw Worm","floor":4,"turns":5},{"damage":47,"enemies":"Lagavulin","floor":6,"turns":12},{"damage":7,"enemies":"3 Sentries","floor":11,"turns":6},{"damage":1,"enemies":"Small Slimes","floor":12,"turns":4},{"damage":1,"enemies":"Blue Slaver","floor":13,"turns":4},{"damage":7,"enemies":"Exordium Thugs","floor":14,"turns":3},{"damage":25,"enemies":"Hexaghost","floor":16,"turns":9},{"damage":16,"enemies":"Chosen","floor":18,"turns":5},{"damage":4,"enemies":"2 Thieves","floor":20,"turns":4},{"damage":16,"enemies":"Book of Stabbing","floor":23,"turns":5},{"damage":13,"enemies":"Centurion and Healer","floor":24,"turns":7},{"damage":19,"enemies":"Slavers","floor":25,"turns":4},{"damage":12,"enemies":"Snake Plant","floor":29,"turns":4},{"damage":15,"enemies":"3 Cultists","floor":31,"turns":4},{"damage":60,"enemies":"Champ","floor":33,"turns":10}],"event_choices":[{"event_name":"Big Fish","player_choice":"Donut","floor":3,"damage_taken":0},{"event_name":"Golden Wing","player_choice":"Card Removal","floor":5,"damage_taken":0},{"event_name":"The Library","player_choice":"Read","floor":19,"damage_taken":0},{"event_name":"The Mausoleum","player_choice":"Yes","floor":22,"damage_taken":0},{"event_name":"Addict","player_choice":"Obtained Relic","floor":28,"damage_taken":0},{"event_name":"Forgotten Altar","player_choice":"Shed Blood","floor":30,"damage_taken":0}],"boss_relics":[{"not_picked":["Pandora\u0027s Box","White Beast Statue"],"picked":"Cursed Key"}],"potions_floor_spawned":[4,6,13,14,18,24,25],"seed_played":"-7855923799363639880","killed_by":"Champ","ascension_level":4,"is_trial":false}