{"gold_per_floor":[112,129,129,129,154,193,193,208,235,235,255,255,276,301,301,395,395,418,418,418,438,450,450,466,466,493,493,506,535,559,576,576,649,649,660,672,691,691,189,189,203,203,203,303,328,344,344,375,375,375],"floor_reached":51,"playtime":3281,"items_purged":["Strike_B+1"],"score":1391,"play_id":"8a41bf20-dabb-418c-b73f-9da1a19f7183","local_time":"20190109234515","is_ascension_mode":true,"campfire_choices":[{"data":"Zap","floor":7,"key":"SMITH"},{"floor":10,"key":"REST"},{"data":"Dualcast","floor":12,"key":"SMITH"},{"data":"Capacitor","floor":15,"key":"SMITH"},{"floor":23,"key":"REST"},{"data":"White Noise","floor":25,"key":"SMITH"},{"floor":27,"key":"REST"},{"data":"Coolheaded","floor":32,"key":"SMITH"},{"data":"Creative AI","floor":40,"key":"SMITH"},{"data":"Leap","floor":42,"key":"SMITH"},{"data":"Flash of Steel","floor":47,"key":"SMITH"},{"data":"Loop","floor":49,"key":"SMITH"}],"neow_cost":"NONE","seed_source_timestamp":9071313191653,"circlet_count":0,"master_deck":["AscendersBane","Strike_B+1","Strike_B+1","Strike_B+1","Defend_B+1","Defend_B+1","Defend_B+1","Defend_B+1","Zap+1","Dualcast+1","Chill+1","Rip and Tear","Leap+1","Capacitor+1","Auto Shields","Electrodynamics","Cold Snap","Coolheaded+1","Coolheaded+1","White Noise+1","Barrage","Self Repair","Creative AI+1","Leap+1","Force Field+1","Consume+1","Flash of Steel+1","Hologram+1","Loop+1","Leap+1","Force Field+1","Doubt","Cold Snap+1","Barrage","Steam Power+1"],"relics":["Cracked Core","NeowsBlessing","Bloody Idol","Boot","War Paint","DataDisk","Sozu","Bag of Marbles","Toxic Egg 2","Smiling Mask","Cursed Key","Bottled Tornado","Thread and Needle","Mango","Potion Belt","Mummified Hand"],"potions_floor_usage":[6,16,33,33],"damage_taken":[{"damage":0,"enemies":"Jaw Worm","floor":1,"turns":1},{"damage":0,"enemies":"Small Slimes","floor":2,"turns":1},{"damage":0,"enemies":"Cultist","floor":5,"turns":1},{"damage":26,"enemies":"Lagavulin","floor":6,"turns":5},{"damage":2,"enemies":"3 Louse","floor":8,"turns":3},{"damage":0,"enemies":"Blue Slaver","floor":11,"turns":3},{"damage":0,"enemies":"Exordium Wildlife","floor":13,"turns":5},{"damage":6,"enemies":"2 Fungi Beasts","floor":14,"turns":2},{"damage":28,"enemies":"The Guardian","floor":16,"turns":12},{"damage":16,"enemies":"Shell Parasite","floor":18,"turns":6},{"damage":15,"enemies":"Spheric Guardian","floor":21,"turns":4},{"damage":9,"enemies":"Centurion and Healer","floor":22,"turns":7},{"damage":18,"enemies":"Snecko","floor":24,"turns":6},{"damage":10,"enemies":"Shelled Parasite and Fungi","floor":28,"turns":5},{"damage":0,"enemies":"Gremlin Leader","floor":29,"turns":4},{"damage":3,"enemies":"Chosen and Byrds","floor":31,"turns":7},{"damage":28,"enemies":"Champ","floor":33,"turns":15},{"damage":0,"enemies":"3 Shapes","floor":35,"turns":7},{"damage":1,"enemies":"Orb Walker","floor":36,"turns":4},{"damage":0,"enemies":"4 Shapes","floor":37,"turns":5},{"damage":10,"enemies":"Writhing Mass","floor":41,"turns":8},{"damage":0,"enemies":"Mind Bloom Boss Battle","floor":44,"turns":6},{"damage":2,"enemies":"Reptomancer","floor":45,"turns":8},{"damage":4,"enemies":"Jaw Worm Horde","floor":46,"turns":5},{"damage":10,"enemies":"Nemesis","floor":48,"turns":7},{"damage":8,"enemies":"Awakened One","floor":50,"turns":26}],"seed_played":"-3779913547716294584","potions_obtained":[{"floor":2,"key":"Strength Potion"},{"floor":6,"key":"PowerPotion"},{"floor":13,"key":"Dexterity Potion"},{"floor":16,"key":"SteroidPotion"}],"is_trial":false,"path_per_floor":["M","M","?","?","M","E","R","M","T","R","M","R","M","M","R","B",null,"M","?","?","M","M","R","M","R","T","R","M","E","T","M","R","B",null,"M","M","M","?","$","R","M","R","T","?","E","M","R","E","R","B",null],"character_chosen":"DEFECT","items_purchased":["Bottled Tornado","Hologram+1","Loop","Leap+1"],"campfire_rested":3,"item_purchase_floors":[39,39,39,39],"current_hp_per_floor":[64,64,64,53,53,27,27,25,25,44,44,44,44,38,38,10,51,35,35,35,25,21,40,27,27,32,51,46,51,56,58,58,42,59,64,64,64,64,64,64,64,64,64,78,78,78,78,78,78,77],"gold":375,"neow_bonus":"THREE_ENEMY_KILL","is_prod":false,"is_daily":false,"chose_seed":false,"campfire_upgraded":9,"win_rate":0,"timestamp":1547073915,"path_taken":["M","M","?","?","M","E","R","M","T","R","M","R","M","?","R","BOSS","M","?","?","M","M","R","M","R","T","R","M","E","?","?","R","BOSS","M","M","M","?","$","R","M","R","T","?","E","M","R","E","R","BOSS"],"build_version":"2019-01-03v4","purchased_purges":1,"victory":true,"max_hp_per_floor":[71,71,64,64,64,64,64,64,64,64,64,64,64,64,64,64,64,64,64,64,64,64,64,64,64,64,64,64,64,64,64,64,64,64,64,64,64,64,64,64,64,64,64,78,78,78,78,78,78,78],"card_choices":[{"not_picked":["Steam","Compile Driver"],"picked":"Chill","floor":1},{"not_picked":["Stack","Sunder","Hologram"],"picked":"SKIP","floor":2},{"not_picked":["Melter","Streamline"],"picked":"Rip and Tear","floor":5},{"not_picked":["Hologram","Barrage"],"picked":"Leap","floor":6},{"not_picked":["Barrage","Tempest"],"picked":"Capacitor","floor":8},{"not_picked":["Capacitor","Hologram"],"picked":"Auto Shields","floor":11},{"not_picked":["Hello World","Genetic Algorithm","Lockon"],"picked":"SKIP","floor":13},{"not_picked":["Storm","Skim","All For One"],"picked":"SKIP","floor":14},{"not_picked":["Buffer","Creative AI"],"picked":"Electrodynamics","floor":16},{"not_picked":["Ball Lightning","Coolheaded"],"picked":"Cold Snap","floor":18},{"not_picked":["Beam Cell","Cold Snap"],"picked":"Coolheaded+1","floor":21},{"not_picked":["Scrape","Conserve Battery"],"picked":"Coolheaded","floor":22},{"not_picked":["Turbo","Doom and Gloom"],"picked":"White Noise","floor":24},{"not_picked":["Gash+1","Coolheaded"],"picked":"Barrage","floor":28},{"not_picked":["Melter","Rainbow","Hello World"],"picked":"SKIP","floor":29},{"not_picked":["Redo+1","Conserve Battery+1"],"picked":"Self Repair","floor":31},{"not_picked":["Machine Learning","Hyperbeam"],"picked":"Creative AI","floor":33},{"not_picked":["Reprogram+1","Hologram+1"],"picked":"Leap+1","floor":35},{"not_picked":["Ball Lightning","Storm"],"picked":"Force Field+1","floor":36},{"not_picked":["Ball Lightning","Rip and Tear"],"picked":"Consume+1","floor":37},{"not_picked":["Dark Shackles+1","Deep Breath+1"],"picked":"Flash of Steel","floor":38},{"not_picked":["Turbo+1","Compile Driver"],"picked":"Force Field+1","floor":41},{"not_picked":["Ball Lightning","Compile Driver"],"picked":"Cold Snap+1","floor":44},{"not_picked":["Fusion+1","Beam Cell"],"picked":"Barrage","floor":45},{"not_picked":["Fusion+1","Aggregate+1","Sweeping Beam"],"picked":"SKIP","floor":46},{"not_picked":["Conserve Battery+1","Multi-Cast+1"],"picked":"Steam Power+1","floor":48}],"player_experience":498806,"relics_obtained":[{"floor":6,"key":"War Paint"},{"floor":9,"key":"DataDisk"},{"floor":26,"key":"Bag of Marbles"},{"floor":29,"key":"Toxic Egg 2"},{"floor":30,"key":"Smiling Mask"},{"floor":43,"key":"Thread and Needle"},{"floor":44,"key":"Mango"},{"floor":45,"key":"Potion Belt"},{"floor":48,"key":"Mummified Hand"}],"event_choices":[{"damage_healed":0,"gold_gain":0,"player_choice":"Lose Max HP","damage_taken":0,"relics_obtained":["Golden Idol"],"max_hp_gain":0,"max_hp_loss":7,"event_name":"Golden Idol","floor":3,"gold_loss":0},{"damage_healed":0,"gold_gain":0,"player_choice":"Success","damage_taken":11,"relics_obtained":["Boot"],"max_hp_gain":0,"max_hp_loss":0,"event_name":"Scrap Ooze","floor":4,"gold_loss":0},{"damage_healed":0,"gold_gain":0,"player_choice":"Simplicity","damage_taken":0,"max_hp_gain":0,"max_hp_loss":0,"event_name":"Back to Basics","floor":19,"gold_loss":0,"cards_upgraded":["Strike_B","Strike_B","Strike_B","Strike_B","Defend_B","Defend_B","Defend_B"]},{"damage_healed":0,"gold_gain":0,"player_choice":"Gave Idol","damage_taken":0,"relics_obtained":["Bloody Idol"],"max_hp_gain":0,"max_hp_loss":0,"event_name":"Forgotten Altar","floor":20,"relics_lost":["Golden Idol"],"gold_loss":0},{"damage_healed":0,"gold_gain":0,"player_choice":"Memory 1","damage_taken":0,"max_hp_gain":0,"max_hp_loss":0,"event_name":"SensoryStone","floor":38,"gold_loss":0},{"damage_healed":0,"gold_gain":0,"player_choice":"Fight","damage_taken":0,"max_hp_gain":0,"max_hp_loss":0,"event_name":"MindBloom","floor":44,"gold_loss":0}],"is_beta":false,"boss_relics":[{"not_picked":["Nuclear Battery","Black Star"],"picked":"Sozu"},{"not_picked":["Philosopher\u0027s Stone","Busted Crown"],"picked":"Cursed Key"}],"items_purged_floors":[39],"is_endless":false,"potions_floor_spawned":[2,6,13,16,18,28,35,36,45,46,48],"ascension_level":18}