{"gold_per_floor":[369,383,14,14,27,27,90,90,114,124,153,13,13,41,41,141,141,156,156,156,81,99,116,116,41,41,60,60,86,102,130,130,235,235,253,304,304,404,2,29,56,56,56,84,84,101,112,88,88,88],"floor_reached":51,"playtime":3387,"items_purged":["Strike_B+1","Strike_B+1"],"score":1040,"play_id":"f2ba57c3-c23a-45f3-ac73-1b38ebd70fea","local_time":"20191004220935","is_ascension_mode":true,"campfire_choices":[{"data":"Machine Learning","floor":6,"key":"SMITH"},{"data":"Zap","floor":8,"key":"SMITH"},{"data":"Capacitor","floor":15,"key":"SMITH"},{"data":"Defragment","floor":24,"key":"SMITH"},{"data":"Echo Form","floor":32,"key":"SMITH"},{"data":"Coolheaded","floor":42,"key":"SMITH"},{"data":"Biased Cognition","floor":45,"key":"SMITH"},{"data":"Ghostly","floor":49,"key":"SMITH"}],"neow_cost":"TEN_PERCENT_HP_LOSS","seed_source_timestamp":510562489725450,"circlet_count":0,"master_deck":["Defend_B+1","Defend_B+1","Defend_B+1","Defend_B+1","Zap+1","Dualcast","Rebound","Cold Snap","Master of Strategy+1","Machine Learning+1","Undo+1","Capacitor+1","Electrodynamics","Echo Form+1","Undo+1","Defragment+1","Coolheaded+1","Ghostly","Ghostly","Ghostly","Ghostly","Ghostly+1","Creative AI","Biased Cognition+1","Skim+1","Core Surge+1","BootSequence+1","Hologram+1"],"relics":["Cracked Core","Lantern","Tiny Chest","Dream Catcher","Molten Egg 2","Mercury Hourglass","Coffee Dripper","War Paint","Omamori","Strawberry","Sozu","Pen Nib","Unceasing Top","Bag of Preparation","Pantograph","Happy Flower","Toxic Egg 2","Bottled Flame"],"potions_floor_usage":[11,11,14,16,27,27,30],"damage_taken":[{"damage":2,"enemies":"2 Louse","floor":1,"turns":3},{"damage":1,"enemies":"Cultist","floor":2,"turns":3},{"damage":0,"enemies":"Jaw Worm","floor":5,"turns":3},{"damage":13,"enemies":"3 Sentries","floor":7,"turns":8},{"damage":8,"enemies":"Large Slime","floor":10,"turns":5},{"damage":6,"enemies":"Gremlin Nob","floor":11,"turns":3},{"damage":5,"enemies":"3 Sentries","floor":14,"turns":9},{"damage":6,"enemies":"Hexaghost","floor":16,"turns":9},{"damage":1,"enemies":"3 Byrds","floor":18,"turns":3},{"damage":6,"enemies":"2 Thieves","floor":22,"turns":3},{"damage":0,"enemies":"Cultist and Chosen","floor":23,"turns":4},{"damage":0,"enemies":"Snake Plant","floor":27,"turns":3},{"damage":0,"enemies":"Snecko","floor":30,"turns":5},{"damage":3,"enemies":"Slavers","floor":31,"turns":5},{"damage":15,"enemies":"Champ","floor":33,"turns":11},{"damage":0,"enemies":"3 Darklings","floor":35,"turns":7},{"damage":0,"enemies":"Mind Bloom Boss Battle","floor":38,"turns":6},{"damage":3,"enemies":"Reptomancer","floor":40,"turns":6},{"damage":20,"enemies":"Giant Head","floor":44,"turns":9},{"damage":0,"enemies":"3 Shapes","floor":46,"turns":5},{"damage":0,"enemies":"3 Darklings","floor":47,"turns":4},{"damage":4,"enemies":"Time Eater","floor":50,"turns":13}],"seed_played":"7038510222081153335","potions_obtained":[{"floor":2,"key":"Poison Potion"},{"floor":10,"key":"Energy Potion"},{"floor":16,"key":"SpeedPotion"},{"floor":18,"key":"EntropicBrew"}],"is_trial":false,"path_per_floor":["M","M","$","?","M","R","E","R","T","M","E","$","?","E","R","B",null,"M","?","?","?","M","M","R","$","T","M","?","T","M","E","R","B",null,"M","T","?","?","$","E","T","R","T","E","R","M","M","$","R","B",null],"character_chosen":"DEFECT","items_purchased":["Master of Strategy","Lantern","SteroidPotion","Capacitor","Poison Potion","SkillPotion","Core Surge+1","Bag of Preparation","Hologram+1"],"campfire_rested":0,"item_purchase_floors":[3,3,3,12,12,12,39,39,48],"current_hp_per_floor":[66,65,65,65,65,65,52,52,52,44,38,38,43,38,38,32,63,62,62,62,62,56,56,56,56,56,56,36,36,36,40,40,25,39,39,39,39,39,39,36,36,36,36,16,16,16,16,16,16,37],"gold":88,"neow_bonus":"TWO_FIFTY_GOLD","is_prod":false,"is_daily":false,"chose_seed":false,"campfire_upgraded":8,"win_rate":0,"timestamp":1570219775,"path_taken":["M","M","$","?","M","R","E","R","T","M","E","?","?","E","R","BOSS","M","?","?","?","M","M","R","$","T","?","?","?","M","E","R","BOSS","M","?","?","?","?","E","?","R","T","E","R","M","M","$","R","BOSS"],"build_version":"2019-07-17","purchased_purges":2,"victory":true,"max_hp_per_floor":[68,68,68,68,68,68,68,68,68,68,68,68,73,73,73,73,73,73,73,73,73,73,73,73,73,73,73,36,36,36,43,43,43,43,43,43,43,43,43,43,43,43,43,43,43,43,43,43,43,43],"card_choices":[{"not_picked":["Turbo","Blizzard"],"picked":"Rebound","floor":1},{"not_picked":["Stack","Sweeping Beam"],"picked":"Cold Snap","floor":2},{"not_picked":["Steam","Redo"],"picked":"Machine Learning","floor":5},{"not_picked":["Skim","Turbo","Go for the Eyes"],"picked":"SKIP","floor":7},{"not_picked":["Hologram","Cold Snap"],"picked":"Undo","floor":10},{"not_picked":["Tempest","Redo","Storm"],"picked":"SKIP","floor":11},{"not_picked":["Force Field","Tempest"],"picked":"Electrodynamics","floor":14},{"not_picked":["Machine Learning","Creative AI"],"picked":"Echo Form","floor":16},{"not_picked":["Darkness","Lockon+1"],"picked":"Undo+1","floor":18},{"not_picked":["Redo","Hello World","Tempest"],"picked":"SKIP","floor":22},{"not_picked":["Redo","Conserve Battery"],"picked":"Coolheaded","floor":23},{"not_picked":["Fusion","FTL+1","Darkness"],"picked":"SKIP","floor":27},{"not_picked":["Rip and Tear+1","Stack+1","Cold Snap+1"],"picked":"SKIP","floor":30},{"not_picked":["Fission","Storm"],"picked":"Creative AI","floor":31},{"not_picked":["All For One+1","Hyperbeam+1"],"picked":"Biased Cognition","floor":33},{"not_picked":["Conserve Battery","Rebound+1","Static Discharge+1"],"picked":"SKIP","floor":35},{"not_picked":["Capacitor+1","Beam Cell+1"],"picked":"Skim+1","floor":38},{"not_picked":["Cold Snap+1","Meteor Strike+1"],"picked":"BootSequence+1","floor":40},{"not_picked":["Lockon+1","Auto Shields+1","Rebound+1"],"picked":"SKIP","floor":44},{"not_picked":["Sweeping Beam+1","Cold Snap+1","Redo+1"],"picked":"SKIP","floor":46},{"not_picked":["Stack+1","Reprogram+1","Steam Power+1"],"picked":"SKIP","floor":47}],"player_experience":345367,"relics_obtained":[{"floor":7,"key":"Tiny Chest"},{"floor":9,"key":"Dream Catcher"},{"floor":11,"key":"Molten Egg 2"},{"floor":14,"key":"Mercury Hourglass"},{"floor":26,"key":"War Paint"},{"floor":29,"key":"Omamori"},{"floor":31,"key":"Strawberry"},{"floor":36,"key":"Pen Nib"},{"floor":38,"key":"Unceasing Top"},{"floor":40,"key":"Pantograph"},{"floor":41,"key":"Happy Flower"},{"floor":43,"key":"Toxic Egg 2"},{"floor":44,"key":"Bottled Flame"}],"event_choices":[{"cards_removed":["Strike_B"],"damage_healed":0,"gold_gain":0,"player_choice":"Purged","damage_taken":0,"max_hp_gain":0,"max_hp_loss":0,"event_name":"Purifier","floor":4,"gold_loss":0},{"damage_healed":0,"gold_gain":0,"player_choice":"Donut","damage_taken":0,"max_hp_gain":5,"max_hp_loss":0,"event_name":"Big Fish","floor":13,"gold_loss":0},{"damage_healed":0,"gold_gain":0,"player_choice":"Read","damage_taken":0,"max_hp_gain":0,"max_hp_loss":0,"event_name":"The Library","floor":19,"gold_loss":0,"cards_obtained":["Defragment"]},{"damage_healed":0,"gold_gain":0,"player_choice":"Simplicity","damage_taken":0,"max_hp_gain":0,"max_hp_loss":0,"event_name":"Back to Basics","floor":20,"gold_loss":0,"cards_upgraded":["Strike_B","Strike_B","Strike_B","Defend_B","Defend_B","Defend_B","Defend_B"]},{"cards_removed":["Strike_B"],"damage_healed":0,"gold_gain":0,"player_choice":"Gave Gold","damage_taken":0,"max_hp_gain":0,"max_hp_loss":0,"event_name":"Beggar","floor":21,"gold_loss":75},{"damage_healed":0,"gold_gain":0,"player_choice":"Became a Ghost","damage_taken":0,"max_hp_gain":0,"max_hp_loss":37,"event_name":"Ghosts","floor":28,"gold_loss":0,"cards_obtained":["Ghostly","Ghostly","Ghostly","Ghostly","Ghostly"]},{"damage_healed":0,"gold_gain":0,"player_choice":"Ignored","damage_taken":0,"max_hp_gain":0,"max_hp_loss":0,"event_name":"Tomb of Lord Red Mask","floor":37,"gold_loss":0},{"damage_healed":0,"gold_gain":0,"player_choice":"Fight","damage_taken":0,"max_hp_gain":0,"max_hp_loss":0,"event_name":"MindBloom","floor":38,"gold_loss":0}],"is_beta":false,"boss_relics":[{"not_picked":["Empty Cage","Calling Bell"],"picked":"Coffee Dripper"},{"not_picked":["Orrery","Inserter"],"picked":"Sozu"}],"items_purged_floors":[25,39],"is_endless":false,"potions_floor_spawned":[2,10,16,18,31,35,38,44,47],"ascension_level":8}