{"gold_per_floor":[117,132,150,150,162,162,182,182,182,182,35,35,53,85,85,162,162,181,210,58,58,69,69,89,89,115,115,134,152,179,27,27,27],"floor_reached":33,"playtime":1858,"items_purged":["Strike_G","Strike_G","Strike_G"],"score":467,"play_id":"8f5acfa2-3d4b-4e35-82e7-a29e929b933c","local_time":"20190111210159","is_ascension_mode":true,"campfire_choices":[{"data":"Noxious Fumes","floor":6,"key":"SMITH"},{"data":"Dagger Spray","floor":8,"key":"SMITH"},{"data":"Dagger Spray","floor":10,"key":"SMITH"},{"data":"Dodge and Roll","floor":15,"key":"SMITH"},{"floor":23,"key":"REST"},{"floor":25,"key":"REST"},{"floor":32,"key":"REST"}],"neow_cost":"NONE","seed_source_timestamp":173514635603645,"circlet_count":0,"master_deck":["AscendersBane","Defend_G","Defend_G","Defend_G","Defend_G","Defend_G","Strike_G","Survivor","Neutralize+1","Dagger Spray+1","Leg Sweep","Noxious Fumes+1","Dagger Spray+1","Leg Sweep","Dodge and Roll+1","PiercingWail","Expertise","Backflip","Tools of the Trade","Blur","Dodge and Roll","Footwork","Dash","Escape Plan","Glass Knife","Dodge and Roll"],"relics":["Ring of the Snake","Dead Branch","Gambling Chip","Fusion Hammer","Red Mask","Orichalcum","Peace Pipe"],"potions_floor_usage":[14,30,33],"damage_taken":[{"damage":0,"enemies":"Jaw Worm","floor":1,"turns":6},{"damage":5,"enemies":"Cultist","floor":2,"turns":4},{"damage":0,"enemies":"Small Slimes","floor":3,"turns":3},{"damage":0,"enemies":"3 Louse","floor":5,"turns":5},{"damage":30,"enemies":"Gremlin Gang","floor":7,"turns":4},{"damage":0,"enemies":"Exordium Wildlife","floor":13,"turns":5},{"damage":14,"enemies":"Lagavulin","floor":14,"turns":8},{"damage":1,"enemies":"The Guardian","floor":16,"turns":13},{"damage":0,"enemies":"3 Byrds","floor":18,"turns":4},{"damage":50,"enemies":"Masked Bandits","floor":19,"turns":5},{"damage":2,"enemies":"Spheric Guardian","floor":22,"turns":6},{"damage":0,"enemies":"Shelled Parasite and Fungi","floor":24,"turns":8},{"damage":5,"enemies":"Snake Plant","floor":28,"turns":6},{"damage":1,"enemies":"Centurion and Healer","floor":29,"turns":10},{"damage":46,"enemies":"Gremlin Leader","floor":30,"turns":8},{"damage":30,"enemies":"Collector","floor":33,"turns":6}],"seed_played":"3924302415083632334","potions_obtained":[{"floor":5,"key":"Ancient Potion"},{"floor":7,"key":"Regen Potion"},{"floor":13,"key":"FairyPotion"},{"floor":14,"key":"Dexterity Potion"},{"floor":30,"key":"GamblersBrew"}],"is_trial":false,"path_per_floor":["M","M","M","?","M","R","M","R","T","R","$","?","M","E","R","B",null,"M","?","$","?","M","R","M","R","T","?","M","M","E","$","R","B"],"character_chosen":"THE_SILENT","items_purchased":["Dodge and Roll","PiercingWail","Dodge and Roll","Dodge and Roll"],"campfire_rested":3,"item_purchase_floors":[11,11,20,31],"current_hp_per_floor":[59,54,54,59,59,59,29,29,29,29,29,29,29,30,30,29,61,61,11,11,11,9,30,30,51,51,47,42,41,7,7,28,0],"gold":27,"neow_bonus":"UPGRADE_CARD","is_prod":false,"is_daily":false,"chose_seed":false,"campfire_upgraded":4,"win_rate":0,"timestamp":1547236919,"path_taken":["M","M","M","?","M","R","M","R","T","R","$","?","M","E","R","BOSS","M","?","$","?","M","R","M","R","T","?","?","M","E","$","R","BOSS"],"build_version":"2019-01-10","purchased_purges":3,"victory":false,"max_hp_per_floor":[66,66,66,71,71,71,71,71,71,71,71,71,71,71,71,71,71,71,71,71,71,71,71,71,71,71,71,71,71,71,71,71,71],"card_choices":[{"not_picked":["Dagger Throw","PiercingWail"],"picked":"Dagger Spray","floor":1},{"not_picked":["Deflect","Masterful Stab"],"picked":"Leg Sweep","floor":2},{"not_picked":["Poisoned Stab","Deflect"],"picked":"Noxious Fumes","floor":3},{"not_picked":["Acrobatics","Outmaneuver"],"picked":"Dagger Spray","floor":5},{"not_picked":["Deflect","Accuracy"],"picked":"Leg Sweep","floor":7},{"not_picked":["Tactician","Prepared","Phantasmal Killer"],"picked":"SKIP","floor":13},{"not_picked":["Dagger Throw","Storm of Steel"],"picked":"Backflip","floor":14},{"not_picked":["Night Terror","Die Die Die"],"picked":"Tools of the Trade","floor":16},{"not_picked":["Deflect","Sucker Punch","Skewer"],"picked":"SKIP","floor":18},{"not_picked":["Blade Dance","Dagger Spray"],"picked":"Blur","floor":19},{"not_picked":["Deadly Poison","Dodge and Roll"],"picked":"Footwork","floor":22},{"not_picked":["Sucker Punch","All Out Attack","Slice"],"picked":"SKIP","floor":24},{"not_picked":["Concentrate","Slice"],"picked":"Dash","floor":28},{"not_picked":["Reflex","Deadly Poison"],"picked":"Escape Plan","floor":29},{"not_picked":["Slice","PiercingWail"],"picked":"Glass Knife","floor":30}],"player_experience":511986,"relics_obtained":[{"floor":9,"key":"Dead Branch"},{"floor":14,"key":"Gambling Chip"},{"floor":19,"key":"Red Mask"},{"floor":26,"key":"Orichalcum"},{"floor":30,"key":"Peace Pipe"}],"event_choices":[{"damage_healed":0,"gold_gain":0,"player_choice":"Donut","damage_taken":0,"max_hp_gain":5,"max_hp_loss":0,"event_name":"Big Fish","floor":4,"gold_loss":0},{"damage_healed":0,"gold_gain":0,"cards_transformed":["Strike_G"],"player_choice":"Transformed","damage_taken":0,"max_hp_gain":0,"max_hp_loss":0,"event_name":"Transmorgrifier","floor":12,"gold_loss":0,"cards_obtained":["Expertise"]},{"damage_healed":0,"gold_gain":0,"player_choice":"Fought Bandits","damage_taken":0,"max_hp_gain":0,"max_hp_loss":0,"event_name":"Masked Bandits","floor":19,"gold_loss":0},{"damage_healed":0,"gold_gain":0,"player_choice":"Ignored","damage_taken":0,"max_hp_gain":0,"max_hp_loss":0,"event_name":"Ghosts","floor":21,"gold_loss":0},{"damage_healed":0,"gold_gain":0,"player_choice":"Bought 0 Potions","damage_taken":0,"max_hp_gain":0,"max_hp_loss":0,"event_name":"The Woman in Blue","floor":27,"gold_loss":0}],"is_beta":false,"boss_relics":[{"not_picked":["Runic Dome","Tiny House"],"picked":"Fusion Hammer"}],"items_purged_floors":[11,20,31],"is_endless":false,"potions_floor_spawned":[5,7,13,14,19,24,30],"killed_by":"Collector","ascension_level":15}