{"gold_per_floor":[113,188,188,138,153,153,169,169,195,214,214,228,40,59,59,59],"floor_reached":16,"playtime":566,"items_purged":["Defend_R"],"score":152,"play_id":"7841adc4-9a1c-439a-81c0-f0c46548633b","local_time":"20190322042127","is_ascension_mode":true,"campfire_choices":[{"data":"Jack Of All Trades","floor":6,"key":"SMITH"},{"data":"Bash","floor":11,"key":"SMITH"},{"floor":15,"key":"REST"}],"neow_cost":"PERCENT_DAMAGE","seed_source_timestamp":693861451663782,"circlet_count":0,"master_deck":["AscendersBane","Strike_R","Strike_R","Strike_R","Strike_R","Strike_R","Defend_R","Defend_R","Bash+1","Bandage Up","Jack Of All Trades+1","Sentinel","Shrug It Off","Shrug It Off","Flex","Uppercut","Ghostly Armor"],"relics":["Burning Blood","Dodecahedron","Regal Pillow","Vajra"],"potions_floor_usage":[14,16,16],"damage_taken":[{"damage":10,"enemies":"Small Slimes","floor":1,"turns":3},{"damage":11,"enemies":"Jaw Worm","floor":5,"turns":4},{"damage":3,"enemies":"2 Louse","floor":7,"turns":4},{"damage":24,"enemies":"Large Slime","floor":10,"turns":7},{"damage":28,"enemies":"Lots of Slimes","floor":12,"turns":4},{"damage":12,"enemies":"Exordium Wildlife","floor":14,"turns":7},{"damage":74,"enemies":"Hexaghost","floor":16,"turns":9}],"seed_played":"2996730341477294210","potions_obtained":[{"floor":10,"key":"Poison Potion"},{"floor":14,"key":"Regen Potion"}],"is_trial":false,"path_per_floor":["M","?","T","?","M","R","M","?","T","M","R","M","$","M","R","B"],"character_chosen":"IRONCLAD","items_purchased":["Uppercut","LiquidBronze"],"campfire_rested":1,"item_purchase_floors":[13,13],"current_hp_per_floor":[51,40,40,40,39,39,46,46,46,32,32,14,14,12,51,0],"gold":59,"neow_bonus":"RANDOM_COLORLESS_2","is_prod":false,"is_daily":false,"chose_seed":false,"campfire_upgraded":2,"win_rate":0,"timestamp":1553196087,"path_taken":["M","?","?","?","M","R","M","?","T","?","R","M","$","M","R","BOSS"],"build_version":"2019-01-23","purchased_purges":1,"victory":false,"max_hp_per_floor":[80,80,80,80,80,80,80,80,80,80,80,80,80,80,80,80],"card_choices":[{"not_picked":["Havoc","Heavy Blade"],"picked":"Sentinel","floor":1},{"not_picked":["Havoc","Pommel Strike"],"picked":"Rage","floor":5},{"not_picked":["Intimidate","Warcry"],"picked":"Shrug It Off","floor":7},{"not_picked":["Blood for Blood","Sentinel"],"picked":"Shrug It Off","floor":10},{"not_picked":["Pummel","Havoc"],"picked":"Flex","floor":12},{"not_picked":["Thunderclap","Blood for Blood"],"picked":"Ghostly Armor","floor":14}],"player_experience":593158,"relics_obtained":[{"floor":3,"key":"Dodecahedron"},{"floor":9,"key":"Vajra"}],"event_choices":[{"damage_healed":0,"gold_gain":75,"player_choice":"Gather Gold","damage_taken":11,"max_hp_gain":0,"max_hp_loss":0,"event_name":"World of Goop","floor":2,"gold_loss":0},{"cards_removed":["Defend_R"],"damage_healed":0,"gold_gain":0,"player_choice":"Card Removal","damage_taken":0,"max_hp_gain":0,"max_hp_loss":0,"event_name":"The Cleric","floor":4,"gold_loss":50},{"cards_removed":["Rage"],"damage_healed":0,"gold_gain":0,"player_choice":"Gave Card","damage_taken":0,"relics_obtained":["Regal Pillow"],"max_hp_gain":0,"max_hp_loss":0,"event_name":"WeMeetAgain","floor":8,"gold_loss":0}],"is_beta":false,"boss_relics":[],"items_purged_floors":[13],"is_endless":false,"potions_floor_spawned":[10,14],"killed_by":"Hexaghost","ascension_level":13}