{"gold_per_floor":[111,58,78,3,19,46,58,82,117,129,157,149,172,200,212,329,341,373,403,415,427,456,493,505,517,529,741,763,775],"floor_reached":29,"playtime":1882,"items_purged":["Strike_R"],"score":272,"play_id":"aee65f26-f642-493f-ae88-598112afe9ad","local_time":"20191002114809","is_ascension_mode":true,"campfire_choices":[{"floor":7,"key":"RECALL"},{"data":"Seeing Red","floor":10,"key":"SMITH"},{"floor":15,"key":"REST"},{"data":"Limit Break","floor":24,"key":"SMITH"}],"neow_cost":"NONE","seed_source_timestamp":1640044196105851,"circlet_count":0,"master_deck":["Strike_R","Strike_R","Strike_R","Defend_R","Defend_R","Defend_R","Defend_R","Bash","Spot Weakness","Flex","Cleave","Seeing Red+1","Spot Weakness","Iron Wave","Cleave","Heavy Blade","Limit Break+1","Flex","Flex"],"relics":["Burning Blood","NeowsBlessing","MawBank","Coffee Dripper","Enchiridion","Art of War","Frozen Egg 2"],"potions_floor_usage":[13,16,16,19,22],"damage_taken":[{"damage":0,"enemies":"Cultist","floor":1,"turns":1},{"damage":0,"enemies":"Small Slimes","floor":3,"turns":1},{"damage":0,"enemies":"2 Louse","floor":5,"turns":1},{"damage":57,"enemies":"3 Sentries","floor":6,"turns":9},{"damage":0,"enemies":"2 Fungi Beasts","floor":8,"turns":3},{"damage":20,"enemies":"Large Slime","floor":11,"turns":8},{"damage":15,"enemies":"Gremlin Gang","floor":13,"turns":4},{"damage":2,"enemies":"Looter","floor":14,"turns":4},{"damage":35,"enemies":"Hexaghost","floor":16,"turns":9},{"damage":25,"enemies":"Spheric Guardian","floor":18,"turns":4},{"damage":12,"enemies":"Chosen","floor":19,"turns":3},{"damage":11,"enemies":"Centurion and Healer","floor":22,"turns":4},{"damage":22,"enemies":"Book of Stabbing","floor":23,"turns":4},{"damage":7,"enemies":"Cultist and Chosen","floor":28,"turns":3},{"damage":14,"enemies":"Snake Plant","floor":29,"turns":1}],"seed_played":"-4157063902432017611","potions_obtained":[{"floor":1,"key":"Energy Potion"},{"floor":3,"key":"FairyPotion"},{"floor":12,"key":"Swift Potion"},{"floor":14,"key":"Fire Potion"},{"floor":16,"key":"Swift Potion"},{"floor":19,"key":"AttackPotion"},{"floor":23,"key":"SmokeBomb"},{"floor":28,"key":"Fire Potion"}],"is_trial":false,"path_per_floor":["M","$","M","$","M","E","R","M","T","R","M","?","M","M","R","B",null,"M","M","?","?","M","E","R","?","T","?","M","M"],"character_chosen":"IRONCLAD","items_purchased":["Flex"],"campfire_rested":1,"item_purchase_floors":[2],"current_hp_per_floor":[80,80,80,80,80,29,29,35,35,35,21,21,12,16,40,11,80,61,55,39,24,19,14,14,14,14,14,13,0],"gold":775,"neow_bonus":"THREE_ENEMY_KILL","is_prod":false,"is_daily":false,"chose_seed":false,"campfire_upgraded":2,"win_rate":0,"timestamp":1570031289,"path_taken":["M","$","M","$","?","E","R","M","T","R","M","?","M","M","R","BOSS","M","?","?","?","M","E","R","?","T","?","?","M"],"build_version":"2019-07-17","purchased_purges":1,"victory":false,"max_hp_per_floor":[80,80,80,80,80,80,80,80,80,80,80,80,80,80,80,80,80,80,80,80,85,85,85,85,85,85,85,85,85],"card_choices":[{"not_picked":["Headbutt","Sword Boomerang"],"picked":"Spot Weakness","floor":1},{"not_picked":["Wild Strike","Power Through"],"picked":"Cleave","floor":3},{"not_picked":["True Grit","Cleave"],"picked":"Seeing Red","floor":5},{"not_picked":["Blood for Blood","Havoc"],"picked":"Spot Weakness","floor":6},{"not_picked":["Feel No Pain","Carnage"],"picked":"Iron Wave","floor":8},{"not_picked":["Infernal Blade","Body Slam"],"picked":"Cleave","floor":11},{"not_picked":["Armaments","Juggernaut","Entrench"],"picked":"SKIP","floor":13},{"not_picked":["True Grit","Cleave"],"picked":"Heavy Blade","floor":14},{"not_picked":["Double Tap","Immolate"],"picked":"Limit Break","floor":16},{"not_picked":["Evolve","Power Through","Havoc"],"picked":"SKIP","floor":18},{"not_picked":["Spot Weakness","Battle Trance"],"picked":"Flex","floor":19},{"not_picked":["Cleave","Wild Strike","Searing Blow"],"picked":"SKIP","floor":22},{"not_picked":["Barricade","Feel No Pain"],"picked":"Flex","floor":23},{"not_picked":["Iron Wave+1","Spot Weakness","Searing Blow"],"picked":"SKIP","floor":28}],"player_experience":188800,"relics_obtained":[{"floor":6,"key":"MawBank"},{"floor":20,"key":"Enchiridion"},{"floor":23,"key":"Art of War"},{"floor":26,"key":"Frozen Egg 2"}],"event_choices":[{"damage_healed":0,"gold_gain":0,"player_choice":"Bought 1 Potion","damage_taken":0,"max_hp_gain":0,"max_hp_loss":0,"event_name":"The Woman in Blue","floor":12,"gold_loss":0},{"damage_healed":0,"gold_gain":0,"player_choice":"Obtained Book","damage_taken":16,"max_hp_gain":0,"max_hp_loss":0,"event_name":"Cursed Tome","floor":20,"gold_loss":0},{"damage_healed":0,"gold_gain":0,"player_choice":"Shed Blood","damage_taken":20,"max_hp_gain":5,"max_hp_loss":0,"event_name":"Forgotten Altar","floor":21,"gold_loss":0},{"cards_removed":["Strike_R"],"damage_healed":0,"gold_gain":0,"player_choice":"Elegance","damage_taken":0,"max_hp_gain":0,"max_hp_loss":0,"event_name":"Back to Basics","floor":25,"gold_loss":0},{"damage_healed":0,"gold_gain":250,"player_choice":"Bet on Owner","damage_taken":0,"max_hp_gain":0,"max_hp_loss":0,"event_name":"The Joust","floor":27,"gold_loss":50}],"is_beta":false,"boss_relics":[{"not_picked":["Philosopher\u0027s Stone","Velvet Choker"],"picked":"Coffee Dripper"}],"items_purged_floors":[4],"is_endless":false,"potions_floor_spawned":[1,3,14,16,19,23,28],"killed_by":"Snake Plant","ascension_level":2}