{"gold_per_floor":[116,116,133,143,197,222,222,252,252,252,14,14,14,27,27,27],"floor_reached":16,"playtime":597,"items_purged":[],"score":167,"play_id":"fc5a1d32-a58f-42fe-b344-99fadafb26ae","local_time":"20181230234111","is_ascension_mode":true,"campfire_choices":[{"floor":7,"key":"REST"},{"data":"Zap","floor":10,"key":"SMITH"},{"data":"Go for the Eyes","floor":13,"key":"SMITH"},{"floor":15,"key":"REST"}],"neow_cost":"NONE","seed_source_timestamp":867548181274280,"circlet_count":0,"master_deck":["AscendersBane","Strike_B","Strike_B","Strike_B","Defend_B","Defend_B","Defend_B","Defend_B","Zap+1","Dualcast","Go for the Eyes+1","Auto Shields","Leap","Coolheaded","Conserve Battery","FTL","Compile Driver"],"relics":["Cracked Core","NeowsBlessing","Pen Nib","Singing Bowl","Blood Vial","Gremlin Horn","Runic Capacitor"],"potions_floor_usage":[8,14],"damage_taken":[{"damage":0,"enemies":"Small Slimes","floor":1,"turns":1},{"damage":0,"enemies":"Cultist","floor":3,"turns":1},{"damage":0,"enemies":"Jaw Worm","floor":4,"turns":1},{"damage":37,"enemies":"Lagavulin","floor":6,"turns":8},{"damage":22,"enemies":"3 Sentries","floor":8,"turns":12},{"damage":4,"enemies":"Lots of Slimes","floor":14,"turns":4},{"damage":56,"enemies":"Slime Boss","floor":16,"turns":9}],"seed_played":"-4518740132663466738","potions_obtained":[{"floor":6,"key":"Explosive Potion"},{"floor":8,"key":"SkillPotion"},{"floor":14,"key":"Strength Potion"}],"is_trial":false,"path_per_floor":["M","?","M","M","T","E","R","E","T","R","$","?","R","M","R","B"],"character_chosen":"DEFECT","items_purchased":["Runic Capacitor","FTL"],"campfire_rested":2,"item_purchase_floors":[11,11],"current_hp_per_floor":[68,68,68,68,68,31,53,31,31,31,31,31,31,29,51,0],"gold":27,"neow_bonus":"THREE_ENEMY_KILL","is_prod":false,"is_daily":false,"chose_seed":false,"campfire_upgraded":2,"win_rate":0,"timestamp":1546209671,"path_taken":["M","?","M","?","?","E","R","E","T","R","$","?","R","?","R","BOSS"],"build_version":"2018-12-20","purchased_purges":0,"victory":false,"max_hp_per_floor":[75,75,75,75,75,75,75,75,75,75,75,75,75,75,75,75],"card_choices":[{"not_picked":["Rebound","Storm"],"picked":"Go for the Eyes","floor":1},{"not_picked":["Streamline","Heatsinks"],"picked":"Auto Shields","floor":3},{"not_picked":["Redo","Aggregate"],"picked":"Leap","floor":4},{"not_picked":["Genetic Algorithm","Melter"],"picked":"Coolheaded","floor":6},{"not_picked":["Hyperbeam","Hologram"],"picked":"Conserve Battery","floor":8},{"not_picked":["Rebound","Lockon"],"picked":"Compile Driver","floor":14}],"player_experience":416977,"relics_obtained":[{"floor":5,"key":"Pen Nib"},{"floor":6,"key":"Singing Bowl"},{"floor":8,"key":"Blood Vial"},{"floor":9,"key":"Gremlin Horn"}],"event_choices":[{"damage_healed":0,"gold_gain":0,"player_choice":"0 cards matched","damage_taken":0,"max_hp_gain":0,"max_hp_loss":0,"event_name":"Match and Keep!","floor":2,"gold_loss":0,"cards_obtained":[]},{"cards_removed":["Strike_B"],"damage_healed":0,"gold_gain":0,"player_choice":"Offered Basic","damage_taken":0,"max_hp_gain":0,"max_hp_loss":0,"event_name":"Bonfire Elementals","floor":12,"gold_loss":0}],"is_beta":false,"boss_relics":[],"items_purged_floors":[],"is_endless":false,"potions_floor_spawned":[6,8,14],"killed_by":"Slime Boss","ascension_level":11}