{"path_per_floor":["M","?","?","?","M","E","M","E","T","R","M","$","R","M","R","B",null,"M","M","M","?","$","E","R","?","T","E","R","M","R","E","R","B",null,"M","?","?","M","M","R","E","$","T","$","M","R","?","?","R","B"],"character_chosen":"THE_SILENT","items_purchased":["Snake Skull","After Image","Pantograph","Block Potion"],"gold_per_floor":[117,117,117,117,133,161,173,203,203,203,177,23,23,39,39,136,136,151,169,185,185,106,132,132,132,159,192,192,203,203,232,232,329,329,341,341,341,355,371,371,398,16,42,42,57,57,57,57,57,57],"floor_reached":51,"campfire_rested":5,"playtime":5168,"current_hp_per_floor":[56,56,56,43,43,26,26,1,1,19,10,10,28,28,46,35,56,56,53,53,53,53,41,41,41,41,41,41,38,38,31,49,48,59,59,53,53,48,46,63,63,63,63,63,63,63,55,55,55,15],"items_purged":["Writhe"],"gold":57,"score":1021,"play_id":"8c097fff-67ef-46dd-b9d1-8a9ac510cddb","local_time":"20180310194723","is_prod":false,"is_daily":false,"is_ascension_mode":true,"campfire_upgraded":1,"timestamp":1520707643,"path_taken":["M","?","?","?","?","E","M","E","T","R","M","$","R","M","R","BOSS","M","?","?","?","?","E","R","?","T","E","R","M","R","E","R","BOSS","M","?","?","?","M","R","E","$","T","?","M","R","?","?","R","BOSS"],"build_version":"2018-03-09","purchased_purges":2,"victory":true,"master_deck":["Defend_G","Defend_G","Strike_G+1","Survivor+1","Neutralize","Noxious Fumes+1","Noxious Fumes","Leg Sweep+1","Dodge and Roll","Catalyst","Burst","Prepared+1","Escape Plan+1","Dodge and Roll+1","Escape Plan","After Image","Cloak And Dagger+1","Well Laid Plans+1","Caltrops","Bullet Time","Bane+1","Wraith Form","Madness","Madness"],"max_hp_per_floor":[63,63,63,63,63,63,63,63,63,63,63,63,63,63,63,63,63,63,63,63,63,63,63,63,63,63,63,63,63,63,63,63,63,63,63,63,63,63,63,63,63,63,63,63,63,63,63,63,63,63],"relics":["Ring of the Snake","Anchor","Matryoshka","Peace Pipe","Dream Catcher","Snake Skull","Astrolabe","Bag of Marbles","Shovel","Oddly Smooth Stone","Bronze Scales","Shuriken","Toolbox","Dodecahedron","Meat on the Bone","Velvet Choker","Orichalcum","Pantograph","Ancient Tea Set","War Paint","Juzu Bracelet"],"card_choices":[{"not_picked":["Bane","Dash"],"picked":"Noxious Fumes"},{"not_picked":["Predator","Flying Knee"],"picked":"Noxious Fumes"},{"not_picked":["Eviscerate","Dagger Throw"],"picked":"Leg Sweep"},{"not_picked":["Reflex","Flying Knee"],"picked":"Dodge and Roll"},{"not_picked":["Malaise","Cloak And Dagger"],"picked":"Dash"},{"not_picked":["Underhanded Strike","Flying Knee"],"picked":"Catalyst"},{"not_picked":["Unload","Grand Finale"],"picked":"Burst"},{"not_picked":["Accuracy","Riddle With Holes"],"picked":"Escape Plan"},{"not_picked":["Poisoned Stab","Dodge and Roll"],"picked":"Cloak And Dagger"},{"not_picked":["Dodge and Roll","Flechettes"],"picked":"Well Laid Plans"},{"not_picked":["Backflip","Dash"],"picked":"Caltrops"},{"not_picked":["Phantasmal Killer","Tools of the Trade"],"picked":"Bullet Time"},{"not_picked":["Acrobatics","Dodge and Roll"],"picked":"Bane"},{"not_picked":["Accuracy","Sucker Punch"],"picked":"Wraith Form"}],"player_experience":196323,"potions_floor_usage":[23,27,41,45,50],"damage_taken":[{"damage":7.0,"enemies":"Jaw Worm","floor":1.0,"turns":7.0},{"damage":0.0,"enemies":"Small Slimes","floor":5.0,"turns":4.0},{"damage":17.0,"enemies":"3 Sentries","floor":6.0,"turns":8.0},{"damage":0.0,"enemies":"2 Louse","floor":7.0,"turns":3.0},{"damage":25.0,"enemies":"Gremlin Nob","floor":8.0,"turns":5.0},{"damage":9.0,"enemies":"Exordium Thugs","floor":11.0,"turns":6.0},{"damage":0.0,"enemies":"2 Fungi Beasts","floor":14.0,"turns":4.0},{"damage":11.0,"enemies":"Hexaghost","floor":16.0,"turns":9.0},{"damage":0,"enemies":"Shell Parasite","floor":18,"turns":6},{"damage":3,"enemies":"3 Byrds","floor":19,"turns":6},{"damage":0,"enemies":"Snake Plant","floor":20,"turns":5},{"damage":12,"enemies":"Slavers","floor":23,"turns":6},{"damage":0,"enemies":"Book of Stabbing","floor":27,"turns":7},{"damage":3,"enemies":"Sentry and Sphere","floor":29,"turns":5},{"damage":7,"enemies":"Gremlin Leader","floor":31,"turns":7},{"damage":1,"enemies":"Champ","floor":33,"turns":11},{"damage":0,"enemies":"3 Darklings","floor":35,"turns":5},{"damage":5,"enemies":"Orb Walker","floor":38,"turns":4},{"damage":2,"enemies":"3 Darklings","floor":39,"turns":5},{"damage":0,"enemies":"Nemesis","floor":41,"turns":9},{"damage":0,"enemies":"4 Shapes","floor":45,"turns":5},{"damage":60,"enemies":"Time Eater","floor":50,"turns":15}],"event_choices":[{"event_name":"Living Wall","player_choice":"Forget","floor":2.0,"damage_taken":0.0},{"event_name":"Match and Keep!","player_choice":"0 cards matched","floor":3.0,"damage_taken":0.0},{"event_name":"Shining Light","player_choice":"Entered Light","floor":4.0,"damage_taken":0.0},{"event_name":"Back to Basics","player_choice":"Elegance","floor":21,"damage_taken":0},{"event_name":"The Mausoleum","player_choice":"Yes","floor":25,"damage_taken":0},{"event_name":"Wheel of Change","player_choice":"Damage","floor":36,"damage_taken":0},{"event_name":"Winding Halls","player_choice":"Embrace Madness","floor":47,"damage_taken":0},{"event_name":"Mysterious Sphere","player_choice":"Ignore","floor":48,"damage_taken":0}],"boss_relics":[{"not_picked":["Snecko Eye","Question Card"],"picked":"Astrolabe"},{"not_picked":["Tiny House","Philosopher\u0027s Stone"],"picked":"Velvet Choker"}],"potions_floor_spawned":[6,7,11,16,23,27,29,33,45],"seed_played":"-5796946298340663043","ascension_level":6,"is_trial":false}