{"path_per_floor":["M","?","?","M","?","E","$","R","T","M","$","M","M","M","R","B",null,"M","$","M","?","$","E","M","M","T","?","$","M","E","M","R","B",null,"M","M","?","$","?","E","R","E","T","M","R","M","M","$","R","B"],"character_chosen":"IRONCLAD","items_purchased":["Offering","Dropkick","Master of Strategy","Ancient Potion"],"gold_per_floor":[116,116,116,126,126,158,18,18,18,33,33,48,68,88,88,185,185,198,44,61,61,61,90,106,116,116,116,16,29,54,71,71,167,167,187,199,199,74,120,151,151,181,233,251,251,262,282,28,28,28],"floor_reached":51,"campfire_rested":3,"playtime":4995,"current_hp_per_floor":[80,80,73,66,66,35,35,59,59,61,61,67,69,71,71,11,80,80,80,76,76,76,42,38,34,34,34,34,46,34,47,47,49,80,80,80,80,80,64,47,47,49,49,27,51,57,59,59,80,38],"items_purged":["Perfected Strike","Perfected Strike","Clothesline"],"gold":28,"score":703,"play_id":"b36ab44f-dc1b-46c4-b866-326a589db36c","is_prod":false,"is_daily":false,"is_ascension_mode":true,"campfire_upgraded":3,"path_taken":["M","?","?","?","?","E","$","R","T","M","$","?","M","M","R","BOSS","M","$","M","?","$","E","M","M","T","?","$","?","E","M","R","BOSS","M","M","?","$","?","E","R","E","T","M","R","M","M","$","R","BOSS"],"build_version":"2018-02-12-PROD1","purchased_purges":3,"victory":true,"master_deck":["Bash","Cleave","Offering+1","Shockwave","Seeing Red+1","Havoc","Battle Trance","Disarm","Dropkick+1","Dual Wield","Master of Strategy"],"max_hp_per_floor":[80,80,80,80,80,80,80,80,80,80,80,80,80,80,80,80,80,80,80,80,80,80,80,80,80,80,80,80,80,80,80,80,80,80,80,80,80,80,80,80,80,80,80,80,80,80,80,80,80,80],"relics":["Burning Blood","Anchor","Charon\u0027s Ashes","Pandora\u0027s Box","Meat on the Bone","Thread and Needle","Pen Nib","Runic Pyramid","Calipers","Sundial","Bag of Preparation","Juzu Bracelet"],"card_choices":[{"not_picked":["Inflame","Twin Strike"],"picked":"Shockwave"},{"not_picked":["Iron Wave","Double Tap"],"picked":"Seeing Red"},{"not_picked":["Flex","Dark Embrace"],"picked":"Dual Wield"}],"player_experience":118557,"potions_floor_usage":[16,16,50,50,50],"damage_taken":[{"damage":3,"enemies":"2 Louse","floor":1,"turns":3},{"damage":13,"enemies":"Blue Slaver","floor":4,"turns":6},{"damage":37,"enemies":"3 Sentries","floor":6,"turns":12},{"damage":4,"enemies":"Small Slimes","floor":10,"turns":2},{"damage":0,"enemies":"3 Louse","floor":12,"turns":3},{"damage":4,"enemies":"Large Slime","floor":13,"turns":5},{"damage":4,"enemies":"Exordium Thugs","floor":14,"turns":3},{"damage":66,"enemies":"Slime Boss","floor":16,"turns":16},{"damage":5,"enemies":"3 Byrds","floor":18,"turns":3},{"damage":10,"enemies":"Shell Parasite","floor":20,"turns":3},{"damage":40,"enemies":"Gremlin Leader","floor":23,"turns":6},{"damage":22,"enemies":"Cultist and Chosen","floor":24,"turns":4},{"damage":22,"enemies":"Snake Plant","floor":25,"turns":4},{"damage":6,"enemies":"Sentry and Sphere","floor":29,"turns":3},{"damage":30,"enemies":"Book of Stabbing","floor":30,"turns":5},{"damage":5,"enemies":"Snecko","floor":31,"turns":3},{"damage":16,"enemies":"Champ","floor":33,"turns":4},{"damage":4,"enemies":"Orb Walker","floor":35,"turns":2},{"damage":4,"enemies":"3 Darklings","floor":36,"turns":2},{"damage":22,"enemies":"Mysterious Sphere","floor":39,"turns":2},{"damage":35,"enemies":"Nemesis","floor":40,"turns":4},{"damage":4,"enemies":"Giant Head","floor":42,"turns":2},{"damage":40,"enemies":"4 Shapes","floor":44,"turns":2},{"damage":0,"enemies":"Maw","floor":46,"turns":2},{"damage":4,"enemies":"3 Darklings","floor":47,"turns":2},{"damage":60,"enemies":"Time Eater","floor":50,"turns":6}],"event_choices":[{"event_name":"Wheel of Change","player_choice":"Card Removal","floor":2,"damage_taken":0},{"event_name":"Golden Wing","player_choice":"Card Removal","floor":3,"damage_taken":0},{"event_name":"Liars Game","player_choice":"disagreed","floor":5,"damage_taken":0},{"event_name":"Drug Dealer","player_choice":"Ignored","floor":21,"damage_taken":0},{"event_name":"Vampires","player_choice":"Ignored","floor":27,"damage_taken":0},{"event_name":"The Woman in Blue","player_choice":"Bought 0 Potions","floor":37,"damage_taken":0},{"event_name":"Mysterious Sphere","player_choice":"Fight","floor":39,"damage_taken":0}],"boss_relics":[{"not_picked":["Velvet Choker","Black Blood"],"picked":"Pandora\u0027s Box"},{"not_picked":["Cursed Key","Sozu"],"picked":"Runic Pyramid"}],"potions_floor_spawned":[12,13,14,20,24,29,31,33,36,42,47],"seed_played":"5408830281102161031","ascension_level":1,"is_trial":false}