{"gold_per_floor":[111,111,123,139,139,139,172,185,185,185,185,201,229,248,248,248],"floor_reached":16,"playtime":642,"items_purged":[],"score":202,"play_id":"fb1fc05f-4d22-40fb-a0f8-7f55b577a514","local_time":"20190105155608","is_ascension_mode":true,"campfire_choices":[{"data":"Zap","floor":6,"key":"SMITH"},{"data":"Loop","floor":11,"key":"SMITH"},{"data":"Dualcast","floor":15,"key":"SMITH"}],"neow_cost":"NONE","seed_source_timestamp":1358003024832000,"circlet_count":0,"master_deck":["AscendersBane","Strike_B","Strike_B","Strike_B","Defend_B","Defend_B","Defend_B","Zap+1","Dualcast+1","Turbo","Leap","Conserve Battery","Steam Power","Loop+1","FTL","Rip and Tear"],"relics":["Cracked Core","Meat on the Bone","Dead Branch","Nunchaku"],"potions_floor_usage":[13,16,16],"damage_taken":[{"damage":0,"enemies":"2 Louse","floor":1,"turns":2},{"damage":0,"enemies":"Small Slimes","floor":3,"turns":3},{"damage":0,"enemies":"Cultist","floor":4,"turns":4},{"damage":36,"enemies":"Lagavulin","floor":7,"turns":10},{"damage":12,"enemies":"2 Fungi Beasts","floor":8,"turns":3},{"damage":0,"enemies":"3 Louse","floor":12,"turns":4},{"damage":25,"enemies":"Gremlin Nob","floor":13,"turns":4},{"damage":0,"enemies":"Blue Slaver","floor":14,"turns":2},{"damage":48,"enemies":"Hexaghost","floor":16,"turns":11}],"seed_played":"-610597056960962484","potions_obtained":[{"floor":7,"key":"PowerPotion"},{"floor":8,"key":"FearPotion"},{"floor":14,"key":"Weak Potion"}],"is_trial":false,"path_per_floor":["M","?","M","M","?","R","E","M","T","?","R","M","E","M","R","B"],"character_chosen":"DEFECT","items_purchased":[],"campfire_rested":0,"item_purchase_floors":[],"current_hp_per_floor":[64,69,69,69,69,69,33,33,33,33,33,45,32,44,44,0],"gold":248,"neow_bonus":"TRANSFORM_CARD","is_prod":false,"is_daily":false,"chose_seed":false,"campfire_upgraded":3,"win_rate":0,"timestamp":1546700168,"path_taken":["M","?","M","M","?","R","E","M","T","?","R","?","E","M","R","BOSS"],"build_version":"2019-01-03v4","purchased_purges":0,"victory":false,"max_hp_per_floor":[71,76,76,76,76,76,76,76,76,76,76,76,76,76,76,76],"card_choices":[{"not_picked":["Sweeping Beam","Turbo"],"picked":"Leap","floor":1},{"not_picked":["Streamline","Compile Driver"],"picked":"Conserve Battery","floor":3},{"not_picked":["Redo","Conserve Battery"],"picked":"Steam Power","floor":4},{"not_picked":["Coolheaded","Recycle"],"picked":"Loop","floor":7},{"not_picked":["Gash","Steam Power","Multi-Cast"],"picked":"SKIP","floor":8},{"not_picked":["Leap","Glacier"],"picked":"FTL","floor":12},{"not_picked":["Streamline","Leap"],"picked":"Rip and Tear","floor":13},{"not_picked":["Sweeping Beam","Static Discharge","Streamline"],"picked":"SKIP","floor":14}],"player_experience":460926,"relics_obtained":[{"floor":7,"key":"Meat on the Bone"},{"floor":9,"key":"Dead Branch"},{"floor":13,"key":"Nunchaku"}],"event_choices":[{"damage_healed":0,"gold_gain":0,"player_choice":"Donut","damage_taken":0,"max_hp_gain":5,"max_hp_loss":0,"event_name":"Big Fish","floor":2,"gold_loss":0},{"damage_healed":0,"gold_gain":0,"player_choice":"Ignored","damage_taken":0,"max_hp_gain":0,"max_hp_loss":0,"event_name":"Liars Game","floor":5,"gold_loss":0},{"cards_removed":["Defend_B"],"damage_healed":0,"gold_gain":0,"player_choice":"Offered Basic","damage_taken":0,"max_hp_gain":0,"max_hp_loss":0,"event_name":"Bonfire Elementals","floor":10,"gold_loss":0}],"is_beta":false,"boss_relics":[],"items_purged_floors":[],"is_endless":false,"potions_floor_spawned":[7,8,12,14],"killed_by":"Hexaghost","ascension_level":16}