{"gold_per_floor":[111,179,354,28,47,47,72,84,84,100,100,114,114,130,130,207,207,227,227,326,276,290,308,68,68,91,111,111,123,141,154,154,154],"floor_reached":33,"playtime":1018,"items_purged":["Doubt"],"score":414,"play_id":"a6f47c2f-7dbb-42fa-a7e4-18cee06928e0","local_time":"20190324005302","is_ascension_mode":true,"campfire_choices":[{"data":"Flame Barrier","floor":6.0,"key":"SMITH"},{"floor":13.0,"key":"REST"},{"data":"Infernal Blade","floor":15.0,"key":"SMITH"},{"data":"Barricade","floor":25.0,"key":"SMITH"},{"floor":28,"key":"REST"},{"data":"Ghostly Armor","floor":32,"key":"SMITH"}],"neow_cost":"NONE","seed_source_timestamp":0,"circlet_count":0,"master_deck":["AscendersBane","Strike_R","Strike_R","Strike_R+1","Strike_R+1","Strike_R","Defend_R","Defend_R","Defend_R","Defend_R","Bash+1","Pommel Strike","Flame Barrier+1","Iron Wave","Infernal Blade+1","Thunderclap","Cleave","Armaments","Barricade+1","Ghostly Armor+1","Body Slam+1","Shrug It Off","Shrug It Off"],"special_seed":0,"relics":["Burning Blood","Oddly Smooth Stone","Dodecahedron","Mercury Hourglass","Sozu","Pear","Happy Flower"],"potions_floor_usage":[],"damage_taken":[{"damage":7.0,"enemies":"Small Slimes","floor":1.0,"turns":4.0},{"damage":7.0,"enemies":"Jaw Worm","floor":5.0,"turns":3.0},{"damage":45.0,"enemies":"Lagavulin","floor":7.0,"turns":6.0},{"damage":7.0,"enemies":"2 Louse","floor":8.0,"turns":2.0},{"damage":0.0,"enemies":"2 Fungi Beasts","floor":10.0,"turns":3.0},{"damage":11.0,"enemies":"Looter","floor":12.0,"turns":3.0},{"damage":1.0,"enemies":"3 Louse","floor":14.0,"turns":2.0},{"damage":33.0,"enemies":"Hexaghost","floor":16.0,"turns":8.0},{"damage":14.0,"enemies":"Chosen","floor":18.0,"turns":5.0},{"damage":11.0,"enemies":"Spheric Guardian","floor":22.0,"turns":4.0},{"damage":32.0,"enemies":"Shelled Parasite and Fungi","floor":23.0,"turns":6.0},{"damage":11,"enemies":"Snecko","floor":27,"turns":5},{"damage":10,"enemies":"Snake Plant","floor":29,"turns":3},{"damage":0,"enemies":"3 Cultists","floor":30,"turns":4},{"damage":13,"enemies":"Centurion and Healer","floor":31,"turns":6},{"damage":59,"enemies":"Collector","floor":33,"turns":6}],"seed_played":"9162933974083047383","potions_obtained":[{"floor":1.0,"key":"SkillPotion"},{"floor":5.0,"key":"Fire Potion"},{"floor":12.0,"key":"SteroidPotion"}],"is_trial":false,"path_per_floor":["M","?","?","$","M","R","E","M","T","M","?","M","R","M","R","B",null,"M","?","?","?","M","M","$","R","T","M","R","M","M","M","R","B"],"character_chosen":"IRONCLAD","items_purchased":["Flame Barrier","Oddly Smooth Stone","Iron Wave","Pear"],"campfire_rested":2,"item_purchase_floors":[4,4,4,24],"current_hp_per_floor":[71,71,71,71,70,70,31,30,30,36,20,15,39,44,44,17,64,56,56,56,56,51,25,35,35,35,30,57,53,59,52,52,0],"gold":154,"neow_bonus":"UPGRADE_CARD","is_prod":false,"is_daily":false,"chose_seed":false,"campfire_upgraded":4,"win_rate":0,"timestamp":1553356382,"path_taken":["M","?","?","$","?","R","E","M","T","M","?","M","R","M","R","BOSS","M","?","?","?","?","M","$","R","T","M","R","M","M","M","R","BOSS"],"build_version":"2019-01-23","purchased_purges":1,"victory":false,"max_hp_per_floor":[80,80,80,80,80,80,80,80,80,80,80,80,80,80,80,80,80,80,80,80,80,80,80,90,90,90,90,90,90,90,90,90,90],"card_choices":[{"not_picked":["Feel No Pain","Anger"],"picked":"Pommel Strike","floor":1.0},{"not_picked":["Intimidate","Hemokinesis"],"picked":"Infernal Blade","floor":5.0},{"not_picked":["Havoc","Corruption"],"picked":"Thunderclap","floor":7.0},{"not_picked":["Anger","Sword Boomerang","Bloodletting"],"picked":"SKIP","floor":8.0},{"not_picked":["Pommel Strike","Wild Strike"],"picked":"Cleave","floor":10.0},{"not_picked":["Intimidate","Seeing Red"],"picked":"Armaments","floor":12.0},{"not_picked":["Anger","Reckless Charge","Pommel Strike"],"picked":"SKIP","floor":14.0},{"not_picked":["Juggernaut","Limit Break"],"picked":"Barricade","floor":16.0},{"not_picked":["Twin Strike","Iron Wave","Evolve"],"picked":"SKIP","floor":18.0},{"not_picked":["Sword Boomerang","Clothesline","Cleave"],"picked":"SKIP","floor":22.0},{"not_picked":["True Grit","Berserk"],"picked":"Ghostly Armor","floor":23.0},{"not_picked":["Flex","True Grit"],"picked":"Body Slam+1","floor":27},{"not_picked":["Feel No Pain","Pommel Strike"],"picked":"Shrug It Off","floor":29},{"not_picked":["Pommel Strike","Corruption","Twin Strike"],"picked":"SKIP","floor":30},{"not_picked":["Clash","Sever Soul"],"picked":"Shrug It Off","floor":31}],"player_experience":602738,"relics_obtained":[{"floor":7.0,"key":"Dodecahedron"},{"floor":9.0,"key":"Mercury Hourglass"},{"floor":26,"key":"Happy Flower"}],"event_choices":[{"damage_healed":0.0,"max_hp_gain":0.0,"max_hp_loss":0.0,"gold_gain":68.0,"event_name":"Golden Wing","player_choice":"Gained Gold","floor":2.0,"gold_loss":0.0,"damage_taken":0.0},{"damage_healed":0.0,"max_hp_gain":0.0,"max_hp_loss":0.0,"gold_gain":175.0,"event_name":"Liars Game","player_choice":"AGREE","floor":3.0,"gold_loss":0.0,"damage_taken":0.0,"cards_obtained":["Doubt"]},{"damage_healed":0.0,"max_hp_gain":0.0,"max_hp_loss":0.0,"gold_gain":0.0,"event_name":"Shining Light","player_choice":"Entered Light","floor":11.0,"gold_loss":0.0,"damage_taken":16.0,"cards_upgraded":["Strike_R","Strike_R"]},{"damage_healed":0.0,"max_hp_gain":0.0,"max_hp_loss":0.0,"gold_gain":0.0,"event_name":"Ghosts","player_choice":"Ignored","floor":19.0,"gold_loss":0.0,"damage_taken":0.0},{"damage_healed":0.0,"max_hp_gain":0.0,"max_hp_loss":0.0,"gold_gain":99.0,"event_name":"Nest","player_choice":"Stole From Cult","floor":20.0,"gold_loss":0.0,"damage_taken":0.0},{"damage_healed":0.0,"max_hp_gain":0.0,"max_hp_loss":0.0,"gold_gain":0.0,"event_name":"The Joust","player_choice":"Bet on Murderer","floor":21.0,"gold_loss":50.0,"damage_taken":0.0}],"is_beta":false,"boss_relics":[{"not_picked":["Runic Cube","Philosopher\u0027s Stone"],"picked":"Sozu"}],"items_purged_floors":[4],"is_endless":false,"potions_floor_spawned":[1,5,12,18,23],"killed_by":"Collector","ascension_level":13}