{"gold_per_floor":[109,109,109,11,29,59,74,100,100,100,118,218,238,313,313,415,415,425,425,425,442,14,14,24,24,24,24,56,56,85,104,104,201,201,218,218,318,318,332,332,42,74,99,117,135,135,167,181,181,181,181,181,18,51,51],"floor_reached":55,"playtime":3711,"items_purged":["Strike_G","Strike_G","Strike_G"],"score":1256,"play_id":"f8b36f0b-b4ac-4ee6-b7d6-f0a4d39822f9","local_time":"20181211221258","is_ascension_mode":true,"campfire_choices":[{"floor":10,"key":"REST"},{"floor":15,"key":"REST"},{"floor":23,"key":"REST"},{"data":"Apotheosis","floor":25,"key":"SMITH"},{"floor":29,"key":"REST"},{"floor":32,"key":"REST"},{"floor":40,"key":"RECALL"},{"floor":46,"key":"REST"},{"floor":49,"key":"REST"},{"floor":52,"key":"REST"}],"neow_cost":"NONE","seed_source_timestamp":2334769589434197,"circlet_count":0,"master_deck":["AscendersBane","Defend_G+1","Defend_G","Defend_G","Defend_G","Strike_G","Survivor","Neutralize+1","Poisoned Stab","Blade Dance","Poisoned Stab","Well Laid Plans","Die Die Die","Backflip+1","Sucker Punch","Blade Dance","Glass Knife","PiercingWail","PiercingWail","Apotheosis+1","Poisoned Stab+1","Injury","Slice","PiercingWail","Venomology","Corpse Explosion","Blur+1","Mind Blast","Apotheosis","Dodge and Roll+1","Catalyst+1","Outmaneuver","Footwork+1","Injury","PiercingWail+1","Well Laid Plans","Blade Dance","Leg Sweep+1","Footwork","Tools of the Trade"],"relics":["Ring of the Snake","Shuriken","StoneCalendar","Cursed Key","Ancient Tea Set","Regal Pillow","Tingsha","Snake Skull","Fusion Hammer","Tough Bandages","Kunai","Happy Flower","Anchor","War Paint","Ginger"],"potions_floor_usage":[6,8,28,31,33,33,37,39,42,42,42,47,48,50,54,54,55,55,55,55,55],"damage_taken":[{"damage":2,"enemies":"Cultist","floor":1,"turns":4},{"damage":2,"enemies":"Jaw Worm","floor":5,"turns":4},{"damage":39,"enemies":"3 Sentries","floor":6,"turns":10},{"damage":5,"enemies":"Small Slimes","floor":7,"turns":3},{"damage":11,"enemies":"Lagavulin","floor":8,"turns":7},{"damage":2,"enemies":"Red Slaver","floor":11,"turns":2},{"damage":4,"enemies":"Blue Slaver","floor":13,"turns":4},{"damage":33,"enemies":"Slime Boss","floor":16,"turns":7},{"damage":1,"enemies":"3 Byrds","floor":18,"turns":4},{"damage":24,"enemies":"Shell Parasite","floor":21,"turns":4},{"damage":3,"enemies":"3 Cultists","floor":24,"turns":4},{"damage":19,"enemies":"Slavers","floor":28,"turns":4},{"damage":6,"enemies":"Book of Stabbing","floor":30,"turns":5},{"damage":27,"enemies":"Snecko","floor":31,"turns":4},{"damage":35,"enemies":"Collector","floor":33,"turns":9},{"damage":9,"enemies":"3 Darklings","floor":35,"turns":4},{"damage":3,"enemies":"Mind Bloom Boss Battle","floor":37,"turns":7},{"damage":1,"enemies":"3 Shapes","floor":39,"turns":4},{"damage":6,"enemies":"Giant Head","floor":42,"turns":8},{"damage":7,"enemies":"Maw","floor":44,"turns":8},{"damage":5,"enemies":"Sphere and 2 Shapes","floor":45,"turns":5},{"damage":16,"enemies":"Reptomancer","floor":47,"turns":7},{"damage":0,"enemies":"3 Darklings","floor":48,"turns":3},{"damage":26,"enemies":"Donu and Deca","floor":50,"turns":6},{"damage":34,"enemies":"Shield and Spear","floor":54,"turns":7},{"damage":77,"enemies":"The Heart","floor":55,"turns":5}],"seed_played":"-7661384168285603149","potions_obtained":[{"floor":1,"key":"Regen Potion"},{"floor":6,"key":"Poison Potion"},{"floor":7,"key":"PowerPotion"},{"floor":11,"key":"LiquidBronze"},{"floor":21,"key":"Fire Potion"},{"floor":30,"key":"Swift Potion"},{"floor":31,"key":"AttackPotion"},{"floor":35,"key":"GamblersBrew"},{"floor":54,"key":"Regen Potion"}],"is_trial":false,"path_per_floor":["M","?","?","$","M","E","M","E","T","R","M","?","M","?","R","B",null,"M","?","?","M","$","R","M","R","T","?","E","R","E","M","R","B",null,"M","?","?","?","M","R","$","E","T","M","M","R","E","M","R","B",null,"R","$","E","B"],"character_chosen":"THE_SILENT","items_purchased":["Blade Dance","Apotheosis","Ancient Tea Set","Kunai","Outmaneuver","Footwork"],"campfire_rested":8,"item_purchase_floors":[4,22,22,41,41,53],"current_hp_per_floor":[61,61,54,54,52,28,23,12,12,33,31,31,27,16,37,4,54,53,53,40,16,16,38,35,35,35,35,16,53,47,20,57,37,66,57,52,49,49,48,48,48,57,57,50,45,71,55,55,71,45,65,71,71,37,0],"gold":51,"neow_bonus":"UPGRADE_CARD","is_prod":false,"is_daily":false,"chose_seed":false,"campfire_upgraded":1,"win_rate":0,"timestamp":1544562778,"path_taken":["M","?","?","$","M","E","M","E","T","R","M","?","?","?","R","BOSS","M","?","?","M","$","R","M","R","T","?","E","R","E","M","R","BOSS","M","?","?","?","M","R","$","E","T","M","M","R","E","M","R","BOSS","R","$","E","BOSS"],"build_version":"2018-12-06","purchased_purges":3,"victory":false,"max_hp_per_floor":[70,70,70,70,70,70,70,70,70,70,70,70,70,70,70,70,70,70,70,75,75,75,75,75,75,75,75,75,75,75,75,75,75,75,75,75,75,71,71,71,71,71,71,71,71,71,71,71,71,71,71,71,71,71,71],"card_choices":[{"not_picked":["Setup","Deflect"],"picked":"Poisoned Stab","floor":1},{"not_picked":["Outmaneuver","Blur"],"picked":"Poisoned Stab","floor":5},{"not_picked":["Crippling Poison","Dodge and Roll"],"picked":"Well Laid Plans","floor":6},{"not_picked":["Dodge and Roll","Prepared"],"picked":"Die Die Die","floor":7},{"not_picked":["Finisher","A Thousand Cuts"],"picked":"Backflip","floor":8},{"not_picked":["Poisoned Stab","Acrobatics"],"picked":"Sucker Punch","floor":11},{"not_picked":["Riddle With Holes","Acrobatics"],"picked":"Blade Dance","floor":13},{"not_picked":["Night Terror","Bullet Time"],"picked":"Glass Knife","floor":16},{"not_picked":["Heel Hook","Bouncing Flask"],"picked":"PiercingWail","floor":18},{"not_picked":["Acrobatics","Dagger Throw"],"picked":"PiercingWail","floor":21},{"not_picked":["Heel Hook","Calculated Gamble+1"],"picked":"Poisoned Stab+1","floor":24},{"not_picked":["Catalyst","Eviscerate"],"picked":"Slice","floor":28},{"not_picked":["Slice","Quick Slash"],"picked":"PiercingWail","floor":30},{"not_picked":["Prepared","Poisoned Stab"],"picked":"Venomology","floor":31},{"not_picked":["Night Terror","Glass Knife"],"picked":"Corpse Explosion","floor":33},{"not_picked":["PiercingWail+1","Cloak And Dagger"],"picked":"Blur+1","floor":35},{"not_picked":["Dark Shackles","Panacea"],"picked":"Mind Blast","floor":36},{"not_picked":["Panacea","HandOfGreed"],"picked":"Apotheosis","floor":36},{"not_picked":["Riddle With Holes","Well Laid Plans+1"],"picked":"Dodge and Roll+1","floor":37},{"not_picked":["Endless Agony","Backflip"],"picked":"Catalyst+1","floor":39},{"not_picked":["Bouncing Flask+1","Expertise"],"picked":"Footwork+1","floor":42},{"not_picked":["Dagger Throw+1","All Out Attack+1"],"picked":"PiercingWail+1","floor":44},{"not_picked":["Crippling Poison+1","Acrobatics"],"picked":"Well Laid Plans","floor":45},{"not_picked":["Grand Finale","A Thousand Cuts"],"picked":"Blade Dance","floor":47},{"not_picked":["Dodge and Roll+1","Quick Slash+1"],"picked":"Leg Sweep+1","floor":48},{"not_picked":["Dagger Throw+1","Sucker Punch"],"picked":"Tools of the Trade","floor":54}],"player_experience":316532,"relics_obtained":[{"floor":6,"key":"Shuriken"},{"floor":8,"key":"StoneCalendar"},{"floor":26,"key":"Regal Pillow"},{"floor":28,"key":"Tingsha"},{"floor":30,"key":"Snake Skull"},{"floor":37,"key":"Tough Bandages"},{"floor":42,"key":"Happy Flower"},{"floor":43,"key":"Anchor"},{"floor":47,"key":"War Paint"},{"floor":54,"key":"Ginger"}],"event_choices":[{"cards_removed":["Strike_G"],"damage_healed":0,"gold_gain":0,"player_choice":"Forget","damage_taken":0,"max_hp_gain":0,"max_hp_loss":0,"event_name":"Living Wall","floor":2,"gold_loss":0},{"cards_removed":["Defend_G"],"damage_healed":0,"gold_gain":0,"player_choice":"Card Removal","damage_taken":7,"max_hp_gain":0,"max_hp_loss":0,"event_name":"Golden Wing","floor":3,"gold_loss":0},{"damage_healed":0,"gold_gain":100,"player_choice":"Pray","damage_taken":0,"max_hp_gain":0,"max_hp_loss":0,"event_name":"Golden Shrine","floor":12,"gold_loss":0},{"damage_healed":0,"gold_gain":75,"player_choice":"Gather Gold","damage_taken":11,"max_hp_gain":0,"max_hp_loss":0,"event_name":"World of Goop","floor":14,"gold_loss":0},{"damage_healed":0,"gold_gain":0,"player_choice":"Ignored","damage_taken":0,"max_hp_gain":0,"max_hp_loss":0,"event_name":"The Mausoleum","floor":19,"gold_loss":0},{"damage_healed":0,"gold_gain":0,"player_choice":"Shed Blood","damage_taken":18,"max_hp_gain":5,"max_hp_loss":0,"event_name":"Forgotten Altar","floor":20,"gold_loss":0},{"damage_healed":0,"gold_gain":0,"player_choice":"Memory 2","damage_taken":5,"max_hp_gain":0,"max_hp_loss":0,"event_name":"SensoryStone","floor":36,"gold_loss":0},{"damage_healed":0,"gold_gain":0,"player_choice":"Fight","damage_taken":0,"max_hp_gain":0,"max_hp_loss":0,"event_name":"MindBloom","floor":37,"gold_loss":0},{"damage_healed":0,"gold_gain":0,"player_choice":"Max HP","damage_taken":0,"max_hp_gain":0,"max_hp_loss":4,"event_name":"Winding Halls","floor":38,"gold_loss":0}],"is_beta":false,"boss_relics":[{"not_picked":["HoveringKite","Ring of the Serpent"],"picked":"Cursed Key"},{"not_picked":["Empty Cage","White Beast Statue"],"picked":"Fusion Hammer"}],"items_purged_floors":[4,22,53],"is_endless":false,"potions_floor_spawned":[1,6,7,11,21,30,31,35,39,54],"killed_by":"The Heart","ascension_level":11}