{"gold_per_floor":[111,36,36,49,49,83,152,152,152,152,152,163,182,213,213,286,286,206,71,71,71,71,71,71,71,71,71,71,71,71],"floor_reached":30,"playtime":1603,"items_purged":[],"score":507,"play_id":"a2f4a2c4-ad5b-483e-8c66-40ca735c6252","local_time":"20190107233910","is_ascension_mode":true,"campfire_choices":[{"data":"Defragment","floor":8,"key":"SMITH"},{"data":"Dualcast","floor":11,"key":"SMITH"},{"data":"Cold Snap","floor":15,"key":"SMITH"},{"floor":23,"key":"REST"}],"neow_cost":"NONE","seed_source_timestamp":1557627973105468,"circlet_count":0,"master_deck":["AscendersBane","Strike_B","Strike_B","Defend_B","Defend_B","Defend_B","Zap+1","Dualcast+1","Cold Snap+1","Defragment+1","Coolheaded","White Noise","Seek","Compile Driver","Defragment","Cold Snap","Leap","Leap","Conserve Battery","Cold Snap","Chill"],"relics":["Cracked Core","NeowsBlessing","Happy Flower","Matryoshka","Juzu Bracelet","Gremlin Horn","Turnip","Ectoplasm","Cables","Ancient Tea Set"],"potions_floor_usage":[16,24,25,30],"damage_taken":[{"damage":0,"enemies":"Small Slimes","floor":1,"turns":1},{"damage":0,"enemies":"2 Louse","floor":4,"turns":1},{"damage":0,"enemies":"3 Sentries","floor":6,"turns":1},{"damage":0,"enemies":"Cultist","floor":12,"turns":3},{"damage":5,"enemies":"Lots of Slimes","floor":13,"turns":4},{"damage":3,"enemies":"Lagavulin","floor":14,"turns":7},{"damage":9,"enemies":"Slime Boss","floor":16,"turns":11},{"damage":22,"enemies":"2 Thieves","floor":18,"turns":4},{"damage":0,"enemies":"Chosen","floor":20,"turns":4},{"damage":7,"enemies":"Snecko","floor":21,"turns":6},{"damage":13,"enemies":"Snake Plant","floor":24,"turns":5},{"damage":26,"enemies":"Chosen and Byrds","floor":25,"turns":8},{"damage":0,"enemies":"Cultist and Chosen","floor":27,"turns":8},{"damage":0,"enemies":"3 Cultists","floor":29,"turns":7},{"damage":36,"enemies":"Gremlin Leader","floor":30,"turns":10}],"seed_played":"3428962485616622568","potions_obtained":[{"floor":4,"key":"FocusPotion"},{"floor":14,"key":"SteroidPotion"},{"floor":16,"key":"SneckoOil"},{"floor":18,"key":"Swift Potion"},{"floor":21,"key":"Regen Potion"},{"floor":25,"key":"Weak Potion"}],"is_trial":false,"path_per_floor":["M","?","?","M","?","E","T","R","T","?","R","M","M","E","R","B",null,"M","$","M","M","?","R","M","M","T","M","$","M","E"],"character_chosen":"DEFECT","items_purchased":["Defragment","Cold Snap"],"campfire_rested":1,"item_purchase_floors":[19,19],"current_hp_per_floor":[64,64,57,57,57,57,57,57,57,57,57,57,52,49,49,40,63,41,41,41,34,34,55,56,30,30,30,30,30,0],"gold":71,"neow_bonus":"THREE_ENEMY_KILL","is_prod":false,"is_daily":false,"chose_seed":false,"campfire_upgraded":3,"win_rate":0,"timestamp":1546900750,"path_taken":["M","?","?","M","?","E","?","R","T","?","R","M","M","E","R","BOSS","M","$","M","M","?","R","M","M","T","M","$","M","E"],"build_version":"2019-01-03v4","purchased_purges":0,"victory":false,"max_hp_per_floor":[71,71,71,71,71,71,71,71,71,71,71,71,71,71,71,71,71,71,71,71,71,71,71,71,71,71,71,71,71,71],"card_choices":[{"not_picked":["Compile Driver","Hologram"],"picked":"Cold Snap","floor":1},{"not_picked":["Steam","Force Field","Rip and Tear"],"picked":"SKIP","floor":4},{"not_picked":["Stack","Fission"],"picked":"Defragment","floor":6},{"not_picked":["Beam Cell","Steam Power"],"picked":"Coolheaded","floor":12},{"not_picked":["Self Repair","Go for the Eyes"],"picked":"White Noise","floor":13},{"not_picked":["Turbo","Steam","Stack"],"picked":"SKIP","floor":14},{"not_picked":["Amplify","Buffer"],"picked":"Seek","floor":16},{"not_picked":["Turbo","Fusion+1"],"picked":"Compile Driver","floor":18},{"not_picked":["Beam Cell+1","Rebound"],"picked":"Leap","floor":20},{"not_picked":["Melter","Steam Power"],"picked":"Leap","floor":21},{"not_picked":["Redo","Beam Cell+1"],"picked":"Conserve Battery","floor":24},{"not_picked":["Hologram","Conserve Battery"],"picked":"Cold Snap","floor":25},{"not_picked":["Go for the Eyes","Redo"],"picked":"Chill","floor":27},{"not_picked":["Consume","Rainbow","Steam"],"picked":"SKIP","floor":29}],"player_experience":488646,"relics_obtained":[{"floor":6,"key":"Happy Flower"},{"floor":7,"key":"Matryoshka"},{"floor":9,"key":"Juzu Bracelet"},{"floor":9,"key":"Gremlin Horn"},{"floor":14,"key":"Turnip"},{"floor":26,"key":"Cables"},{"floor":26,"key":"Ancient Tea Set"}],"event_choices":[{"cards_removed":["Strike_B"],"damage_healed":0,"gold_gain":0,"player_choice":"Card Removal","damage_taken":0,"max_hp_gain":0,"max_hp_loss":0,"event_name":"The Cleric","floor":2,"gold_loss":75},{"cards_removed":["Defend_B"],"damage_healed":0,"gold_gain":0,"player_choice":"Card Removal","damage_taken":7,"max_hp_gain":0,"max_hp_loss":0,"event_name":"Golden Wing","floor":3,"gold_loss":0},{"cards_removed":["Strike_B"],"damage_healed":0,"gold_gain":0,"player_choice":"Forget","damage_taken":0,"max_hp_gain":0,"max_hp_loss":0,"event_name":"Living Wall","floor":5,"gold_loss":0},{"damage_healed":0,"gold_gain":0,"player_choice":"Upgraded","damage_taken":0,"max_hp_gain":0,"max_hp_loss":0,"event_name":"Upgrade Shrine","floor":10,"gold_loss":0,"cards_upgraded":["Zap"]},{"damage_healed":0,"gold_gain":0,"player_choice":"Ignored","damage_taken":0,"max_hp_gain":0,"max_hp_loss":0,"event_name":"Ghosts","floor":22,"gold_loss":0}],"is_beta":false,"boss_relics":[{"not_picked":["White Beast Statue","Tiny House"],"picked":"Ectoplasm"}],"items_purged_floors":[],"is_endless":false,"potions_floor_spawned":[4,14,16,18,21,25],"killed_by":"Gremlin Leader","ascension_level":18}