{"gold_per_floor":[210,160,235,250,269,269,304,304,304,318,7,7,19,32,32,133,133,148,168,185,200,115,140,140,15,40,40,58,58,74,94,94,195,195,205,305,358,369,369,369,68,0,0,0,35,61,73,99,111,123,135,147,16,49,49],"floor_reached":55,"playtime":4438,"items_purged":["Strike_R"],"score":866,"play_id":"6a8ecdc8-053d-4984-af3b-cb7951625c37","local_time":"20190816221803","is_ascension_mode":true,"campfire_choices":[{"data":"Rage","floor":6.0,"key":"SMITH"},{"data":"Dual Wield","floor":8.0,"key":"SMITH"},{"floor":12.0,"key":"REST"},{"data":"Clash","floor":15.0,"key":"SMITH"},{"floor":24.0,"key":"REST"},{"data":"Disarm","floor":27.0,"key":"SMITH"},{"floor":32.0,"key":"REST"},{"data":"Impervious","floor":40,"key":"SMITH"},{"floor":47,"key":"RECALL"},{"floor":49,"key":"REST"},{"data":"Offering","floor":52,"key":"SMITH"}],"neow_cost":"NONE","seed_source_timestamp":0,"circlet_count":0,"master_deck":["Strike_R","Strike_R","Defend_R","Defend_R","Defend_R","Defend_R","Bash","Rage+1","Dual Wield+1","Clash+1","Warcry","Spot Weakness","Warcry","Shockwave","Offering+1","Disarm+1","Cleave+1","Flame Barrier+1","Spot Weakness","Heavy Blade+1","Shrug It Off","Flex+1","Ghostly Armor","Feed","Impervious+1","Heavy Blade+1","Warcry+1","Shrug It Off+1","Limit Break"],"special_seed":0,"relics":["Black Blood","Gambling Chip","Self Forming Clay","Prayer Wheel","Torii","Letter Opener","Philosopher\u0027s Stone","StoneCalendar","Dead Branch","Anchor","Red Mask","Bottled Flame","Nunchaku","MawBank","Strawberry","Blood Vial"],"potions_floor_usage":[36,37,38,54,55],"damage_taken":[{"damage":1.0,"enemies":"Cultist","floor":1.0,"turns":4.0},{"damage":11.0,"enemies":"Small Slimes","floor":4.0,"turns":4.0},{"damage":6.0,"enemies":"2 Louse","floor":5.0,"turns":3.0},{"damage":44.0,"enemies":"Lagavulin","floor":7.0,"turns":9.0},{"damage":17.0,"enemies":"Large Slime","floor":10.0,"turns":5.0},{"damage":1.0,"enemies":"2 Fungi Beasts","floor":13.0,"turns":2.0},{"damage":1.0,"enemies":"Looter","floor":14.0,"turns":3.0},{"damage":16.0,"enemies":"Slime Boss","floor":16.0,"turns":5.0},{"damage":8.0,"enemies":"3 Byrds","floor":18.0,"turns":4.0},{"damage":16.0,"enemies":"Shell Parasite","floor":19.0,"turns":4.0},{"damage":26.0,"enemies":"Snake Plant","floor":20.0,"turns":4.0},{"damage":18.0,"enemies":"Shelled Parasite and Fungi","floor":21.0,"turns":6.0},{"damage":43.0,"enemies":"Slavers","floor":23.0,"turns":7.0},{"damage":18.0,"enemies":"Sentry and Sphere","floor":28.0,"turns":5.0},{"damage":2.0,"enemies":"Snecko","floor":30.0,"turns":5.0},{"damage":12.0,"enemies":"Cultist and Chosen","floor":31.0,"turns":4.0},{"damage":15.0,"enemies":"Automaton","floor":33.0,"turns":6.0},{"damage":15,"enemies":"Orb Walker","floor":35,"turns":5},{"damage":6,"enemies":"Mind Bloom Boss Battle","floor":36,"turns":2},{"damage":23,"enemies":"2 Orb Walkers","floor":37,"turns":4},{"damage":7,"enemies":"3 Darklings","floor":38,"turns":3},{"damage":40,"enemies":"Nemesis","floor":45,"turns":7},{"damage":19,"enemies":"Sphere and 2 Shapes","floor":48,"turns":5},{"damage":11,"enemies":"Awakened One","floor":50,"turns":5},{"damage":13,"enemies":"Shield and Spear","floor":54,"turns":5},{"damage":96,"enemies":"The Heart","floor":55,"turns":8}],"seed_played":"-5066390039854579246","potions_obtained":[{"floor":1.0,"key":"Regen Potion"},{"floor":5.0,"key":"Poison Potion"},{"floor":13.0,"key":"Swift Potion"},{"floor":28.0,"key":"PowerPotion"},{"floor":30.0,"key":"Energy Potion"},{"floor":31.0,"key":"Swift Potion"},{"floor":33.0,"key":"Explosive Potion"},{"floor":37,"key":"FearPotion"},{"floor":38,"key":"Ancient Potion"},{"floor":48,"key":"AttackPotion"}],"is_trial":false,"path_per_floor":["M","?","?","M","M","R","E","R","T","M","$","R","M","M","R","B",null,"M","M","M","M","?","E","R","$","T","R","M","?","M","M","R","B",null,"M","?","?","M","?","R","$","?","T","?","E","T","R","M","R","B",null,"R","$","E","B"],"character_chosen":"IRONCLAD","items_purchased":["Prayer Wheel","Shrug It Off","Limit Break","Anchor","Strawberry"],"campfire_rested":4,"item_purchase_floors":[11,25,41,41,53],"current_hp_per_floor":[80,80,72,67,67,67,43,43,43,32,32,56,61,66,66,56,80,80,74,58,50,50,17,41,41,41,41,33,18,26,24,49,44,85,83,87,74,77,77,77,77,77,77,77,47,47,47,38,64,63,88,88,95,92,0],"gold":49,"neow_bonus":"HUNDRED_GOLD","is_prod":false,"is_daily":false,"chose_seed":false,"campfire_upgraded":6,"win_rate":0,"timestamp":1565986683,"path_taken":["M","?","?","M","?","R","E","R","T","M","$","R","M","M","R","BOSS","M","M","M","M","?","E","R","$","T","R","M","?","M","M","R","BOSS","M","?","?","M","?","R","$","?","T","?","E","?","R","M","R","BOSS","R","$","E","BOSS"],"build_version":"2019-07-17","purchased_purges":1,"victory":false,"max_hp_per_floor":[80,80,80,80,80,80,80,80,80,80,80,80,80,80,80,80,80,80,80,80,80,80,80,80,80,80,80,80,85,85,85,85,85,85,88,88,88,88,88,88,88,88,88,88,88,88,88,88,88,88,88,88,95,95,95],"card_choices":[{"not_picked":["Anger","Clothesline"],"picked":"Rage","floor":1.0},{"not_picked":["Infernal Blade","Thunderclap"],"picked":"Dual Wield","floor":4.0},{"not_picked":["Body Slam","Feel No Pain","Clothesline"],"picked":"SKIP","floor":5.0},{"not_picked":["Rampage","Armaments"],"picked":"Clash","floor":7.0},{"not_picked":["Heavy Blade","Iron Wave"],"picked":"Warcry","floor":10.0},{"not_picked":["Thunderclap","Anger"],"picked":"Spot Weakness","floor":13.0},{"not_picked":["Uppercut","Thunderclap"],"picked":"Warcry","floor":13.0},{"not_picked":["Brutality","Body Slam"],"picked":"Shockwave","floor":14.0},{"not_picked":["Clothesline","Warcry","Burning Pact"],"picked":"SKIP","floor":14.0},{"not_picked":["Juggernaut","Bludgeon"],"picked":"Offering","floor":16.0},{"not_picked":["Havoc+1","Perfected Strike"],"picked":"Disarm","floor":18.0},{"not_picked":["Evolve","Power Through+1"],"picked":"Cleave+1","floor":18.0},{"not_picked":["Headbutt","Wild Strike"],"picked":"Flame Barrier+1","floor":19.0},{"not_picked":["Thunderclap","Cleave","Rampage"],"picked":"SKIP","floor":19.0},{"not_picked":["Pommel Strike","Reaper"],"picked":"Spot Weakness","floor":20.0},{"not_picked":["Flame Barrier","Armaments+1","Heavy Blade"],"picked":"SKIP","floor":20.0},{"not_picked":["Perfected Strike","Body Slam","Warcry+1"],"picked":"SKIP","floor":21.0},{"not_picked":["Anger","Wild Strike+1","Headbutt"],"picked":"SKIP","floor":21.0},{"not_picked":["Wild Strike","Berserk"],"picked":"Heavy Blade+1","floor":23.0},{"not_picked":["Thunderclap","Sword Boomerang","Cleave"],"picked":"SKIP","floor":28.0},{"not_picked":["Wild Strike","Evolve","Anger"],"picked":"SKIP","floor":28.0},{"not_picked":["Sever Soul","Sword Boomerang"],"picked":"Flex+1","floor":30.0},{"not_picked":["Rampage","Armaments"],"picked":"Ghostly Armor","floor":30.0},{"not_picked":["Twin Strike","Fire Breathing+1"],"picked":"Feed","floor":31.0},{"not_picked":["Searing Blow","True Grit","Rampage"],"picked":"SKIP","floor":31.0},{"not_picked":["Bludgeon","Berserk"],"picked":"Impervious","floor":33.0},{"not_picked":["Blood for Blood","Metallicize"],"picked":"Heavy Blade+1","floor":35},{"not_picked":["Sentinel+1","Sword Boomerang"],"picked":"Warcry+1","floor":35},{"not_picked":["Reckless Charge","Flame Barrier"],"picked":"Shrug It Off+1","floor":37},{"not_picked":["Heavy Blade+1","Fire Breathing","Rage"],"picked":"SKIP","floor":38},{"not_picked":["Cleave+1","Wild Strike+1","Flame Barrier"],"picked":"SKIP","floor":38},{"not_picked":["Power Through+1","Headbutt","Wild Strike+1"],"picked":"SKIP","floor":45},{"not_picked":["Warcry+1","Sword Boomerang+1","Clothesline"],"picked":"SKIP","floor":48},{"not_picked":["Reckless Charge","Immolate","Pommel Strike"],"picked":"SKIP","floor":48},{"not_picked":["Shrug It Off","Thunderclap+1","Twin Strike+1"],"picked":"SKIP","floor":54}],"player_experience":210241,"relics_obtained":[{"floor":7.0,"key":"Gambling Chip"},{"floor":9.0,"key":"Self Forming Clay"},{"floor":23.0,"key":"Letter Opener"},{"floor":36,"key":"StoneCalendar"},{"floor":37,"key":"Dead Branch"},{"floor":43,"key":"Bottled Flame"},{"floor":45,"key":"Nunchaku"},{"floor":46,"key":"MawBank"},{"floor":54,"key":"Blood Vial"}],"event_choices":[{"cards_removed":["Strike_R"],"damage_healed":0.0,"max_hp_gain":0.0,"max_hp_loss":0.0,"gold_gain":0.0,"event_name":"The Cleric","player_choice":"Card Removal","floor":2.0,"gold_loss":50.0,"damage_taken":0.0},{"damage_healed":0.0,"max_hp_gain":0.0,"max_hp_loss":0.0,"gold_gain":75.0,"event_name":"FaceTrader","player_choice":"Touch","floor":3.0,"gold_loss":0.0,"damage_taken":8.0},{"damage_healed":0.0,"max_hp_gain":0.0,"max_hp_loss":0.0,"gold_gain":0.0,"event_name":"Addict","player_choice":"Obtained Relic","floor":22.0,"gold_loss":85.0,"damage_taken":0.0,"relics_obtained":["Torii"]},{"damage_healed":0.0,"max_hp_gain":5.0,"max_hp_loss":0.0,"gold_gain":0.0,"event_name":"Forgotten Altar","player_choice":"Shed Blood","floor":29.0,"gold_loss":0.0,"damage_taken":20.0},{"damage_healed":0,"gold_gain":0,"player_choice":"Fight","damage_taken":0,"max_hp_gain":0,"max_hp_loss":0,"event_name":"MindBloom","floor":36,"gold_loss":0},{"damage_healed":0,"gold_gain":0,"player_choice":"Fight","damage_taken":0,"max_hp_gain":0,"max_hp_loss":0,"event_name":"Mysterious Sphere","floor":37,"gold_loss":0},{"cards_removed":["Strike_R"],"damage_healed":0,"gold_gain":0,"player_choice":"Removed Attack","damage_taken":0,"max_hp_gain":0,"max_hp_loss":0,"event_name":"Falling","floor":39,"gold_loss":0},{"damage_healed":0,"gold_gain":0,"player_choice":"Paid","damage_taken":0,"relics_obtained":["Red Mask"],"max_hp_gain":0,"max_hp_loss":0,"event_name":"Tomb of Lord Red Mask","floor":42,"gold_loss":68},{"damage_healed":0,"gold_gain":0,"player_choice":"Memory 1","damage_taken":0,"max_hp_gain":0,"max_hp_loss":0,"event_name":"SensoryStone","floor":44,"gold_loss":0}],"is_beta":false,"boss_relics":[{"not_picked":["White Beast Statue","Runic Pyramid"],"picked":"Black Blood"},{"not_picked":["Black Star","Empty Cage"],"picked":"Philosopher\u0027s Stone"}],"items_purged_floors":[25],"is_endless":false,"potions_floor_spawned":[1,5,13,28,30,31,33,35,37,38,48],"killed_by":"The Heart","ascension_level":2}