{"gold_per_floor":[114,126,126,13,13,13,56,56,106,32,32,32,57,73,73,162,162,188,200,212,82,97,97,97],"floor_reached":24,"playtime":1246,"items_purged":["Strike_G","Pain"],"score":317,"play_id":"ea3861aa-4591-4eb7-a827-63410e39ee84","local_time":"20181213160423","is_ascension_mode":true,"campfire_choices":[{"floor":6,"key":"REST"},{"floor":8,"key":"REST"},{"data":"Neutralize","floor":12,"key":"SMITH"},{"floor":15,"key":"REST"},{"floor":23,"key":"REST"}],"neow_cost":"PERCENT_DAMAGE","seed_source_timestamp":96631914337214,"circlet_count":0,"master_deck":["AscendersBane","Defend_G","Defend_G","Defend_G","Defend_G","Strike_G","Survivor","Neutralize+1","Blur","Flying Knee","Infinite Blades","Infinite Blades","Infinite Blades","Reflex","Backflip","Accuracy","A Thousand Cuts","Crippling Poison+1","Accuracy","Dodge and Roll"],"relics":["Ring of the Snake","Golden Idol","Omamori","Calling Bell","MawBank","The Courier","Tingsha"],"potions_floor_usage":[7,18],"damage_taken":[{"damage":2,"enemies":"Cultist","floor":1,"turns":4},{"damage":0,"enemies":"2 Louse","floor":2,"turns":6},{"damage":37,"enemies":"Lagavulin","floor":7,"turns":14},{"damage":1,"enemies":"Small Slimes","floor":13,"turns":5},{"damage":0,"enemies":"Red Slaver","floor":14,"turns":5},{"damage":10,"enemies":"Hexaghost","floor":16,"turns":12},{"damage":53,"enemies":"2 Thieves","floor":18,"turns":5},{"damage":8,"enemies":"Shell Parasite","floor":22,"turns":7},{"damage":24,"enemies":"Slavers","floor":24,"turns":3}],"seed_played":"-4459707271937580856","potions_obtained":[{"floor":1,"key":"Block Potion"},{"floor":14,"key":"Ancient Potion"},{"floor":16,"key":"Energy Potion"},{"floor":18,"key":"Poison Potion"},{"floor":22,"key":"SteroidPotion"}],"is_trial":false,"path_per_floor":["M","M","?","$","?","R","E","R","T","$","?","R","M","M","R","B",null,"M","$","?","$","M","R","E"],"character_chosen":"THE_SILENT","items_purchased":["Infinite Blades","Infinite Blades","Accuracy"],"campfire_rested":4,"item_purchase_floors":[4,10,21],"current_hp_per_floor":[43,43,43,43,26,47,10,31,31,31,31,31,30,30,51,41,63,10,10,10,10,2,23,0],"gold":97,"neow_bonus":"REMOVE_TWO","is_prod":false,"is_daily":false,"chose_seed":false,"campfire_upgraded":1,"win_rate":0,"timestamp":1544713463,"path_taken":["M","M","?","$","?","R","E","R","T","$","?","R","M","?","R","BOSS","M","$","?","$","M","R","E"],"build_version":"2018-12-06","purchased_purges":2,"victory":false,"max_hp_per_floor":[70,70,70,70,70,70,70,70,70,70,70,70,70,70,70,70,70,70,70,70,70,70,70,70],"card_choices":[{"not_picked":["Bouncing Flask","Calculated Gamble"],"picked":"Blur","floor":1},{"not_picked":["PiercingWail","Acrobatics"],"picked":"Flying Knee","floor":2},{"not_picked":["Grand Finale","Dodge and Roll"],"picked":"Infinite Blades","floor":7},{"not_picked":["Sucker Punch","Choke"],"picked":"Backflip","floor":13},{"not_picked":["Footwork","Blade Dance"],"picked":"Accuracy","floor":14},{"not_picked":["Unload","Grand Finale"],"picked":"A Thousand Cuts","floor":16},{"not_picked":["Deflect+1","Deadly Poison"],"picked":"Crippling Poison+1","floor":18},{"not_picked":["Caltrops","Prepared"],"picked":"Dodge and Roll","floor":22}],"player_experience":341065,"relics_obtained":[{"floor":7,"key":"Omamori"},{"floor":17,"key":"MawBank"},{"floor":17,"key":"The Courier"},{"floor":17,"key":"Tingsha"}],"event_choices":[{"cards_removed":["Strike_G"],"damage_healed":0,"gold_gain":0,"player_choice":"Forget","damage_taken":0,"max_hp_gain":0,"max_hp_loss":0,"event_name":"Living Wall","floor":3,"gold_loss":0},{"damage_healed":0,"gold_gain":0,"player_choice":"Take Damage","damage_taken":17,"relics_obtained":["Golden Idol"],"max_hp_gain":0,"max_hp_loss":0,"event_name":"Golden Idol","floor":5,"gold_loss":0},{"damage_healed":0,"gold_gain":0,"cards_transformed":["Strike_G"],"player_choice":"Transformed","damage_taken":0,"max_hp_gain":0,"max_hp_loss":0,"event_name":"Transmorgrifier","floor":11,"gold_loss":0,"cards_obtained":["Reflex"]},{"damage_healed":0,"gold_gain":0,"player_choice":"Ignored","damage_taken":0,"max_hp_gain":0,"max_hp_loss":0,"event_name":"Ghosts","floor":20,"gold_loss":0}],"is_beta":false,"boss_relics":[{"not_picked":["Fusion Hammer","Lizard Tail"],"picked":"Calling Bell"}],"items_purged_floors":[4,21],"is_endless":false,"potions_floor_spawned":[1,14,16,18,22],"killed_by":"Slavers","ascension_level":13}