{"gold_per_floor":[111,121,121,131,149,182,182,193,218,218,8,8,42,108,108,204,204,215,180,230,246,296,325,37,37,60,72,122,134,184,195,195,299,299,317,367,417,76,88,88],"floor_reached":40,"playtime":4601,"items_purged":[],"score":487,"play_id":"b1c904a0-4d42-4b15-be78-a9c3c4c65d9c","local_time":"20190415155509","is_ascension_mode":true,"campfire_choices":[{"floor":7,"key":"RECALL"},{"floor":10,"key":"REST"},{"floor":15,"key":"REST"},{"floor":25,"key":"REST"},{"floor":32,"key":"REST"}],"neow_cost":"NONE","seed_source_timestamp":3876330957759673,"circlet_count":0,"master_deck":["Defend_G","Defend_G","Defend_G","Defend_G","Defend_G","Strike_G","Strike_G","Strike_G","Strike_G","Strike_G","Survivor","Neutralize","Reflex","Poisoned Stab","Dagger Throw","Dodge and Roll","Footwork","Underhanded Strike","Deadly Poison","Deflect","Burst","Acrobatics","Noxious Fumes","Outmaneuver","Distraction+1","Bouncing Flask","Flash of Steel","Blur","Deflect+1","Crippling Poison","A Thousand Cuts","Slice+1","Enlightenment","Bane","PiercingWail","Deadly Poison+1"],"relics":["Ring of the Snake","Snake Skull","Regal Pillow","TwistedFunnel","SsserpentHead","Bag of Preparation","Fusion Hammer","Juzu Bracelet","Pear","HandDrill","Centennial Puzzle","WristBlade","Gremlin Horn"],"potions_floor_usage":[6,13,16,23,23,23,40],"damage_taken":[{"damage":0,"enemies":"2 Louse","floor":1,"turns":3},{"damage":2,"enemies":"Small Slimes","floor":2,"turns":4},{"damage":0,"enemies":"Cultist","floor":4,"turns":4},{"damage":4,"enemies":"Exordium Thugs","floor":5,"turns":4},{"damage":24,"enemies":"Lagavulin","floor":6,"turns":11},{"damage":15,"enemies":"3 Louse","floor":8,"turns":4},{"damage":15,"enemies":"3 Sentries","floor":13,"turns":9},{"damage":0,"enemies":"2 Fungi Beasts","floor":14,"turns":3},{"damage":22,"enemies":"Hexaghost","floor":16,"turns":11},{"damage":23,"enemies":"3 Byrds","floor":18,"turns":4},{"damage":0,"enemies":"Spheric Guardian","floor":21,"turns":3},{"damage":43,"enemies":"Slavers","floor":23,"turns":7},{"damage":3,"enemies":"Snecko","floor":27,"turns":4},{"damage":6,"enemies":"Centurion and Healer","floor":29,"turns":3},{"damage":1,"enemies":"Chosen and Byrds","floor":31,"turns":4},{"damage":48,"enemies":"Collector","floor":33,"turns":9},{"damage":13,"enemies":"Orb Walker","floor":35,"turns":4},{"damage":8,"enemies":"3 Darklings","floor":39,"turns":5},{"damage":83,"enemies":"Giant Head","floor":40,"turns":9}],"seed_played":"2220522773943407266","potions_obtained":[{"floor":1,"key":"GhostInAJar"},{"floor":2,"key":"SkillPotion"},{"floor":4,"key":"Dexterity Potion"},{"floor":6,"key":"GamblersBrew"},{"floor":18,"key":"GamblersBrew"},{"floor":21,"key":"Weak Potion"},{"floor":33,"key":"Dexterity Potion"}],"is_trial":false,"path_per_floor":["M","M","?","M","M","E","R","M","T","R","$","?","E","M","R","B",null,"M","?","?","M","?","E","$","R","T","M","?","M","?","M","R","B",null,"M","?","?","$","M","E"],"character_chosen":"THE_SILENT","items_purchased":["TwistedFunnel","Bouncing Flask","Flash of Steel","HandDrill","Bane","Gremlin Horn","PiercingWail"],"campfire_rested":4,"item_purchase_floors":[11,24,24,24,38,38,38],"current_hp_per_floor":[70,68,73,73,69,45,45,30,30,67,67,67,52,52,75,53,75,52,52,52,52,52,19,19,59,59,56,40,34,34,33,75,27,90,77,77,77,77,69,0],"gold":88,"neow_bonus":"RANDOM_COMMON_RELIC","is_prod":false,"is_daily":false,"chose_seed":false,"campfire_upgraded":0,"win_rate":0,"timestamp":1555358109,"path_taken":["M","M","?","M","M","E","R","M","T","R","$","?","E","?","R","BOSS","M","?","?","M","?","E","?","R","T","M","?","M","?","M","R","BOSS","M","?","?","$","M","E"],"build_version":"2019-01-23","purchased_purges":0,"victory":false,"max_hp_per_floor":[70,70,75,75,75,75,75,75,75,75,75,75,75,75,75,75,75,75,75,75,75,75,85,85,85,85,85,90,90,90,90,90,90,90,90,90,90,90,90,90],"card_choices":[{"not_picked":["Choke","Expertise"],"picked":"Reflex","floor":1},{"not_picked":["Caltrops","Deflect"],"picked":"Poisoned Stab","floor":2},{"not_picked":["Dodge and Roll","Masterful Stab"],"picked":"Dagger Throw","floor":4},{"not_picked":["Infinite Blades","Prepared"],"picked":"Dodge and Roll","floor":5},{"not_picked":["Die Die Die","Finisher"],"picked":"Footwork","floor":6},{"not_picked":["PiercingWail","Endless Agony"],"picked":"Underhanded Strike","floor":8},{"not_picked":["Masterful Stab","Outmaneuver"],"picked":"Deadly Poison","floor":13},{"not_picked":["Infinite Blades","Quick Slash"],"picked":"Deflect","floor":14},{"not_picked":["Bullet Time","Venomology"],"picked":"Burst","floor":16},{"not_picked":["Finisher+1","Prepared"],"picked":"Acrobatics","floor":18},{"not_picked":["Slice","Dagger Spray"],"picked":"Outmaneuver","floor":21},{"not_picked":["Dagger Throw","Flying Knee"],"picked":"Distraction+1","floor":23},{"not_picked":["Escape Plan","All Out Attack"],"picked":"Blur","floor":27},{"not_picked":["Choke","Outmaneuver+1"],"picked":"Deflect+1","floor":29},{"not_picked":["Riddle With Holes","Cloak And Dagger"],"picked":"Crippling Poison","floor":31},{"not_picked":["Malaise","Night Terror"],"picked":"A Thousand Cuts","floor":33},{"not_picked":["Heel Hook","Dagger Spray"],"picked":"Slice+1","floor":35},{"not_picked":["Mayhem","Impatience"],"picked":"Enlightenment","floor":36},{"not_picked":["Dagger Spray+1","Reflex"],"picked":"Deadly Poison+1","floor":39}],"player_experience":79979,"relics_obtained":[{"floor":6,"key":"Regal Pillow"},{"floor":13,"key":"Bag of Preparation"},{"floor":23,"key":"Pear"},{"floor":26,"key":"Centennial Puzzle"}],"event_choices":[{"damage_healed":0,"gold_gain":0,"player_choice":"Donut","damage_taken":0,"max_hp_gain":5,"max_hp_loss":0,"event_name":"Big Fish","floor":3,"gold_loss":0},{"damage_healed":0,"gold_gain":0,"player_choice":"Trade","damage_taken":0,"relics_obtained":["SsserpentHead"],"max_hp_gain":0,"max_hp_loss":0,"event_name":"FaceTrader","floor":12,"gold_loss":0},{"damage_healed":0,"gold_gain":0,"player_choice":"Obtained Relic","damage_taken":0,"relics_obtained":["Juzu Bracelet"],"max_hp_gain":0,"max_hp_loss":0,"event_name":"Addict","floor":19,"gold_loss":85},{"damage_healed":0,"gold_gain":0,"player_choice":"Read","damage_taken":0,"max_hp_gain":0,"max_hp_loss":0,"event_name":"The Library","floor":20,"gold_loss":0,"cards_obtained":["Noxious Fumes"]},{"damage_healed":0,"gold_gain":0,"player_choice":"Ignored","damage_taken":0,"max_hp_gain":0,"max_hp_loss":0,"event_name":"Beggar","floor":22,"gold_loss":0},{"damage_healed":0,"gold_gain":0,"player_choice":"Shed Blood","damage_taken":21,"max_hp_gain":5,"max_hp_loss":0,"event_name":"Forgotten Altar","floor":28,"gold_loss":0},{"damage_healed":0,"gold_gain":0,"player_choice":"Ignored","damage_taken":0,"max_hp_gain":0,"max_hp_loss":0,"event_name":"Vampires","floor":30,"gold_loss":0},{"damage_healed":0,"gold_gain":0,"player_choice":"Memory 1","damage_taken":0,"max_hp_gain":0,"max_hp_loss":0,"event_name":"SensoryStone","floor":36,"gold_loss":0},{"damage_healed":0,"gold_gain":0,"player_choice":"Ignored","damage_taken":0,"max_hp_gain":0,"max_hp_loss":0,"event_name":"SecretPortal","floor":37,"gold_loss":0}],"is_beta":false,"boss_relics":[{"not_picked":["Runic Dome","Black Star"],"picked":"Fusion Hammer"},{"not_picked":["Cursed Key","Empty Cage"],"picked":"WristBlade"}],"items_purged_floors":[],"is_endless":false,"potions_floor_spawned":[1,2,4,6,18,21,33],"killed_by":"Giant Head","ascension_level":1}