{"gold_per_floor":[368,368,383,383,33,33,54,92,172,172,172,172,216,232,232,355,355,368,293,293,318,351,351,389,389,389,159,192,192,213,257,257,381,381,406,406,429,454,474,474,474,474,474,518,518,851,221,252,252,252],"floor_reached":51,"playtime":3315,"items_purged":["Blizzard","Defend_B"],"score":1226,"play_id":"82ad84d2-1095-478a-ae51-efd2fa3a44f5","local_time":"20191007203055","is_ascension_mode":true,"campfire_choices":[{"data":"Zap","floor":6,"key":"SMITH"},{"data":"Coolheaded","floor":12,"key":"SMITH"},{"data":"Reinforced Body","floor":15,"key":"SMITH"},{"floor":23,"key":"REST"},{"floor":25,"key":"RECALL"},{"data":"Fission","floor":32,"key":"SMITH"},{"data":"Genetic Algorithm","floor":40,"key":"SMITH"},{"data":"Hologram","floor":42,"key":"SMITH"},{"floor":49,"key":"REST"}],"neow_cost":"PERCENT_DAMAGE","seed_source_timestamp":172467914534175,"circlet_count":0,"master_deck":["AscendersBane","Defend_B","Defend_B","Zap+1","Dualcast","Conserve Battery","Compile Driver","Coolheaded+1","Ball Lightning","Reinforced Body+1","Chill","Ball Lightning","Fission+1","Hologram+1","Genetic Algorithm+1","Static Discharge+1","Machine Learning+1","Double Energy+1","Creative AI+1","Glacier","Coolheaded+1","Self Repair+1","Conserve Battery+1","Buffer+1","Force Field+1","Undo+1","Thinking Ahead","Core Surge"],"relics":["Cracked Core","Thread and Needle","Oddly Smooth Stone","Frozen Egg 2","Centennial Puzzle","Vajra","Red Mask","DataDisk","Matryoshka","Omamori","Pear","Nloth\u0027s Gift","Prayer Wheel","Nuclear Battery","PreservedInsect","Cables","Meat on the Bone","Regal Pillow","Pen Nib","Ice Cream"],"potions_floor_usage":[8,18,22,28,33,38,50,50,50],"damage_taken":[{"damage":7,"enemies":"Small Slimes","floor":1,"turns":3},{"damage":0,"enemies":"2 Louse","floor":3,"turns":3},{"damage":0,"enemies":"Jaw Worm","floor":7,"turns":4},{"damage":2,"enemies":"Lagavulin","floor":8,"turns":7},{"damage":6,"enemies":"Gremlin Nob","floor":13,"turns":3},{"damage":0,"enemies":"Blue Slaver","floor":14,"turns":3},{"damage":0,"enemies":"The Guardian","floor":16,"turns":13},{"damage":0,"enemies":"3 Byrds","floor":18,"turns":3},{"damage":0,"enemies":"Shell Parasite","floor":21,"turns":5},{"damage":2,"enemies":"Masked Bandits","floor":22,"turns":4},{"damage":3,"enemies":"Book of Stabbing","floor":24,"turns":6},{"damage":5,"enemies":"Gremlin Leader","floor":28,"turns":7},{"damage":4,"enemies":"Cultist and Chosen","floor":30,"turns":4},{"damage":2,"enemies":"Book of Stabbing","floor":31,"turns":5},{"damage":61,"enemies":"Champ","floor":33,"turns":16},{"damage":6,"enemies":"3 Shapes","floor":35,"turns":5},{"damage":0,"enemies":"Orb Walker","floor":37,"turns":3},{"damage":3,"enemies":"Writhing Mass","floor":38,"turns":11},{"damage":33,"enemies":"Transient","floor":39,"turns":5},{"damage":11,"enemies":"Giant Head","floor":44,"turns":11},{"damage":3,"enemies":"Reptomancer","floor":48,"turns":10},{"damage":34,"enemies":"Donu and Deca","floor":50,"turns":11}],"seed_played":"2388464825284245013","potions_obtained":[{"floor":3,"key":"Weak Potion"},{"floor":8,"key":"LiquidBronze"},{"floor":13,"key":"Ancient Potion"},{"floor":21,"key":"Poison Potion"},{"floor":22,"key":"Weak Potion"},{"floor":28,"key":"SneckoOil"},{"floor":31,"key":"EssenceOfSteel"},{"floor":33,"key":"Weak Potion"},{"floor":38,"key":"Fruit Juice"},{"floor":39,"key":"EssenceOfSteel"},{"floor":48,"key":"PowerPotion"}],"is_trial":false,"path_per_floor":["M","?","M","?","$","R","M","E","T","?","?","R","E","M","R","B",null,"M","?","?","M","?","R","E","R","T","$","E","?","M","E","R","B",null,"M","?","M","M","M","R","?","R","T","E","?","?","$","E","R","B",null],"character_chosen":"DEFECT","items_purchased":["Thread and Needle","Coolheaded","Omamori","Regal Pillow","SpeedPotion","Pen Nib","Thinking Ahead"],"campfire_rested":2,"item_purchase_floors":[5,5,27,47,47,47,47],"current_hp_per_floor":[43,43,43,43,43,43,43,41,41,34,34,34,28,28,28,28,59,59,59,59,59,57,69,66,66,66,66,71,71,67,65,65,4,60,54,54,54,66,43,43,43,43,43,42,37,37,37,56,84,60],"gold":252,"neow_bonus":"TWO_FIFTY_GOLD","is_prod":false,"is_daily":false,"chose_seed":false,"campfire_upgraded":6,"win_rate":0,"timestamp":1570473055,"path_taken":["M","?","M","?","$","R","M","E","T","?","?","R","E","?","R","BOSS","M","?","?","M","?","R","E","R","T","$","E","?","M","E","R","BOSS","M","?","M","?","M","R","?","R","T","E","?","?","?","E","R","BOSS"],"build_version":"2019-07-17","purchased_purges":2,"victory":true,"max_hp_per_floor":[75,69,69,69,69,69,69,69,69,69,69,69,69,69,69,69,69,69,69,69,69,69,69,69,69,69,69,79,79,79,79,79,79,79,79,79,79,84,84,84,84,84,84,84,84,84,84,84,84,84],"card_choices":[{"not_picked":["Go for the Eyes","Sweeping Beam"],"picked":"Conserve Battery","floor":1},{"not_picked":["Redo","Leap"],"picked":"Compile Driver","floor":3},{"not_picked":["Buffer","Rip and Tear"],"picked":"Ball Lightning","floor":7},{"not_picked":["Conserve Battery","Chaos"],"picked":"Reinforced Body","floor":8},{"not_picked":["Go for the Eyes","Leap"],"picked":"Chill","floor":13},{"not_picked":["Beam Cell","Aggregate"],"picked":"Ball Lightning","floor":14},{"not_picked":["Meteor Strike","Multi-Cast"],"picked":"Fission","floor":16},{"not_picked":["Redo","BootSequence","Force Field"],"picked":"SKIP","floor":18},{"not_picked":["Hologram","Barrage"],"picked":"Genetic Algorithm","floor":21},{"not_picked":["Cold Snap","Beam Cell"],"picked":"Static Discharge+1","floor":24},{"not_picked":["Go for the Eyes","Sweeping Beam"],"picked":"Machine Learning+1","floor":28},{"not_picked":["Steam Power+1","Go for the Eyes+1","Ball Lightning"],"picked":"SKIP","floor":30},{"not_picked":["Hologram","Steam Power"],"picked":"Double Energy+1","floor":31},{"not_picked":["Multi-Cast","Buffer+1"],"picked":"Creative AI+1","floor":33},{"not_picked":["Coolheaded","Turbo"],"picked":"Glacier","floor":35},{"not_picked":["Amplify","Doom and Gloom+1"],"picked":"Coolheaded+1","floor":35},{"not_picked":["Sweeping Beam+1","Compile Driver+1"],"picked":"Self Repair+1","floor":37},{"not_picked":["Cold Snap+1","Beam Cell","Undo"],"picked":"SKIP","floor":37},{"not_picked":["Go for the Eyes","Cold Snap+1"],"picked":"Conserve Battery+1","floor":38},{"not_picked":["Double Energy+1","Rebound","Barrage+1"],"picked":"SKIP","floor":38},{"not_picked":["Stack+1","Go for the Eyes+1"],"picked":"Buffer+1","floor":39},{"not_picked":["Compile Driver+1","Barrage"],"picked":"Force Field+1","floor":39},{"not_picked":["Auto Shields+1","Scrape"],"picked":"Undo+1","floor":44},{"not_picked":["Multi-Cast","Rainbow"],"picked":"Core Surge","floor":48}],"player_experience":366251,"relics_obtained":[{"floor":8,"key":"Oddly Smooth Stone"},{"floor":9,"key":"Frozen Egg 2"},{"floor":13,"key":"Vajra"},{"floor":22,"key":"Red Mask"},{"floor":24,"key":"DataDisk"},{"floor":26,"key":"Matryoshka"},{"floor":28,"key":"Pear"},{"floor":31,"key":"Prayer Wheel"},{"floor":43,"key":"PreservedInsect"},{"floor":43,"key":"Cables"},{"floor":44,"key":"Meat on the Bone"},{"floor":48,"key":"Ice Cream"}],"event_choices":[{"damage_healed":0,"gold_gain":0,"player_choice":"Lose Max HP","damage_taken":0,"relics_obtained":["Golden Idol"],"max_hp_gain":0,"max_hp_loss":6,"event_name":"Golden Idol","floor":2,"gold_loss":0},{"cards_removed":["Strike_B"],"damage_healed":0,"gold_gain":0,"player_choice":"Forget","damage_taken":0,"max_hp_gain":0,"max_hp_loss":0,"event_name":"Living Wall","floor":4,"gold_loss":0},{"cards_removed":["Strike_B"],"damage_healed":0,"gold_gain":0,"player_choice":"Card Removal","damage_taken":7,"max_hp_gain":0,"max_hp_loss":0,"event_name":"Golden Wing","floor":10,"gold_loss":0},{"damage_healed":0,"gold_gain":0,"player_choice":"Searched \u00272\u0027 times","damage_taken":0,"relics_obtained":["Centennial Puzzle"],"max_hp_gain":0,"max_hp_loss":0,"event_name":"Dead Adventurer","floor":11,"gold_loss":0},{"cards_removed":["Strike_B"],"damage_healed":0,"gold_gain":0,"player_choice":"Gave Gold","damage_taken":0,"max_hp_gain":0,"max_hp_loss":0,"event_name":"Beggar","floor":19,"gold_loss":75},{"damage_healed":0,"gold_gain":0,"cards_transformed":["Strike_B","Defend_B"],"player_choice":"Became Test Subject","damage_taken":0,"max_hp_gain":0,"max_hp_loss":0,"event_name":"Drug Dealer","floor":20,"gold_loss":0,"cards_obtained":["Blizzard","Hologram"]},{"damage_healed":0,"gold_gain":0,"player_choice":"Fought Bandits","damage_taken":0,"max_hp_gain":0,"max_hp_loss":0,"event_name":"Masked Bandits","floor":22,"gold_loss":0},{"damage_healed":0,"gold_gain":0,"player_choice":"Traded Relic","damage_taken":0,"relics_obtained":["Nloth\u0027s Gift"],"max_hp_gain":0,"max_hp_loss":0,"event_name":"N\u0027loth","floor":29,"relics_lost":["Fusion Hammer"],"gold_loss":0},{"damage_healed":0,"gold_gain":0,"player_choice":"Ignored","damage_taken":0,"max_hp_gain":0,"max_hp_loss":0,"event_name":"SecretPortal","floor":36,"gold_loss":0},{"damage_healed":0,"gold_gain":0,"player_choice":"Ignored","damage_taken":0,"max_hp_gain":0,"max_hp_loss":0,"event_name":"Mysterious Sphere","floor":41,"gold_loss":0},{"damage_healed":0,"gold_gain":0,"player_choice":"Memory 2","damage_taken":5,"max_hp_gain":0,"max_hp_loss":0,"event_name":"SensoryStone","floor":45,"gold_loss":0},{"damage_healed":0,"gold_gain":333,"player_choice":"Gave Idol","damage_taken":0,"max_hp_gain":0,"max_hp_loss":0,"event_name":"The Moai Head","floor":46,"relics_lost":["Golden Idol"],"gold_loss":0}],"is_beta":false,"boss_relics":[{"not_picked":["Tiny House","Runic Dome"],"picked":"Fusion Hammer"},{"not_picked":["Eternal Feather","White Beast Statue"],"picked":"Nuclear Battery"}],"items_purged_floors":[27,47],"is_endless":false,"potions_floor_spawned":[3,8,13,21,22,28,31,33,38,39,48],"ascension_level":10}