{"gold_per_floor":[114,114,126,51,51,84,84,100,151,213,213,213,224,252,252,349,349,360,39,39,139,154,154,169,169,169,28,55,55,87,103,103,103],"floor_reached":33,"playtime":3971,"items_purged":["Strike_G","Strike_G"],"score":506,"play_id":"c7b6e005-73ff-42e9-a647-a95f710b77b7","local_time":"20181212144200","is_ascension_mode":true,"campfire_choices":[{"data":"Neutralize","floor":7,"key":"SMITH"},{"floor":11,"key":"REST"},{"floor":15,"key":"REST"},{"data":"Leg Sweep","floor":23,"key":"SMITH"},{"data":"Blade Dance","floor":25,"key":"SMITH"},{"floor":29,"key":"REST"},{"data":"Footwork","floor":32,"key":"SMITH"}],"neow_cost":"NONE","seed_source_timestamp":2557384385570,"circlet_count":0,"master_deck":["AscendersBane","Defend_G","Defend_G","Defend_G","Defend_G","Defend_G","Strike_G","Strike_G","Survivor","Neutralize+1","Sucker Punch","Dagger Spray","Blade Dance+1","Terror","Dagger Throw","Quick Slash","Adrenaline","Cloak And Dagger","Leg Sweep+1","Necronomicurse","PiercingWail+1","Footwork+1","Blur","Escape Plan","Prepared"],"relics":["Ring of the Snake","NeowsBlessing","Art of War","Vajra","Lantern","Anchor","Pantograph","Runic Dome","Oddly Smooth Stone","Necronomicon","Blood Vial","Gambling Chip"],"potions_floor_usage":[10,10,16,28],"damage_taken":[{"damage":0,"enemies":"2 Louse","floor":1,"turns":1},{"damage":0,"enemies":"Cultist","floor":3,"turns":1},{"damage":0,"enemies":"Lagavulin","floor":6,"turns":1},{"damage":4,"enemies":"Jaw Worm","floor":8,"turns":4},{"damage":34,"enemies":"Lagavulin Event","floor":10,"turns":7},{"damage":8,"enemies":"Looter","floor":13,"turns":3},{"damage":22,"enemies":"3 Sentries","floor":14,"turns":10},{"damage":4,"enemies":"Slime Boss","floor":16,"turns":7},{"damage":3,"enemies":"2 Thieves","floor":18,"turns":3},{"damage":9,"enemies":"Spheric Guardian","floor":22,"turns":4},{"damage":12,"enemies":"Cultist and Chosen","floor":24,"turns":8},{"damage":15,"enemies":"Slavers","floor":28,"turns":7},{"damage":12,"enemies":"Book of Stabbing","floor":30,"turns":7},{"damage":0,"enemies":"Snecko","floor":31,"turns":3},{"damage":70,"enemies":"Automaton","floor":33,"turns":12}],"seed_played":"1813016878751782714","potions_obtained":[{"floor":1,"key":"Energy Potion"},{"floor":2,"key":"Weak Potion"},{"floor":14,"key":"Dexterity Potion"},{"floor":18,"key":"Fire Potion"},{"floor":22,"key":"SteroidPotion"},{"floor":28,"key":"Energy Potion"}],"is_trial":false,"path_per_floor":["M","?","M","$","?","E","R","M","T","?","R","?","M","E","R","B",null,"M","$","?","?","M","R","M","R","T","$","E","R","E","M","R","B"],"character_chosen":"THE_SILENT","items_purchased":["Oddly Smooth Stone","Leg Sweep","Footwork","Blur"],"campfire_rested":3,"item_purchase_floors":[19,19,27,27],"current_hp_per_floor":[63,63,63,63,56,56,56,52,52,18,39,39,31,9,30,51,65,62,62,46,46,37,37,25,25,25,25,10,31,21,23,23,0],"gold":103,"neow_bonus":"THREE_ENEMY_KILL","is_prod":false,"is_daily":false,"chose_seed":false,"campfire_upgraded":4,"win_rate":0,"timestamp":1544622120,"path_taken":["M","?","?","$","?","E","R","M","T","?","R","?","M","E","R","BOSS","M","$","?","?","?","R","M","R","T","$","E","R","E","M","R","BOSS"],"build_version":"2018-12-06","purchased_purges":2,"victory":false,"max_hp_per_floor":[70,70,70,70,70,70,70,70,70,70,70,70,70,70,70,70,70,70,70,70,70,70,70,70,70,70,70,70,70,70,70,70,70],"card_choices":[{"not_picked":["Escape Plan","Outmaneuver"],"picked":"Sucker Punch","floor":1},{"not_picked":["Masterful Stab","Poisoned Stab"],"picked":"Dagger Spray","floor":3},{"not_picked":["Bouncing Flask","Caltrops","Reflex"],"picked":"SKIP","floor":6},{"not_picked":["Dodge and Roll","Crippling Poison"],"picked":"Blade Dance","floor":8},{"not_picked":["Corpse Explosion","Leg Sweep"],"picked":"Terror","floor":10},{"not_picked":["Deflect","Acrobatics"],"picked":"Dagger Throw","floor":13},{"not_picked":["Flechettes","Backflip"],"picked":"Quick Slash","floor":14},{"not_picked":["Doppelganger","Die Die Die"],"picked":"Adrenaline","floor":16},{"not_picked":["Outmaneuver","Blade Dance"],"picked":"Cloak And Dagger","floor":18},{"not_picked":["Bane","Backflip","Distraction"],"picked":"SKIP","floor":22},{"not_picked":["Deadly Poison","Underhanded Strike"],"picked":"PiercingWail+1","floor":24},{"not_picked":["Catalyst","Poisoned Stab","Venomology"],"picked":"SKIP","floor":28},{"not_picked":["Skewer","Caltrops"],"picked":"Escape Plan","floor":30},{"not_picked":["Poisoned Stab","Acrobatics"],"picked":"Prepared","floor":31}],"player_experience":325694,"relics_obtained":[{"floor":6,"key":"Vajra"},{"floor":9,"key":"Lantern"},{"floor":10,"key":"Anchor"},{"floor":14,"key":"Pantograph"},{"floor":20,"key":"Necronomicon"},{"floor":28,"key":"Blood Vial"},{"floor":30,"key":"Gambling Chip"}],"event_choices":[{"damage_healed":0,"gold_gain":0,"player_choice":"Got Potions","damage_taken":0,"max_hp_gain":0,"max_hp_loss":0,"event_name":"Lab","floor":2,"gold_loss":0},{"damage_healed":0,"gold_gain":0,"player_choice":"Success","damage_taken":7,"relics_obtained":["Art of War"],"max_hp_gain":0,"max_hp_loss":0,"event_name":"Scrap Ooze","floor":5,"gold_loss":0},{"damage_healed":0,"gold_gain":0,"player_choice":"Searched \u00271\u0027 times","damage_taken":0,"max_hp_gain":0,"max_hp_loss":0,"event_name":"Dead Adventurer","floor":10,"gold_loss":0},{"cards_removed":["Strike_G"],"damage_healed":0,"gold_gain":0,"player_choice":"Forget","damage_taken":0,"max_hp_gain":0,"max_hp_loss":0,"event_name":"Living Wall","floor":12,"gold_loss":0},{"damage_healed":0,"gold_gain":0,"player_choice":"Obtained Book","damage_taken":16,"max_hp_gain":0,"max_hp_loss":0,"event_name":"Cursed Tome","floor":20,"gold_loss":0},{"damage_healed":0,"gold_gain":100,"player_choice":"Pray","damage_taken":0,"max_hp_gain":0,"max_hp_loss":0,"event_name":"Golden Shrine","floor":21,"gold_loss":0}],"is_beta":false,"boss_relics":[{"not_picked":["HoveringKite","Lizard Tail"],"picked":"Runic Dome"}],"items_purged_floors":[4,19],"is_endless":false,"potions_floor_spawned":[1,3,6,14,18,22,28],"killed_by":"Automaton","ascension_level":12}