{"gold_per_floor":[119,131,149,164,181,215,215,245,269,269,279,279,314,334,334,412,412,430,54,66,66,77,77,123,123,197,217,142,142,142,152,152,152],"floor_reached":33,"playtime":1574,"items_purged":[],"score":538,"play_id":"d0807bac-dadb-48d8-b2e9-6b133a34a0ef","local_time":"20191006024026","is_ascension_mode":true,"campfire_choices":[{"floor":7,"key":"REST"},{"data":"Choke","floor":10,"key":"SMITH"},{"data":"Neutralize","floor":12,"key":"SMITH"},{"floor":15,"key":"REST"},{"data":"A Thousand Cuts","floor":23,"key":"SMITH"},{"data":"Blur","floor":25,"key":"SMITH"},{"data":"Backflip","floor":29,"key":"SMITH"},{"floor":32,"key":"REST"}],"neow_cost":"NONE","seed_source_timestamp":2005803894907400,"circlet_count":0,"master_deck":["AscendersBane","Strike_G","Strike_G","Strike_G","Strike_G","Defend_G","Defend_G","Defend_G","Defend_G","Defend_G","Survivor","Neutralize+1","Choke+1","Riddle With Holes","Masterful Stab","Deadly Poison","Blur+1","Backflip+1","A Thousand Cuts+1","Apotheosis","Terror","Noxious Fumes+1","Skewer"],"relics":["Snecko Eye","Blood Vial","Meat on the Bone","Art of War","MealTicket","Runic Dome","Juzu Bracelet","Strawberry","Frozen Egg 2"],"potions_floor_usage":[5,8,13,16,27,31],"damage_taken":[{"damage":0,"enemies":"Cultist","floor":1,"turns":4},{"damage":4,"enemies":"Jaw Worm","floor":2,"turns":3},{"damage":0,"enemies":"Small Slimes","floor":3,"turns":2},{"damage":4,"enemies":"2 Fungi Beasts","floor":4,"turns":3},{"damage":6,"enemies":"Large Slime","floor":5,"turns":3},{"damage":32,"enemies":"Gremlin Nob","floor":6,"turns":4},{"damage":12,"enemies":"Lagavulin","floor":8,"turns":6},{"damage":0,"enemies":"Blue Slaver","floor":11,"turns":3},{"damage":20,"enemies":"3 Sentries","floor":13,"turns":7},{"damage":6,"enemies":"Looter","floor":14,"turns":2},{"damage":20,"enemies":"The Guardian","floor":16,"turns":11},{"damage":7,"enemies":"3 Byrds","floor":18,"turns":4},{"damage":3,"enemies":"Spheric Guardian","floor":20,"turns":4},{"damage":14,"enemies":"Centurion and Healer","floor":22,"turns":7},{"damage":4,"enemies":"Cultist and Chosen","floor":27,"turns":5},{"damage":7,"enemies":"3 Cultists","floor":31,"turns":6},{"damage":85,"enemies":"Champ","floor":33,"turns":11}],"seed_played":"-5825543699275169654","potions_obtained":[{"floor":1,"key":"Dexterity Potion"},{"floor":3,"key":"SkillPotion"},{"floor":5,"key":"Energy Potion"},{"floor":11,"key":"SkillPotion"},{"floor":14,"key":"Dexterity Potion"},{"floor":20,"key":"Swift Potion"},{"floor":27,"key":"LiquidBronze"}],"is_trial":false,"path_per_floor":["M","M","M","M","M","E","R","E","T","R","M","R","E","M","R","B",null,"M","$","M","?","M","R","T","R","T","M","?","R","?","M","R","B"],"character_chosen":"THE_SILENT","items_purchased":["Apotheosis","Juzu Bracelet"],"campfire_rested":3,"item_purchase_floors":[19,19],"current_hp_per_floor":[59,55,55,51,45,13,32,22,22,22,36,36,30,38,57,39,59,54,66,63,63,51,51,58,58,58,56,56,56,35,42,65,0],"gold":152,"neow_bonus":"BOSS_RELIC","is_prod":false,"is_daily":false,"chose_seed":false,"campfire_upgraded":5,"win_rate":0,"timestamp":1570354826,"path_taken":["M","M","?","M","M","E","R","E","T","R","M","R","E","M","R","BOSS","M","$","M","?","M","R","?","R","T","M","?","R","?","M","R","BOSS"],"build_version":"2019-10-04","purchased_purges":0,"victory":false,"max_hp_per_floor":[66,66,66,66,66,66,66,66,66,66,66,66,66,66,66,66,66,66,66,66,66,66,66,73,73,73,73,73,73,78,78,78,78],"card_choices":[{"not_picked":["Escape Plan","Reflex"],"picked":"Choke","floor":1},{"not_picked":["Poisoned Stab","Deadly Poison"],"picked":"Riddle With Holes","floor":2},{"not_picked":["Tactician","Skewer"],"picked":"Masterful Stab","floor":3},{"not_picked":["Flechettes","Slice","Dagger Throw"],"picked":"SKIP","floor":4},{"not_picked":["Dagger Throw","Finisher","Concentrate"],"picked":"SKIP","floor":5},{"not_picked":["Sucker Punch","Dodge and Roll"],"picked":"Deadly Poison","floor":6},{"not_picked":["Bane","Flying Knee"],"picked":"Blur","floor":8},{"not_picked":["Underhanded Strike","Blade Dance","Reflex"],"picked":"SKIP","floor":11},{"not_picked":["Dagger Spray","Blade Dance","Setup"],"picked":"SKIP","floor":13},{"not_picked":["Flechettes","Bane"],"picked":"Backflip","floor":14},{"not_picked":["Glass Knife","Burst"],"picked":"A Thousand Cuts","floor":16},{"not_picked":["Bane","Underhanded Strike","Heel Hook"],"picked":"SKIP","floor":18},{"not_picked":["Prepared","Dodge and Roll"],"picked":"Terror","floor":20},{"not_picked":["Deadly Poison+1","Acrobatics"],"picked":"Noxious Fumes+1","floor":22},{"not_picked":["Underhanded Strike","Dagger Spray","Deadly Poison"],"picked":"SKIP","floor":27},{"not_picked":["Finisher+1","Distraction"],"picked":"Skewer","floor":31}],"player_experience":1537113,"relics_obtained":[{"floor":6,"key":"Blood Vial"},{"floor":8,"key":"Meat on the Bone"},{"floor":9,"key":"Art of War"},{"floor":13,"key":"MealTicket"},{"floor":24,"key":"Strawberry"},{"floor":26,"key":"Frozen Egg 2"}],"event_choices":[{"damage_healed":0,"gold_gain":0,"player_choice":"Ignored","damage_taken":0,"max_hp_gain":0,"max_hp_loss":0,"event_name":"Ghosts","floor":21,"gold_loss":0},{"cards_removed":["Strike_G"],"damage_healed":0,"gold_gain":0,"player_choice":"Gave Gold","damage_taken":0,"max_hp_gain":0,"max_hp_loss":0,"event_name":"Beggar","floor":28,"gold_loss":75},{"damage_healed":0,"gold_gain":0,"player_choice":"Shed Blood","damage_taken":26,"max_hp_gain":5,"max_hp_loss":0,"event_name":"Forgotten Altar","floor":30,"gold_loss":0}],"is_beta":true,"boss_relics":[{"not_picked":["Coffee Dripper","Black Star"],"picked":"Runic Dome"}],"items_purged_floors":[],"is_endless":false,"potions_floor_spawned":[1,3,5,6,11,14,20,27],"killed_by":"Champ","ascension_level":20}