{"path_per_floor":["M","M","M","?","M","R","$","R","T","M","M","?","T","E","R","B",null,"M","M","$","?","?","R","M","R","T","?","R","$","R","M","R"],"character_chosen":"IRONCLAD","items_purchased":["Flex","Pen Nib","Berserk","Singing Bowl","Energy Potion"],"gold_per_floor":[368,380,391,466,482,482,207,207,207,225,243,307,359,393,393,493,493,493,493,393,308,308,308,308,308,308,308,308,41,41,41,41,41],"floor_reached":33,"campfire_rested":0,"playtime":1447,"item_purchase_floors":[7,7,29,29,29],"current_hp_per_floor":[71,69,72,61,42,42,42,42,49,48,54,60,60,60,60,12,62,76,67,67,67,52,52,54,54,54,54,54,54,54,86,86,0],"items_purged":["Strike_R","Strike_R"],"gold":41,"score":343,"play_id":"956994fd-d491-4b8f-badb-0e7c294a483c","local_time":"20180604231255","is_prod":false,"is_daily":false,"chose_seed":false,"is_ascension_mode":true,"campfire_upgraded":8,"win_rate":0,"timestamp":1528146775,"campfire_choices":[{"data":"Twin Strike","floor":6,"key":"SMITH"},{"data":"Flex","floor":8,"key":"SMITH"},{"data":"Heavy Blade","floor":15,"key":"SMITH"},{"data":"Bash","floor":23,"key":"SMITH"},{"data":"Offering","floor":25,"key":"SMITH"},{"data":"Rupture","floor":28,"key":"SMITH"},{"data":"Berserk","floor":30,"key":"SMITH"},{"data":"Heavy Blade","floor":32,"key":"SMITH"}],"path_taken":["M","M","M","?","M","R","$","R","T","?","?","?","?","E","R","BOSS","M","M","$","?","?","R","M","R","T","?","R","$","R","?","R","BOSS"],"build_version":"2018-05-31","seed_source_timestamp":483218495832274,"purchased_purges":2,"victory":false,"master_deck":["Strike_R","Strike_R","Strike_R","Defend_R","Defend_R","Defend_R","Bash+1","Twin Strike+1","Heavy Blade+1","Flex+1","Reaper","Shrug It Off","Offering+1","Heavy Blade+1","Rupture+1","Berserk+1"],"max_hp_per_floor":[72,72,72,72,72,72,72,72,79,79,79,79,79,79,79,79,79,79,79,79,79,84,84,84,84,84,84,84,84,84,86,86,86],"relics":["Burning Blood","Pen Nib","Strawberry","Pantograph","Potion Belt","Regal Pillow","Ectoplasm","Bag of Marbles","Gremlin Horn","Singing Bowl"],"card_choices":[{"not_picked":["Sever Soul","Pommel Strike"],"picked":"Twin Strike","floor":1},{"not_picked":["Dual Wield","Clash","Body Slam"],"picked":"SKIP","floor":2},{"not_picked":["Evolve","Thunderclap"],"picked":"Heavy Blade","floor":3},{"not_picked":["Iron Wave","Shrug It Off","Perfected Strike"],"picked":"SKIP","floor":5},{"not_picked":["Clothesline","Fire Breathing"],"picked":"Reaper","floor":10},{"not_picked":["Sever Soul","Body Slam","Second Wind"],"picked":"SKIP","floor":11},{"not_picked":["Clash","Perfected Strike"],"picked":"Shrug It Off","floor":12},{"not_picked":["Wild Strike","Warcry","Iron Wave"],"picked":"SKIP","floor":14},{"not_picked":["Double Tap","Exhume"],"picked":"Offering","floor":16},{"not_picked":["Clothesline","Shrug It Off"],"picked":"Heavy Blade","floor":18},{"not_picked":["Warcry","Reckless Charge+1","Armaments+1"],"picked":"SKIP","floor":19},{"not_picked":["Intimidate","Feel No Pain","Perfected Strike"],"picked":"SKIP","floor":24},{"not_picked":["Second Wind","Seeing Red","Havoc+1"],"picked":"Singing Bowl","floor":31}],"player_experience":257656,"potions_floor_usage":[12,12,14,16,16,16,33,33],"damage_taken":[{"damage":7,"enemies":"Jaw Worm","floor":1,"turns":3},{"damage":8,"enemies":"2 Louse","floor":2,"turns":2},{"damage":1,"enemies":"Cultist","floor":3,"turns":3},{"damage":25,"enemies":"Lots of Slimes","floor":5,"turns":6},{"damage":7,"enemies":"Looter","floor":10,"turns":3},{"damage":12,"enemies":"3 Louse","floor":11,"turns":2},{"damage":24,"enemies":"3 Sentries","floor":12,"turns":6},{"damage":10,"enemies":"Gremlin Nob","floor":14,"turns":3},{"damage":97,"enemies":"Hexaghost","floor":16,"turns":15},{"damage":4,"enemies":"Chosen","floor":18,"turns":3},{"damage":19,"enemies":"3 Byrds","floor":19,"turns":5},{"damage":4,"enemies":"Centurion and Healer","floor":24,"turns":1},{"damage":1,"enemies":"3 Cultists","floor":31,"turns":3},{"damage":95,"enemies":"Champ","floor":33,"turns":7}],"relics_obtained":[{"floor":9,"key":"Strawberry"},{"floor":12,"key":"Pantograph"},{"floor":13,"key":"Potion Belt"},{"floor":14,"key":"Regal Pillow"},{"floor":26,"key":"Gremlin Horn"}],"event_choices":[{"event_name":"World of Goop","player_choice":"Gather Gold","floor":4,"damage_taken":0},{"event_name":"Dead Adventurer","player_choice":"Searched \u00271\u0027 times","floor":12,"damage_taken":0},{"event_name":"Addict","player_choice":"Obtained Relic","floor":21,"damage_taken":0},{"event_name":"Forgotten Altar","player_choice":"Shed Blood","floor":22,"damage_taken":0},{"event_name":"Transmorgrifier","player_choice":"Transform","floor":27,"damage_taken":0}],"boss_relics":[{"not_picked":["Black Blood","Eternal Feather"],"picked":"Ectoplasm"}],"items_purged_floors":[7,20],"potions_floor_spawned":[3,10,11,12,12,14,31],"seed_played":"-2529580019055611089","killed_by":"Champ","ascension_level":8,"potions_obtained":[{"floor":3,"key":"Poison Potion"},{"floor":10,"key":"EssenceOfSteel"},{"floor":11,"key":"Dexterity Potion"},{"floor":12,"key":"Poison Potion"},{"floor":12,"key":"Dexterity Potion"},{"floor":14,"key":"Weak Potion"},{"floor":31,"key":"SkillPotion"}],"is_trial":false}