{"path_per_floor":["M","$","M","?","M","E","R","M","T","M","?","R","M","$","R","B",null,"M","M","$","M","M","E","M","R","T","M","?","$","?","?","R","B",null,"M","$","M","M","?","E","R","E","T","?","$","M","T","$","R","B"],"character_chosen":"THE_SILENT","items_purchased":["Noxious Fumes","Snake Skull","Accuracy","Block Potion","Cloak And Dagger","Ancient Tea Set","Regal Pillow"],"gold_per_floor":[119,44,63,63,83,127,127,141,141,157,257,257,271,53,53,184,184,198,213,33,48,62,103,127,127,127,148,148,97,97,97,97,195,195,213,161,179,194,194,219,219,244,300,300,8,19,19,19,19,19],"floor_reached":51,"campfire_rested":4,"playtime":4723,"current_hp_per_floor":[63,63,61,46,46,51,51,51,51,40,40,40,33,33,51,38,63,60,36,36,34,29,18,2,20,20,4,4,4,25,25,43,38,63,63,63,63,58,58,51,51,9,19,19,19,35,35,35,63,23],"items_purged":["Strike_G","Strike_G"],"gold":19,"score":632,"play_id":"9223db3a-878c-464a-b01d-1adc34c97629","is_prod":false,"is_daily":false,"is_ascension_mode":true,"campfire_upgraded":3,"path_taken":["M","$","M","?","?","E","R","M","T","M","?","R","M","$","R","BOSS","M","M","$","M","M","E","M","R","T","M","?","?","?","?","R","BOSS","M","$","M","M","?","E","R","E","T","?","$","M","?","?","R","BOSS"],"build_version":"2018-02-15-PROD1","purchased_purges":4,"victory":true,"master_deck":["Defend_G","Defend_G","Defend_G","Defend_G","Survivor","Neutralize","Footwork+1","Noxious Fumes+1","Outmaneuver","Catalyst","Escape Plan","Cloak And Dagger","Envenom+1","Accuracy","Escape Plan+1","Catalyst","Backflip+1","Skewer+1","Malaise+1","Escape Plan+1","Cloak And Dagger","Cloak And Dagger+1"],"max_hp_per_floor":[63,63,63,63,63,63,63,63,63,63,63,63,63,63,63,63,63,63,63,63,63,63,63,63,63,63,63,63,63,63,63,63,63,63,63,63,63,63,63,63,63,63,63,63,63,63,63,63,63,63],"relics":["Ring of the Snake","Bloody Idol","Oddly Smooth Stone","Juzu Bracelet","Snake Skull","Velvet Choker","Blood Vial","Calipers","Astrolabe","Letter Opener","Mummified Hand","Tiny Chest","Ancient Tea Set","Regal Pillow","Thread and Needle"],"card_choices":[{"not_picked":["Setup","Dash"],"picked":"Footwork"},{"not_picked":["Bane","Deflect"],"picked":"Outmaneuver"},{"not_picked":["Slice","Masterful Stab"],"picked":"Terror"},{"not_picked":["Bane","Quick Slash"],"picked":"Catalyst"},{"not_picked":["Dash","Quick Slash"],"picked":"Escape Plan"},{"not_picked":["Dagger Spray","Quick Slash"],"picked":"Cloak And Dagger"},{"not_picked":["Corpse Explosion","Burst"],"picked":"Envenom"},{"not_picked":["Flechettes","Dagger Spray"],"picked":"Caltrops"},{"not_picked":["Outmaneuver","Sucker Punch"],"picked":"Escape Plan"},{"not_picked":["Sucker Punch","Terror"],"picked":"Catalyst"},{"not_picked":["Deflect","Dagger Throw"],"picked":"Backflip"},{"not_picked":["Underhanded Strike","Expertise"],"picked":"Cloak And Dagger"}],"player_experience":171040,"potions_floor_usage":[6,21,23,27,38,42,46,50],"damage_taken":[{"damage":0,"enemies":"2 Louse","floor":1,"turns":2},{"damage":2,"enemies":"Small Slimes","floor":3,"turns":5},{"damage":0,"enemies":"Cultist","floor":5,"turns":5},{"damage":10,"enemies":"Lagavulin","floor":6,"turns":9},{"damage":0,"enemies":"Looter","floor":8,"turns":4},{"damage":11,"enemies":"Exordium Thugs","floor":10,"turns":5},{"damage":7,"enemies":"Large Slime","floor":13,"turns":10},{"damage":13,"enemies":"Slime Boss","floor":16,"turns":12},{"damage":3,"enemies":"Shell Parasite","floor":18,"turns":7},{"damage":24,"enemies":"3 Byrds","floor":19,"turns":5},{"damage":2,"enemies":"Snake Plant","floor":21,"turns":5},{"damage":5,"enemies":"Centurion and Healer","floor":22,"turns":6},{"damage":11,"enemies":"Gremlin Leader","floor":23,"turns":6},{"damage":18,"enemies":"Cultist and Chosen","floor":24,"turns":9},{"damage":18,"enemies":"Snake Plant","floor":27,"turns":6},{"damage":12,"enemies":"Automaton","floor":33,"turns":9},{"damage":0,"enemies":"3 Darklings","floor":35,"turns":6},{"damage":0,"enemies":"3 Shapes","floor":37,"turns":6},{"damage":10,"enemies":"3 Darklings","floor":38,"turns":6},{"damage":14,"enemies":"Nemesis","floor":40,"turns":10},{"damage":49,"enemies":"2 Orb Walkers","floor":42,"turns":6},{"damage":6,"enemies":"Maw","floor":46,"turns":7},{"damage":40,"enemies":"Donu and Deca","floor":50,"turns":10}],"event_choices":[{"event_name":"Golden Idol","player_choice":"Take Damage","floor":4,"damage_taken":0},{"event_name":"Golden Shrine","player_choice":"Pray","floor":11,"damage_taken":0},{"event_name":"Forgotten Altar","player_choice":"Gave Idol","floor":28,"damage_taken":0},{"event_name":"The Library","player_choice":"Heal","floor":30,"damage_taken":0},{"event_name":"Purifier","player_choice":"One Purge","floor":31,"damage_taken":0},{"event_name":"Tomb of Lord Red Mask","player_choice":"Ignored","floor":39,"damage_taken":0},{"event_name":"Mysterious Sphere","player_choice":"Ignore","floor":44,"damage_taken":0}],"boss_relics":[{"not_picked":["White Beast Statue","Pandora\u0027s Box"],"picked":"Velvet Choker"},{"not_picked":["Cursed Key","Orrery"],"picked":"Astrolabe"}],"potions_floor_spawned":[1,3,10,13,18,24,33,42],"seed_played":"-16536024317249839","ascension_level":4,"is_trial":false}