{"gold_per_floor":[215,215,215,230,38,38,38,38,65,77,77,2,18,79,79,174,174,188,188,199,209,227,242,242,277,277,277,292,306,306,317,317,412,412,428,428,444,454,454,486,486,499,525,525,540,640,118,118,118,118,118,118,70,70],"floor_reached":54,"playtime":3734,"items_purged":["Strike_B","Defend_B"],"score":785,"play_id":"d888cc0a-39e0-4167-8e74-20ffaacf234b","local_time":"20190831001616","is_ascension_mode":true,"campfire_choices":[{"data":"Streamline","floor":6.0,"key":"SMITH"},{"data":"Self Repair","floor":8.0,"key":"SMITH"},{"data":"Dualcast","floor":11.0,"key":"SMITH"},{"data":"Scrape","floor":15.0,"key":"SMITH"},{"data":"Go for the Eyes","floor":24.0,"key":"SMITH"},{"data":"Reboot","floor":27.0,"key":"SMITH"},{"data":"Echo Form","floor":30.0,"key":"SMITH"},{"floor":32.0,"key":"REST"},{"data":"Buffer","floor":41,"key":"SMITH"},{"floor":44,"key":"RECALL"},{"data":"Madness","floor":49,"key":"SMITH"},{"data":"Glacier","floor":52,"key":"SMITH"}],"neow_cost":"NONE","seed_source_timestamp":0,"circlet_count":0,"master_deck":["Strike_B+1","Defend_B+1","Defend_B+1","Zap+1","Dualcast+1","Gash","Streamline+1","Self Repair+1","Scrape+1","FTL","Reboot+1","Go for the Eyes+1","Gash","Gash","Go for the Eyes+1","Glacier+1","Echo Form+1","Genetic Algorithm","Buffer+1","BootSequence+1","Leap+1","Madness+1","Madness","Beam Cell+1","Glacier+1","Secret Technique"],"special_seed":0,"relics":["Cracked Core","Oddly Smooth Stone","War Paint","Empty Cage","Nloth\u0027s Gift","Dream Catcher","Incense Burner","Runic Pyramid","Blue Candle","Turnip","Runic Capacitor"],"potions_floor_usage":[40,54],"damage_taken":[{"damage":4.0,"enemies":"2 Louse","floor":1.0,"turns":2.0},{"damage":7.0,"enemies":"Jaw Worm","floor":4.0,"turns":3.0},{"damage":0.0,"enemies":"Small Slimes","floor":10.0,"turns":1.0},{"damage":8.0,"enemies":"Blue Slaver","floor":13.0,"turns":3.0},{"damage":0.0,"enemies":"Gremlin Nob","floor":14.0,"turns":2.0},{"damage":30.0,"enemies":"The Guardian","floor":16.0,"turns":7.0},{"damage":2.0,"enemies":"Spheric Guardian","floor":18.0,"turns":3.0},{"damage":2.0,"enemies":"Shell Parasite","floor":20.0,"turns":3.0},{"damage":16.0,"enemies":"Shelled Parasite and Fungi","floor":21.0,"turns":4.0},{"damage":2.0,"enemies":"Cultist and Chosen","floor":22.0,"turns":3.0},{"damage":8.0,"enemies":"Chosen and Byrds","floor":23.0,"turns":4.0},{"damage":38.0,"enemies":"Book of Stabbing","floor":25.0,"turns":4.0},{"damage":7.0,"enemies":"3 Cultists","floor":28.0,"turns":4.0},{"damage":16.0,"enemies":"Sentry and Sphere","floor":29.0,"turns":4.0},{"damage":18.0,"enemies":"Snake Plant","floor":31.0,"turns":3.0},{"damage":29.0,"enemies":"Collector","floor":33.0,"turns":8.0},{"damage":31,"enemies":"3 Darklings","floor":35,"turns":6},{"damage":5,"enemies":"3 Shapes","floor":37,"turns":3},{"damage":0,"enemies":"Sphere and 2 Shapes","floor":38,"turns":5},{"damage":27,"enemies":"Giant Head","floor":40,"turns":9},{"damage":18,"enemies":"Jaw Worm Horde","floor":42,"turns":6},{"damage":11,"enemies":"Spire Growth","floor":45,"turns":5},{"damage":1,"enemies":"Mind Bloom Boss Battle","floor":46,"turns":8},{"damage":16,"enemies":"Donu and Deca","floor":50,"turns":14},{"damage":83,"enemies":"Shield and Spear","floor":54,"turns":8}],"seed_played":"-96878510180383242","potions_obtained":[{"floor":4.0,"key":"SpeedPotion"},{"floor":10.0,"key":"SteroidPotion"},{"floor":13.0,"key":"Ancient Potion"},{"floor":18.0,"key":"Explosive Potion"},{"floor":23.0,"key":"FocusPotion"},{"floor":25.0,"key":"Swift Potion"},{"floor":29.0,"key":"AttackPotion"},{"floor":35,"key":"FearPotion"},{"floor":38,"key":"Block Potion"},{"floor":42,"key":"Explosive Potion"}],"is_trial":false,"path_per_floor":["M","?","?","M","$","R","?","R","T","M","R","$","M","?","R","B",null,"M","?","M","M","M","M","R","E","T","R","M","M","R","M","R","B",null,"M","?","M","M","?","E","R","M","T","R","M","?","$","?","R","B",null,"R","$","E"],"character_chosen":"DEFECT","items_purchased":["Self Repair","Scrape","FTL","Runic Capacitor","PowerPotion","Secret Technique","SpeedPotion"],"campfire_rested":1,"item_purchase_floors":[5,5,12,47,47,47,53],"current_hp_per_floor":[71,71,56,49,49,49,37,37,37,37,37,37,39,49,49,29,75,75,75,75,69,75,75,75,47,47,47,40,34,34,26,48,19,75,54,75,75,75,66,49,49,51,51,51,60,75,75,75,75,69,75,75,75,0],"gold":70,"neow_bonus":"HUNDRED_GOLD","is_prod":false,"is_daily":false,"chose_seed":false,"campfire_upgraded":10,"win_rate":0,"timestamp":1567203376,"path_taken":["M","?","?","M","?","R","?","R","T","M","R","$","M","?","R","BOSS","M","?","M","?","M","M","R","E","T","R","M","M","R","M","R","BOSS","BOSS","M","?","M","?","?","E","R","M","T","R","M","?","$","?","R","BOSS","R","$","E"],"build_version":"2019-07-17","purchased_purges":2,"victory":false,"max_hp_per_floor":[75,75,75,75,75,75,75,75,75,75,75,75,75,75,75,75,75,75,75,75,75,75,75,75,75,75,75,75,75,75,75,75,75,75,75,75,75,75,75,75,75,75,75,75,75,75,75,75,75,75,75,75,75,75],"card_choices":[{"not_picked":["Redo","Steam"],"picked":"Gash","floor":1.0},{"not_picked":["Conserve Battery","Sweeping Beam"],"picked":"Streamline","floor":4.0},{"not_picked":["Stack","Turbo","Hello World"],"picked":"SKIP","floor":10.0},{"not_picked":["Redo","Conserve Battery","Stack"],"picked":"SKIP","floor":13.0},{"not_picked":["Multi-Cast","Biased Cognition"],"picked":"Reboot","floor":16.0},{"not_picked":["Ball Lightning+1","Barrage+1"],"picked":"Go for the Eyes+1","floor":18.0},{"not_picked":["Melter","Hologram","Force Field"],"picked":"SKIP","floor":20.0},{"not_picked":["Blizzard","Hologram"],"picked":"Gash","floor":21.0},{"not_picked":["Biased Cognition","Double Energy+1"],"picked":"Gash","floor":22.0},{"not_picked":["Barrage+1","Rip and Tear"],"picked":"Go for the Eyes","floor":23.0},{"not_picked":["Thunder Strike","Electrodynamics"],"picked":"Glacier","floor":25.0},{"not_picked":["Reinforced Body","Hyperbeam","Rebound"],"picked":"SKIP","floor":28.0},{"not_picked":["Self Repair","Streamline+1"],"picked":"Echo Form","floor":29.0},{"not_picked":["Ball Lightning","Conserve Battery"],"picked":"Genetic Algorithm","floor":31.0},{"not_picked":["Seek","Biased Cognition"],"picked":"Buffer","floor":33},{"not_picked":["Hologram+1","Beam Cell"],"picked":"BootSequence+1","floor":35},{"not_picked":["Aggregate","Steam","Ball Lightning"],"picked":"SKIP","floor":37},{"not_picked":["Recycle","Hologram+1"],"picked":"Leap+1","floor":38},{"not_picked":["Multi-Cast","Cold Snap","Rebound"],"picked":"SKIP","floor":40},{"not_picked":["Sunder","Streamline+1"],"picked":"Beam Cell+1","floor":42},{"not_picked":["Go for the Eyes","Rebound+1","Compile Driver"],"picked":"SKIP","floor":45},{"not_picked":["Genetic Algorithm","Cold Snap"],"picked":"Glacier+1","floor":46}],"player_experience":258597,"relics_obtained":[{"floor":9.0,"key":"Bag of Marbles"},{"floor":25.0,"key":"Dream Catcher"},{"floor":26.0,"key":"Incense Burner"},{"floor":40,"key":"Blue Candle"},{"floor":46,"key":"Turnip"}],"event_choices":[{"cards_removed":["Strike_B"],"damage_healed":0.0,"max_hp_gain":0.0,"max_hp_loss":0.0,"gold_gain":0.0,"event_name":"Living Wall","player_choice":"Forget","floor":2.0,"gold_loss":0.0,"damage_taken":0.0},{"damage_healed":0.0,"max_hp_gain":0.0,"max_hp_loss":0.0,"gold_gain":0.0,"event_name":"Shining Light","player_choice":"Entered Light","floor":3.0,"gold_loss":0.0,"damage_taken":15.0,"cards_upgraded":["Strike_B","Zap"]},{"damage_healed":0.0,"max_hp_gain":0.0,"max_hp_loss":0.0,"gold_gain":0.0,"event_name":"Scrap Ooze","player_choice":"Success","floor":7.0,"gold_loss":0.0,"damage_taken":12.0,"relics_obtained":["Oddly Smooth Stone"]},{"damage_healed":0.0,"max_hp_gain":0.0,"max_hp_loss":0.0,"gold_gain":0.0,"event_name":"Dead Adventurer","player_choice":"Searched \u00272\u0027 times","floor":14.0,"gold_loss":0.0,"damage_taken":0.0,"relics_obtained":["War Paint"]},{"damage_healed":0.0,"max_hp_gain":0.0,"max_hp_loss":0.0,"gold_gain":0.0,"event_name":"N\u0027loth","player_choice":"Traded Relic","floor":19.0,"relics_lost":["Bag of Marbles"],"gold_loss":0.0,"damage_taken":0.0,"relics_obtained":["Nloth\u0027s Gift"]},{"damage_healed":21,"gold_gain":0,"player_choice":"Full Heal","damage_taken":0,"max_hp_gain":0,"max_hp_loss":0,"event_name":"Wheel of Change","floor":36,"gold_loss":0},{"damage_healed":0,"gold_gain":0,"player_choice":"Embrace Madness","damage_taken":9,"max_hp_gain":0,"max_hp_loss":0,"event_name":"Winding Halls","floor":39,"gold_loss":0,"cards_obtained":["Madness","Madness"]},{"damage_healed":0,"gold_gain":0,"player_choice":"Fight","damage_taken":0,"max_hp_gain":0,"max_hp_loss":0,"event_name":"MindBloom","floor":46,"gold_loss":0},{"damage_healed":0,"gold_gain":0,"player_choice":"Ignored","damage_taken":0,"max_hp_gain":0,"max_hp_loss":0,"event_name":"Tomb of Lord Red Mask","floor":48,"gold_loss":0}],"is_beta":false,"boss_relics":[{"not_picked":["Lizard Tail","Velvet Choker"],"picked":"Empty Cage"},{"not_picked":["Fusion Hammer","White Beast Statue"],"picked":"Runic Pyramid"}],"items_purged_floors":[5,47],"is_endless":false,"potions_floor_spawned":[4,10,13,18,23,25,29,35,38,42],"killed_by":"Shield and Spear","ascension_level":4}