{"gold_per_floor":[110,35,35,35,35,66,66,94,121,153,170,189,189,208,208,283,283,296,312,227,48,48,48,98,112,112,130,130,130,146,146],"floor_reached":31,"playtime":1646,"items_purged":["Defend_G","Strike_G"],"score":606,"play_id":"c7cc3659-1e87-4470-8105-6d81e7f219bf","local_time":"20190221180053","is_ascension_mode":true,"campfire_choices":[{"data":"Noxious Fumes","floor":7,"key":"SMITH"},{"floor":13,"key":"REST"},{"floor":15,"key":"DIG"},{"floor":23,"key":"REST"},{"floor":29,"key":"REST"}],"neow_cost":"NONE","seed_source_timestamp":604721787305120,"circlet_count":0,"master_deck":["AscendersBane","Defend_G","Defend_G","Defend_G","Defend_G","Strike_G+1","Strike_G","Strike_G+1","Survivor","Neutralize","Noxious Fumes+1","Deadly Poison","Venomology+1","Cloak And Dagger+1","Cloak And Dagger","Infinite Blades","Tools of the Trade","Underhanded Strike","Dodge and Roll","Accuracy","Footwork","Decay","After Image"],"relics":["Ring of the Snake","NeowsBlessing","Pantograph","Art of War","Shovel","Whetstone","Snake Skull","Du-Vu Doll","Cursed Key","War Paint","Singing Bowl"],"potions_floor_usage":[11,12,14,16,18,19,25,25,30,30,31],"damage_taken":[{"damage":0,"enemies":"2 Louse","floor":1,"turns":1},{"damage":0,"enemies":"Lagavulin","floor":6,"turns":1},{"damage":0,"enemies":"Gremlin Nob","floor":8,"turns":1},{"damage":24,"enemies":"3 Sentries","floor":10,"turns":8},{"damage":1,"enemies":"Jaw Worm","floor":11,"turns":3},{"damage":0,"enemies":"Small Slimes","floor":12,"turns":3},{"damage":5,"enemies":"3 Louse","floor":14,"turns":5},{"damage":25,"enemies":"Hexaghost","floor":16,"turns":8},{"damage":17,"enemies":"Shell Parasite","floor":18,"turns":5},{"damage":22,"enemies":"2 Thieves","floor":19,"turns":4},{"damage":30,"enemies":"Shelled Parasite and Fungi","floor":25,"turns":6},{"damage":20,"enemies":"Snecko","floor":27,"turns":6},{"damage":15,"enemies":"Centurion and Healer","floor":30,"turns":6},{"damage":14,"enemies":"Shelled Parasite and Fungi","floor":31,"turns":3}],"seed_played":"2554859990961272802","potions_obtained":[{"floor":6,"key":"Ancient Potion"},{"floor":8,"key":"Dexterity Potion"},{"floor":25,"key":"Energy Potion"}],"is_trial":false,"path_per_floor":["M","$","?","$","?","E","R","E","T","E","M","M","R","M","R","B",null,"M","M","?","$","?","R","?","M","T","M","?","R","M","M"],"character_chosen":"THE_SILENT","items_purchased":["Accuracy"],"campfire_rested":3,"item_purchase_floors":[21],"current_hp_per_floor":[59,59,48,48,48,48,48,48,48,24,23,23,42,37,37,37,59,57,35,35,35,35,54,54,24,24,6,6,26,13,0],"gold":146,"neow_bonus":"THREE_ENEMY_KILL","is_prod":false,"is_daily":false,"chose_seed":false,"campfire_upgraded":1,"win_rate":0,"timestamp":1550768453,"path_taken":["M","$","?","$","?","E","R","E","T","E","M","M","R","M","R","BOSS","M","M","?","$","?","R","?","M","T","M","?","R","M","M"],"build_version":"2019-01-23","purchased_purges":2,"victory":false,"max_hp_per_floor":[66,66,66,66,66,66,66,66,66,66,66,66,66,66,66,66,66,66,66,66,66,66,66,66,66,66,68,68,68,70,70],"card_choices":[{"not_picked":["Quick Slash","Outmaneuver","Calculated Gamble"],"picked":"SKIP","floor":1},{"not_picked":["All Out Attack","Calculated Gamble"],"picked":"Noxious Fumes","floor":6},{"not_picked":["Expertise","Distraction"],"picked":"Deadly Poison","floor":8},{"not_picked":["Dodge and Roll","Poisoned Stab"],"picked":"Venomology","floor":10},{"not_picked":["Flying Knee","Sucker Punch"],"picked":"Cloak And Dagger","floor":11},{"not_picked":["Deadly Poison","Storm of Steel"],"picked":"Cloak And Dagger","floor":12},{"not_picked":["Blade Dance","Dagger Throw"],"picked":"Infinite Blades","floor":14},{"not_picked":["Storm of Steel","Unload"],"picked":"Tools of the Trade","floor":16},{"not_picked":["Poisoned Stab","Riddle With Holes"],"picked":"Underhanded Strike","floor":18},{"not_picked":["Calculated Gamble","Underhanded Strike"],"picked":"Dodge and Roll","floor":19},{"not_picked":["Concentrate","Calculated Gamble"],"picked":"Footwork","floor":25},{"not_picked":["Tactician+1","Setup","Acrobatics"],"picked":"Singing Bowl","floor":27},{"not_picked":["PiercingWail","Underhanded Strike","Choke"],"picked":"Singing Bowl","floor":30}],"player_experience":610321,"relics_obtained":[{"floor":6,"key":"Art of War"},{"floor":8,"key":"Shovel"},{"floor":9,"key":"Whetstone"},{"floor":10,"key":"Snake Skull"},{"floor":15,"key":"Du-Vu Doll"},{"floor":26,"key":"Singing Bowl"}],"event_choices":[{"damage_healed":0,"gold_gain":0,"player_choice":"Success","damage_taken":11,"relics_obtained":["Pantograph"],"max_hp_gain":0,"max_hp_loss":0,"event_name":"Scrap Ooze","floor":3,"gold_loss":0},{"damage_healed":0,"gold_gain":0,"player_choice":"Ignored","damage_taken":0,"max_hp_gain":0,"max_hp_loss":0,"event_name":"Liars Game","floor":5,"gold_loss":0},{"damage_healed":0,"gold_gain":0,"player_choice":"Obtained Relic","damage_taken":0,"relics_obtained":["War Paint"],"max_hp_gain":0,"max_hp_loss":0,"event_name":"Addict","floor":20,"gold_loss":85},{"damage_healed":0,"gold_gain":0,"player_choice":"Ignored","damage_taken":0,"max_hp_gain":0,"max_hp_loss":0,"event_name":"Cursed Tome","floor":22,"gold_loss":0},{"damage_healed":0,"gold_gain":50,"player_choice":"Stole From Cult","damage_taken":0,"max_hp_gain":0,"max_hp_loss":0,"event_name":"Nest","floor":24,"gold_loss":0},{"damage_healed":0,"gold_gain":0,"cards_transformed":["Strike_G"],"player_choice":"Transformed","damage_taken":0,"max_hp_gain":0,"max_hp_loss":0,"event_name":"Transmorgrifier","floor":28,"gold_loss":0,"cards_obtained":["After Image"]}],"is_beta":false,"boss_relics":[{"not_picked":["Ring of the Serpent","Sozu"],"picked":"Cursed Key"}],"items_purged_floors":[2,21],"is_endless":false,"potions_floor_spawned":[6,8,14,25],"killed_by":"Shelled Parasite and Fungi","ascension_level":20}