{"gold_per_floor":[110,185,185,185,185,217,217,232,232,232,252,272,290,304,304,407,407,419,419,306,320,333,333,367,367,367,367],"floor_reached":27,"playtime":1044,"items_purged":["Defend_B"],"score":280,"play_id":"22df70a3-ec9e-4afb-89f2-32cb4043a4bf","local_time":"20181212171044","is_ascension_mode":true,"campfire_choices":[{"data":"Zap","floor":7,"key":"SMITH"},{"floor":10,"key":"REST"},{"floor":15,"key":"REST"},{"data":"Echo Form","floor":23,"key":"SMITH"},{"floor":25,"key":"REST"}],"neow_cost":"NONE","seed_source_timestamp":14414022220951,"circlet_count":0,"master_deck":["Strike_B+1","Strike_B+1","Defend_B","Defend_B","Defend_B","Zap+1","Dualcast","Ball Lightning","Rip and Tear","Go for the Eyes","Loop","Leap","Lockon","Echo Form+1","Compile Driver+1","Hologram","Undo","Redo","Turbo+1","Hologram+1"],"relics":["FrozenCore","Centennial Puzzle","Whetstone","Bottled Flame","Kunai","Sundial"],"potions_floor_usage":[16,18,24,24,27],"damage_taken":[{"damage":2,"enemies":"Jaw Worm","floor":1,"turns":3},{"damage":25,"enemies":"3 Sentries","floor":6,"turns":7},{"damage":7,"enemies":"2 Louse","floor":8,"turns":2},{"damage":0,"enemies":"Cultist","floor":11,"turns":2},{"damage":9,"enemies":"Exordium Thugs","floor":12,"turns":2},{"damage":9,"enemies":"3 Louse","floor":13,"turns":2},{"damage":3,"enemies":"Large Slime","floor":14,"turns":3},{"damage":2,"enemies":"Slime Boss","floor":16,"turns":8},{"damage":17,"enemies":"Shell Parasite","floor":18,"turns":4},{"damage":7,"enemies":"Spheric Guardian","floor":21,"turns":3},{"damage":2,"enemies":"Snecko","floor":22,"turns":5},{"damage":45,"enemies":"Book of Stabbing","floor":24,"turns":7},{"damage":34,"enemies":"Masked Bandits","floor":27,"turns":3}],"seed_played":"7206553387475796671","potions_obtained":[{"floor":6,"key":"Explosive Potion"},{"floor":11,"key":"Energy Potion"},{"floor":12,"key":"Energy Potion"},{"floor":21,"key":"GamblersBrew"},{"floor":24,"key":"Poison Potion"}],"is_trial":false,"path_per_floor":["M","?","?","?","?","E","R","M","T","R","M","M","M","M","R","B",null,"M","?","$","M","M","R","E","R","T","?"],"character_chosen":"DEFECT","items_purchased":["Undo"],"campfire_rested":3,"item_purchase_floors":[20],"current_hp_per_floor":[73,62,62,62,62,37,37,30,30,52,52,43,34,31,53,51,75,58,58,58,51,49,49,4,26,26,0],"gold":367,"neow_bonus":"RANDOM_COMMON_RELIC","is_prod":false,"is_daily":false,"chose_seed":false,"campfire_upgraded":2,"win_rate":0,"timestamp":1544631044,"path_taken":["M","?","?","?","?","E","R","?","T","R","M","M","M","M","R","BOSS","M","?","$","M","M","R","E","R","T","?"],"build_version":"2018-12-06","purchased_purges":1,"victory":false,"max_hp_per_floor":[75,75,75,75,75,75,75,75,75,75,75,75,75,75,75,75,75,75,75,75,75,75,75,75,75,75,75],"card_choices":[{"not_picked":["Go for the Eyes","Rebound"],"picked":"Ball Lightning","floor":1},{"not_picked":["Redo","Compile Driver"],"picked":"Rip and Tear","floor":6},{"not_picked":["Gash","Streamline"],"picked":"Go for the Eyes","floor":8},{"not_picked":["Compile Driver","Barrage"],"picked":"Loop","floor":11},{"not_picked":["Stack","Rip and Tear"],"picked":"Leap","floor":12},{"not_picked":["Recycle","Meteor Strike","Stack"],"picked":"SKIP","floor":13},{"not_picked":["Barrage","Steam"],"picked":"Lockon","floor":14},{"not_picked":["Core Surge","Amplify"],"picked":"Echo Form","floor":16},{"not_picked":["Leap","Ball Lightning+1"],"picked":"Compile Driver+1","floor":18},{"not_picked":["Gash+1","Ball Lightning"],"picked":"Redo","floor":21},{"not_picked":["Tempest","Stack"],"picked":"Turbo+1","floor":22},{"not_picked":["Thunder Strike","Cold Snap+1"],"picked":"Hologram+1","floor":24}],"player_experience":336153,"relics_obtained":[{"floor":6,"key":"Whetstone"},{"floor":9,"key":"Bottled Flame"},{"floor":24,"key":"Kunai"},{"floor":26,"key":"Sundial"}],"event_choices":[{"damage_healed":0,"gold_gain":75,"player_choice":"Gather Gold","damage_taken":11,"max_hp_gain":0,"max_hp_loss":0,"event_name":"World of Goop","floor":2,"gold_loss":0},{"damage_healed":0,"gold_gain":0,"player_choice":"Ignored","damage_taken":0,"max_hp_gain":0,"max_hp_loss":0,"event_name":"Liars Game","floor":3,"gold_loss":0},{"cards_removed":["Strike_B"],"damage_healed":0,"gold_gain":0,"player_choice":"Forget","damage_taken":0,"max_hp_gain":0,"max_hp_loss":0,"event_name":"Living Wall","floor":4,"gold_loss":0},{"cards_removed":["Strike_B"],"damage_healed":0,"gold_gain":0,"player_choice":"Offered Basic","damage_taken":0,"max_hp_gain":0,"max_hp_loss":0,"event_name":"Bonfire Elementals","floor":5,"gold_loss":0},{"damage_healed":0,"gold_gain":0,"player_choice":"Read","damage_taken":0,"max_hp_gain":0,"max_hp_loss":0,"event_name":"The Library","floor":19,"gold_loss":0,"cards_obtained":["Hologram"]},{"damage_healed":0,"gold_gain":0,"player_choice":"Fought Bandits","damage_taken":0,"max_hp_gain":0,"max_hp_loss":0,"event_name":"Masked Bandits","floor":27,"gold_loss":0}],"is_beta":false,"boss_relics":[{"not_picked":["Calling Bell","Lizard Tail"],"picked":"FrozenCore"}],"items_purged_floors":[20],"is_endless":false,"potions_floor_spawned":[6,11,12,14,21,24],"killed_by":"Masked Bandits","ascension_level":4}