{"gold_per_floor":[11,11,11,32,46,81,81,116,116,116],"floor_reached":10,"playtime":1164,"items_purged":[],"score":84,"play_id":"72705c5f-2476-4b0a-a83b-40ceb5e2bd0c","local_time":"20191003100528","is_ascension_mode":true,"campfire_choices":[{"floor":7,"key":"RECALL"}],"neow_cost":"NO_GOLD","seed_source_timestamp":0,"circlet_count":0,"master_deck":["Strike_R","Strike_R","Strike_R","Strike_R","Defend_R","Defend_R","Defend_R","Bash","Dual Wield","True Grit","Warcry","Iron Wave","Flame Barrier","Pommel Strike","Dark Embrace"],"special_seed":0,"relics":["Burning Blood","Golden Idol","Bottled Flame","Du-Vu Doll"],"potions_floor_usage":[6],"damage_taken":[{"damage":19,"enemies":"Small Slimes","floor":1,"turns":5},{"damage":9,"enemies":"Jaw Worm","floor":4,"turns":4},{"damage":5,"enemies":"Cultist","floor":5,"turns":4},{"damage":34,"enemies":"Gremlin Nob","floor":6,"turns":5},{"damage":34,"enemies":"3 Sentries","floor":8,"turns":16},{"damage":10,"enemies":"Lagavulin","floor":10,"turns":5}],"seed_played":"889262725729947705","potions_obtained":[{"floor":5,"key":"Regen Potion"}],"is_trial":false,"path_per_floor":["M","?","?","M","M","E","R","E","T","E"],"character_chosen":"IRONCLAD","items_purchased":[],"campfire_rested":0,"item_purchase_floors":[],"current_hp_per_floor":[67,47,52,49,50,36,36,8,8,0],"gold":116,"neow_bonus":"TRANSFORM_TWO_CARDS","is_prod":false,"is_daily":false,"chose_seed":false,"campfire_upgraded":0,"win_rate":0,"timestamp":1570111528,"path_taken":["M","?","?","M","M","E","R","E","T","E"],"build_version":"2019-07-17","purchased_purges":0,"victory":false,"max_hp_per_floor":[80,80,85,85,85,85,85,85,85,85],"card_choices":[{"not_picked":["Iron Wave","Wild Strike"],"picked":"Warcry","floor":1},{"not_picked":["True Grit","Shockwave"],"picked":"Iron Wave","floor":4},{"not_picked":["Anger","Rupture"],"picked":"Flame Barrier","floor":5},{"not_picked":["Infernal Blade","Sword Boomerang"],"picked":"Pommel Strike","floor":6},{"not_picked":["Thunderclap","Flex"],"picked":"Dark Embrace","floor":8}],"player_experience":197593,"relics_obtained":[{"floor":6,"key":"Bottled Flame"},{"floor":8,"key":"Du-Vu Doll"}],"event_choices":[{"damage_healed":0,"gold_gain":0,"player_choice":"Take Damage","damage_taken":20,"relics_obtained":["Golden Idol"],"max_hp_gain":0,"max_hp_loss":0,"event_name":"Golden Idol","floor":2,"gold_loss":0},{"damage_healed":0,"gold_gain":0,"player_choice":"Donut","damage_taken":0,"max_hp_gain":5,"max_hp_loss":0,"event_name":"Big Fish","floor":3,"gold_loss":0}],"is_beta":false,"boss_relics":[],"items_purged_floors":[],"is_endless":false,"potions_floor_spawned":[5],"killed_by":"Lagavulin","ascension_level":2}