{"path_per_floor":["M","M","?","?","$","R","E","?","T","E","M","R","M","$","R","B",null,"M","M","$","?","T","R"],"character_chosen":"IRONCLAD","items_purchased":["Sword Boomerang","Feed"],"gold_per_floor":[112,130,130,80,5,5,37,112,112,147,163,163,173,50,50,152,152,169,187,45,225,225,225],"floor_reached":24,"campfire_rested":1,"playtime":1337,"current_hp_per_floor":[41,40,33,33,33,57,60,49,49,38,47,47,56,56,56,41,80,72,62,62,38,38,38],"items_purged":["Strike_R","Strike_R"],"gold":225,"score":212,"play_id":"0a9f962a-b77d-4611-9a39-784864fb5080","is_prod":false,"is_daily":false,"is_ascension_mode":true,"campfire_upgraded":3,"path_taken":["M","M","?","?","$","R","E","?","T","E","?","R","M","$","R","BOSS","M","M","$","?","?","R","E"],"build_version":"2018-02-12-PROD1","purchased_purges":3,"victory":false,"master_deck":["Defend_R+1","Defend_R","Defend_R+1","Bash","Headbutt","Cleave","Spot Weakness+1","Headbutt+1","Sword Boomerang","Sword Boomerang","Berserk","Iron Wave","Feed+1"],"max_hp_per_floor":[80,80,80,80,80,80,80,80,80,80,80,80,80,80,80,80,80,80,80,80,80,80,80],"relics":["Burning Blood","Toolbox","Magic Flower","War Paint","Runic Pyramid","Pantograph"],"card_choices":[{"not_picked":["Combust","Reckless Charge"],"picked":"Headbutt"},{"not_picked":["Hemokinesis","Fire Breathing"],"picked":"Cleave"},{"not_picked":["Clothesline","Flex"],"picked":"Spot Weakness"},{"not_picked":["Anger","Immolate"],"picked":"Headbutt"},{"not_picked":["Shockwave","Perfected Strike"],"picked":"Sword Boomerang"},{"not_picked":["Barricade","Reaper"],"picked":"Berserk"},{"not_picked":["Havoc","Wild Strike"],"picked":"Iron Wave"}],"player_experience":115432,"potions_floor_usage":[7,10,18],"damage_taken":[{"damage":5,"enemies":"Cultist","floor":1,"turns":4},{"damage":7,"enemies":"2 Louse","floor":2,"turns":3},{"damage":3,"enemies":"Gremlin Nob","floor":7,"turns":3},{"damage":20,"enemies":"3 Sentries","floor":10,"turns":6},{"damage":0,"enemies":"Blue Slaver","floor":11,"turns":6},{"damage":0,"enemies":"2 Fungi Beasts","floor":13,"turns":3},{"damage":24,"enemies":"Hexaghost","floor":16,"turns":6},{"damage":17,"enemies":"Shell Parasite","floor":18,"turns":4},{"damage":19,"enemies":"2 Thieves","floor":19,"turns":4},{"damage":50,"enemies":"Slavers","floor":24,"turns":4}],"event_choices":[{"event_name":"Golden Wing","player_choice":"Card Removal","floor":3,"damage_taken":0},{"event_name":"The Cleric","player_choice":"Card Removal","floor":4,"damage_taken":0},{"event_name":"World of Goop","player_choice":"Gather Gold","floor":8,"damage_taken":0},{"event_name":"Knowing Skull","player_choice":"GOLD GOLD ","floor":21,"damage_taken":0}],"boss_relics":[{"not_picked":["Eternal Feather","White Beast Statue"],"picked":"Runic Pyramid"}],"potions_floor_spawned":[1,7,10],"seed_played":"-7326357716375459208","killed_by":"Slavers","ascension_level":1,"is_trial":false}