{"gold_per_floor":[99,99,99,99,99,99,99,99,99,99,99,99,99,99,99,99],"floor_reached":16,"playtime":628,"items_purged":[],"score":244,"play_id":"70217c9e-f025-4937-989e-b4e1b7a7e19c","local_time":"20191005112052","is_ascension_mode":true,"campfire_choices":[{"floor":7.0,"key":"REST"},{"floor":12,"key":"REST"},{"data":"Cloak And Dagger","floor":15,"key":"SMITH"}],"neow_cost":"NONE","seed_source_timestamp":1951546042446200,"circlet_count":0,"master_deck":["AscendersBane","Strike_G","Strike_G","Strike_G","Strike_G","Strike_G","Defend_G","Defend_G","Defend_G","Defend_G","Defend_G","Survivor","Neutralize","Deadly Poison","Bouncing Flask","Bane","Backflip","Dodge and Roll","Dash","Footwork","Cloak And Dagger+1","Poisoned Stab"],"special_seed":0,"relics":["Ectoplasm","Centennial Puzzle","Regal Pillow","Bag of Marbles","Sundial"],"potions_floor_usage":[13,16],"damage_taken":[{"damage":2.0,"enemies":"Cultist","floor":1.0,"turns":4.0},{"damage":5.0,"enemies":"2 Louse","floor":2.0,"turns":3.0},{"damage":4.0,"enemies":"Small Slimes","floor":3.0,"turns":4.0},{"damage":25.0,"enemies":"Exordium Thugs","floor":4.0,"turns":6.0},{"damage":20.0,"enemies":"Lagavulin","floor":6.0,"turns":4.0},{"damage":18.0,"enemies":"3 Sentries","floor":8.0,"turns":8.0},{"damage":2.0,"enemies":"2 Fungi Beasts","floor":10.0,"turns":3.0},{"damage":4,"enemies":"Gremlin Nob","floor":13,"turns":3},{"damage":3,"enemies":"Blue Slaver","floor":14,"turns":2},{"damage":39,"enemies":"Hexaghost","floor":16,"turns":9}],"seed_played":"-5625708100012813361","potions_obtained":[{"floor":1.0,"key":"DuplicationPotion"},{"floor":2.0,"key":"Dexterity Potion"},{"floor":6.0,"key":"SteroidPotion"},{"floor":10.0,"key":"FearPotion"}],"is_trial":false,"path_per_floor":["M","M","M","M","?","E","R","E","T","M","?","R","E","M","R","B"],"character_chosen":"THE_SILENT","items_purchased":[],"campfire_rested":2,"item_purchase_floors":[],"current_hp_per_floor":[57,52,48,23,28,8,29,11,11,9,9,45,41,38,38,0],"gold":99,"neow_bonus":"BOSS_RELIC","is_prod":false,"is_daily":false,"chose_seed":false,"campfire_upgraded":1,"win_rate":0,"timestamp":1570299652,"path_taken":["M","?","M","M","?","E","R","E","T","M","?","R","E","M","R","BOSS"],"build_version":"2019-10-04","purchased_purges":0,"victory":false,"max_hp_per_floor":[66,66,66,66,71,71,71,71,71,71,71,71,71,71,71,71],"card_choices":[{"not_picked":["Flying Knee","Reflex"],"picked":"Deadly Poison","floor":1.0},{"not_picked":["Tactician","Reflex"],"picked":"Bouncing Flask","floor":2.0},{"not_picked":["Cloak And Dagger","Outmaneuver"],"picked":"Bane","floor":3.0},{"not_picked":["Sucker Punch","Deadly Poison"],"picked":"Backflip","floor":4.0},{"not_picked":["Adrenaline","Choke"],"picked":"Dodge and Roll","floor":6.0},{"not_picked":["Finisher","Infinite Blades"],"picked":"Dash","floor":8.0},{"not_picked":["Eviscerate","Choke"],"picked":"Footwork","floor":10.0},{"not_picked":["Flying Knee","Riddle With Holes"],"picked":"Cloak And Dagger","floor":13},{"not_picked":["Slice","Flying Knee"],"picked":"Poisoned Stab","floor":14}],"player_experience":1533865,"relics_obtained":[{"floor":6.0,"key":"Centennial Puzzle"},{"floor":8.0,"key":"Regal Pillow"},{"floor":9.0,"key":"Bag of Marbles"},{"floor":13,"key":"Sundial"}],"event_choices":[{"damage_healed":0.0,"max_hp_gain":5.0,"max_hp_loss":0.0,"gold_gain":0.0,"event_name":"Big Fish","player_choice":"Donut","floor":5.0,"gold_loss":0.0,"damage_taken":0.0},{"damage_healed":0,"gold_gain":0,"player_choice":"Ignored","damage_taken":0,"max_hp_gain":0,"max_hp_loss":0,"event_name":"Golden Idol","floor":11,"gold_loss":0}],"is_beta":true,"boss_relics":[],"items_purged_floors":[],"is_endless":false,"potions_floor_spawned":[1,2,6,10],"killed_by":"Hexaghost","ascension_level":20}