{"gold_per_floor":[117,82,95,114,128,128,140,140,140,152,180,197,110,140,140,238,238,253,253,264,278,193,218,268,268,294,294,304,101,101,132,132,228,278,293,309,309,326,114,114],"floor_reached":40,"playtime":23031,"items_purged":[],"score":488,"play_id":"109cbcdf-4e79-486c-851e-2aea9228b086","local_time":"20191003160156","is_ascension_mode":false,"campfire_choices":[{"floor":6,"key":"REST"},{"floor":15,"key":"REST"},{"floor":25,"key":"REST"},{"floor":27,"key":"REST"},{"floor":30,"key":"REST"},{"floor":32,"key":"REST"}],"neow_cost":"NONE","seed_source_timestamp":755446184457100,"circlet_count":0,"master_deck":["Strike_R","Strike_R+1","Strike_R","Strike_R","Strike_R","Defend_R","Defend_R","Defend_R","Defend_R","Bash","Second Wind","Shockwave","Carnage","Anger","Pommel Strike","Sword Boomerang","Seeing Red","Blood for Blood","Carnage","Ghostly Armor","Feed","Pommel Strike","Infernal Blade","Cleave+1","Battle Trance","Headbutt","Combust+1","Twin Strike","Feed","Pommel Strike+1","Shrug It Off","Ghostly Armor+1","Clash","Armaments","Secret Weapon"],"relics":["White Beast Statue","Self Forming Clay","Mercury Hourglass","Mummified Hand","Frozen Egg 2","Lizard Tail","Ornamental Fan","Vajra","Pen Nib","Bottled Flame","Tiny House"],"potions_floor_usage":[5,7,7,10,11,12,12,12,14,14,16,16,21,21,23,23,31,33,33,33,35,36,38,40],"damage_taken":[{"damage":14,"enemies":"Jaw Worm","floor":1,"turns":5},{"damage":0,"enemies":"2 Louse","floor":3,"turns":3},{"damage":12,"enemies":"Small Slimes","floor":4,"turns":4},{"damage":8,"enemies":"3 Louse","floor":5,"turns":3},{"damage":15,"enemies":"Lots of Slimes","floor":7,"turns":4},{"damage":0,"enemies":"Exordium Wildlife","floor":10,"turns":2},{"damage":8,"enemies":"3 Sentries","floor":11,"turns":6},{"damage":0,"enemies":"Large Slime","floor":12,"turns":3},{"damage":18,"enemies":"Lagavulin","floor":14,"turns":4},{"damage":29,"enemies":"Hexaghost","floor":16,"turns":9},{"damage":35,"enemies":"Spheric Guardian","floor":18,"turns":6},{"damage":21,"enemies":"2 Thieves","floor":20,"turns":4},{"damage":31,"enemies":"Cultist and Chosen","floor":21,"turns":5},{"damage":23,"enemies":"Slavers","floor":23,"turns":4},{"damage":36,"enemies":"Snecko","floor":28,"turns":5},{"damage":5,"enemies":"Gremlin Leader","floor":31,"turns":6},{"damage":65,"enemies":"Automaton","floor":33,"turns":9},{"damage":19,"enemies":"Orb Walker","floor":35,"turns":4},{"damage":10,"enemies":"3 Shapes","floor":36,"turns":3},{"damage":19,"enemies":"Jaw Worm Horde","floor":38,"turns":5},{"damage":73,"enemies":"Nemesis","floor":40,"turns":4}],"seed_played":"-7571696253059243024","potions_obtained":[{"floor":1,"key":"Strength Potion"},{"floor":3,"key":"FearPotion"},{"floor":4,"key":"LiquidBronze"},{"floor":5,"key":"FearPotion"},{"floor":7,"key":"AttackPotion"},{"floor":10,"key":"EntropicBrew"},{"floor":11,"key":"Poison Potion"},{"floor":12,"key":"SpeedPotion"},{"floor":14,"key":"PowerPotion"},{"floor":16,"key":"LiquidBronze"},{"floor":18,"key":"Fire Potion"},{"floor":20,"key":"AttackPotion"},{"floor":21,"key":"Poison Potion"},{"floor":23,"key":"SkillPotion"},{"floor":28,"key":"FearPotion"},{"floor":31,"key":"GamblersBrew"},{"floor":33,"key":"Energy Potion"},{"floor":34,"key":"PowerPotion"},{"floor":35,"key":"Explosive Potion"},{"floor":36,"key":"Strength Potion"},{"floor":38,"key":"Ancient Potion"}],"is_trial":false,"path_per_floor":["M","?","M","M","M","R","M","?","T","M","E","M","$","E","R","B",null,"M","?","M","M","?","E","?","R","T","R","M","$","R","E","R","B",null,"M","M","?","M","$","E"],"character_chosen":"IRONCLAD","items_purchased":["Explosive Potion","Carnage","Fire Potion","Regen Potion","Combust+1","Armaments","Secret Weapon"],"campfire_rested":6,"item_purchase_floors":[13,13,29,29,29,39,39],"current_hp_per_floor":[66,80,80,68,60,80,65,40,40,40,32,32,32,14,38,9,80,45,45,27,44,44,21,21,46,46,71,35,35,60,70,86,21,91,75,65,65,49,49,0],"gold":114,"neow_bonus":"BOSS_RELIC","is_prod":false,"is_daily":false,"chose_seed":false,"campfire_upgraded":0,"win_rate":0.0,"timestamp":1570136516,"path_taken":["M","?","M","M","M","R","M","?","T","M","E","M","$","E","R","BOSS","M","?","M","M","?","E","?","R","T","R","?","$","R","E","R","BOSS","M","M","?","M","$","E"],"build_version":"2019-07-17","purchased_purges":0,"victory":false,"max_hp_per_floor":[80,80,80,80,80,80,80,80,80,80,80,80,80,80,80,80,80,80,80,83,86,86,86,86,86,86,86,86,86,86,86,86,86,91,94,94,94,97,97,97],"card_choices":[{"not_picked":["Rupture","Body Slam"],"picked":"Second Wind","floor":1},{"not_picked":["Bloodletting","Thunderclap"],"picked":"Shockwave","floor":3},{"not_picked":["Clothesline","Flex"],"picked":"Carnage","floor":4},{"not_picked":["Hemokinesis","Warcry"],"picked":"Anger","floor":5},{"not_picked":["Feel No Pain","Perfected Strike"],"picked":"Pommel Strike","floor":7},{"not_picked":["Perfected Strike","Fiend Fire"],"picked":"Sword Boomerang","floor":10},{"not_picked":["Headbutt","Combust"],"picked":"Seeing Red","floor":11},{"not_picked":["Thunderclap","Hemokinesis"],"picked":"Blood for Blood","floor":12},{"not_picked":["True Grit","Bloodletting"],"picked":"Ghostly Armor","floor":14},{"not_picked":["Barricade+1","Demon Form+1"],"picked":"Feed","floor":16},{"not_picked":["Flex","Burning Pact+1"],"picked":"Pommel Strike","floor":18},{"not_picked":["Pommel Strike","Sword Boomerang+1"],"picked":"Infernal Blade","floor":20},{"not_picked":["Body Slam","Twin Strike"],"picked":"Cleave+1","floor":21},{"not_picked":["Flex","Demon Form+1"],"picked":"Battle Trance","floor":23},{"not_picked":["Clothesline+1","Disarm+1"],"picked":"Headbutt","floor":28},{"not_picked":["Cleave","Clothesline"],"picked":"Twin Strike","floor":31},{"not_picked":["Berserk+1","Barricade+1"],"picked":"Feed","floor":33},{"not_picked":["Clash","Anger"],"picked":"Pommel Strike+1","floor":34},{"not_picked":["Uppercut+1","True Grit"],"picked":"Shrug It Off","floor":35},{"not_picked":["Body Slam","Dual Wield"],"picked":"Ghostly Armor+1","floor":36},{"not_picked":["Rupture+1","Twin Strike"],"picked":"Clash","floor":38}],"player_experience":8180,"relics_obtained":[{"floor":9,"key":"Mercury Hourglass"},{"floor":11,"key":"Mummified Hand"},{"floor":14,"key":"Frozen Egg 2"},{"floor":23,"key":"Vajra"},{"floor":26,"key":"Pen Nib"},{"floor":31,"key":"Bottled Flame"}],"event_choices":[{"damage_healed":20,"gold_gain":0,"player_choice":"Healed","damage_taken":0,"max_hp_gain":0,"max_hp_loss":0,"event_name":"The Cleric","floor":2,"gold_loss":35},{"damage_healed":0,"gold_gain":0,"player_choice":"Success","damage_taken":25,"relics_obtained":["Self Forming Clay"],"max_hp_gain":0,"max_hp_loss":0,"event_name":"Scrap Ooze","floor":8,"gold_loss":0},{"damage_healed":0,"gold_gain":0,"player_choice":"Ignored","damage_taken":0,"max_hp_gain":0,"max_hp_loss":0,"event_name":"Vampires","floor":19,"gold_loss":0},{"damage_healed":0,"gold_gain":0,"player_choice":"Obtained Relic","damage_taken":0,"relics_obtained":["Ornamental Fan"],"max_hp_gain":0,"max_hp_loss":0,"event_name":"Addict","floor":22,"gold_loss":85},{"damage_healed":0,"gold_gain":100,"player_choice":"Bet on Murderer","damage_taken":0,"max_hp_gain":0,"max_hp_loss":0,"event_name":"The Joust","floor":24,"gold_loss":50},{"damage_healed":0,"gold_gain":0,"player_choice":"Ignored","damage_taken":0,"max_hp_gain":0,"max_hp_loss":0,"event_name":"Mysterious Sphere","floor":37,"gold_loss":0}],"is_beta":false,"boss_relics":[{"not_picked":["Fusion Hammer","Snecko Eye"],"picked":"Lizard Tail"},{"not_picked":["Philosopher\u0027s Stone","Black Star"],"picked":"Tiny House"}],"items_purged_floors":[],"is_endless":false,"potions_floor_spawned":[1,3,4,5,7,10,11,12,14,16,18,20,21,23,28,31,33,35,36,38],"killed_by":"Nemesis","ascension_level":0}