{"gold_per_floor":[118,145,165,51,63,98,98,123,123,123,43,43,75,90,90,185,185,203,219,43,43,43,43,74,49,72,89,89],"floor_reached":28,"playtime":1525,"items_purged":["Strike_B"],"score":305,"play_id":"ac770f5e-4372-4702-9b88-a2832e270e35","local_time":"20181213185612","is_ascension_mode":true,"campfire_choices":[{"floor":7,"key":"REST"},{"floor":10,"key":"REST"},{"data":"Zap","floor":12,"key":"SMITH"},{"floor":15,"key":"REST"},{"data":"Defragment","floor":23,"key":"SMITH"}],"neow_cost":"NONE","seed_source_timestamp":106663087709545,"circlet_count":0,"master_deck":["Strike_B","Defend_B","Defend_B","Defend_B","Defend_B","Zap+1","Dualcast","Gash","Turbo","Loop","Go for the Eyes","Scrape","Turbo","Gash","Static Discharge","Undo","Coolheaded","Seek","Streamline","Rebound+1","Defragment+1","FTL","Conserve Battery","Beam Cell","Reprogram","Beam Cell+1","Compile Driver","Sweeping Beam+1"],"relics":["FrozenCore","NeowsBlessing","Lantern","Dodecahedron","Letter Opener","Orichalcum","Gambling Chip","Blood Vial"],"potions_floor_usage":[8,14,14],"damage_taken":[{"damage":0,"enemies":"Cultist","floor":1,"turns":1},{"damage":0,"enemies":"Small Slimes","floor":3,"turns":1},{"damage":0,"enemies":"2 Louse","floor":5,"turns":1},{"damage":45,"enemies":"3 Sentries","floor":6,"turns":9},{"damage":30,"enemies":"Gremlin Nob","floor":8,"turns":4},{"damage":23,"enemies":"Lagavulin","floor":13,"turns":5},{"damage":4,"enemies":"Exordium Wildlife","floor":14,"turns":3},{"damage":27,"enemies":"Slime Boss","floor":16,"turns":11},{"damage":8,"enemies":"3 Byrds","floor":18,"turns":4},{"damage":4,"enemies":"Chosen","floor":19,"turns":6},{"damage":35,"enemies":"Gremlin Leader","floor":24,"turns":7},{"damage":14,"enemies":"Snake Plant","floor":27,"turns":5},{"damage":21,"enemies":"Book of Stabbing","floor":28,"turns":3}],"seed_played":"-4931340511390595057","potions_obtained":[{"floor":3,"key":"Dexterity Potion"},{"floor":5,"key":"Poison Potion"},{"floor":8,"key":"SteroidPotion"},{"floor":13,"key":"FearPotion"},{"floor":19,"key":"Dexterity Potion"}],"is_trial":false,"path_per_floor":["M","T","M","$","M","E","R","E","T","R","$","R","E","M","R","B",null,"M","M","$","?","?","R","E","$","T","M","E"],"character_chosen":"DEFECT","items_purchased":["Loop","Gash","Static Discharge","Defragment","FTL","Conserve Battery","Compile Driver"],"campfire_rested":3,"item_purchase_floors":[4,11,11,20,20,20,25],"current_hp_per_floor":[75,75,75,75,75,30,52,22,22,44,44,44,21,17,39,12,75,67,63,63,63,63,63,28,28,28,16,0],"gold":89,"neow_bonus":"THREE_ENEMY_KILL","is_prod":false,"is_daily":false,"chose_seed":false,"campfire_upgraded":2,"win_rate":0,"timestamp":1544723772,"path_taken":["M","?","M","?","M","E","R","E","T","R","$","R","E","M","R","BOSS","M","M","$","?","?","R","E","$","T","M","E"],"build_version":"2018-12-06","purchased_purges":1,"victory":false,"max_hp_per_floor":[75,75,75,75,75,75,75,75,75,75,75,75,75,75,75,75,75,75,75,75,75,75,75,75,75,75,75,75],"card_choices":[{"not_picked":["Go for the Eyes","Tempest"],"picked":"Gash","floor":1},{"not_picked":["Steam","Double Energy"],"picked":"Turbo","floor":3},{"not_picked":["Beam Cell","Storm"],"picked":"Go for the Eyes","floor":5},{"not_picked":["Streamline","Glacier"],"picked":"Scrape","floor":6},{"not_picked":["Rebound","Ball Lightning"],"picked":"Turbo","floor":8},{"not_picked":["Blizzard","Steam Power"],"picked":"Undo","floor":13},{"not_picked":["Streamline","Cold Snap"],"picked":"Coolheaded","floor":14},{"not_picked":["Meteor Strike","Reboot"],"picked":"Seek","floor":16},{"not_picked":["Hologram","Glacier"],"picked":"Streamline","floor":18},{"not_picked":["Leap+1","Chaos"],"picked":"Rebound+1","floor":19},{"not_picked":["Streamline","Rebound+1"],"picked":"Beam Cell+1","floor":24},{"not_picked":["Rip and Tear+1","Turbo"],"picked":"Sweeping Beam+1","floor":27}],"player_experience":343949,"relics_obtained":[{"floor":6,"key":"Lantern"},{"floor":8,"key":"Dodecahedron"},{"floor":9,"key":"Letter Opener"},{"floor":13,"key":"Orichalcum"},{"floor":24,"key":"Gambling Chip"},{"floor":26,"key":"Blood Vial"}],"event_choices":[{"damage_healed":0,"gold_gain":0,"cards_transformed":["Strike_B","Strike_B"],"player_choice":"Became Test Subject","damage_taken":0,"max_hp_gain":0,"max_hp_loss":0,"event_name":"Drug Dealer","floor":21,"gold_loss":0,"cards_obtained":["Beam Cell","Reprogram"]},{"damage_healed":0,"gold_gain":0,"player_choice":"Ignored","damage_taken":0,"max_hp_gain":0,"max_hp_loss":0,"event_name":"Beggar","floor":22,"gold_loss":0}],"is_beta":false,"boss_relics":[{"not_picked":["Nuclear Battery","Calling Bell"],"picked":"FrozenCore"}],"items_purged_floors":[4],"is_endless":false,"potions_floor_spawned":[3,5,8,13,19],"killed_by":"Book of Stabbing","ascension_level":4}