{"gold_per_floor":[118,118,131,144,53,84,94,112,165,165,165,177,191,208,208,208],"floor_reached":16,"playtime":731,"items_purged":[],"score":170,"play_id":"f900a42c-a449-4c8d-8451-5ff441e31283","local_time":"20190320024129","is_ascension_mode":true,"campfire_choices":[{"data":"Discovery","floor":11,"key":"SMITH"},{"data":"Entrench","floor":15,"key":"SMITH"}],"neow_cost":"NONE","seed_source_timestamp":514901473735123,"circlet_count":0,"master_deck":["AscendersBane","Strike_R","Strike_R","Strike_R","Strike_R","Strike_R","Defend_R","Defend_R","Defend_R","Defend_R","Bash","Body Slam+1","Ghostly Armor","Armaments","Discovery+1","Cleave","Power Through","Second Wind","Reaper","Entrench+1"],"relics":["Burning Blood","NeowsBlessing","Omamori","Bag of Marbles","Question Card"],"potions_floor_usage":[6,7],"damage_taken":[{"damage":0,"enemies":"Small Slimes","floor":1,"turns":1},{"damage":0,"enemies":"Cultist","floor":3,"turns":1},{"damage":0,"enemies":"2 Louse","floor":4,"turns":1},{"damage":40,"enemies":"3 Sentries","floor":6,"turns":13},{"damage":14,"enemies":"Exordium Thugs","floor":7,"turns":6},{"damage":6,"enemies":"Blue Slaver","floor":8,"turns":4},{"damage":0,"enemies":"Looter","floor":12,"turns":3},{"damage":9,"enemies":"2 Fungi Beasts","floor":13,"turns":4},{"damage":14,"enemies":"3 Louse","floor":14,"turns":4},{"damage":65,"enemies":"Slime Boss","floor":16,"turns":12}],"seed_played":"9031390262928693059","potions_obtained":[{"floor":1,"key":"FearPotion"},{"floor":3,"key":"FearPotion"},{"floor":4,"key":"Energy Potion"}],"is_trial":false,"path_per_floor":["M","?","M","M","$","E","M","M","T","?","R","M","M","M","R","B"],"character_chosen":"IRONCLAD","items_purchased":["Discovery"],"campfire_rested":0,"item_purchase_floors":[5],"current_hp_per_floor":[78,78,80,80,80,46,38,38,38,38,38,44,53,51,51,0],"gold":208,"neow_bonus":"THREE_ENEMY_KILL","is_prod":false,"is_daily":false,"chose_seed":false,"campfire_upgraded":2,"win_rate":0,"timestamp":1553017289,"path_taken":["M","?","M","M","?","E","M","M","T","?","R","M","M","?","R","BOSS"],"build_version":"2019-01-23","purchased_purges":0,"victory":false,"max_hp_per_floor":[80,80,80,80,80,80,80,80,80,80,80,80,80,80,80,80],"card_choices":[{"not_picked":["Thunderclap","Inflame"],"picked":"Body Slam","floor":1},{"not_picked":["Corruption","Wild Strike"],"picked":"Ghostly Armor","floor":3},{"not_picked":["Twin Strike","Thunderclap"],"picked":"Armaments","floor":4},{"not_picked":["Twin Strike","Dual Wield"],"picked":"Cleave","floor":6},{"not_picked":["Combust","Inflame"],"picked":"Power Through","floor":7},{"not_picked":["Heavy Blade","Clothesline"],"picked":"Second Wind","floor":8},{"not_picked":["Dual Wield","Pommel Strike","Clothesline"],"picked":"Reaper","floor":12},{"not_picked":["Thunderclap","Havoc","Flex"],"picked":"Entrench","floor":13},{"not_picked":["Anger","Metallicize","Body Slam","Second Wind"],"picked":"SKIP","floor":14}],"player_experience":585490,"relics_obtained":[{"floor":6,"key":"Omamori"},{"floor":9,"key":"Bag of Marbles"}],"event_choices":[{"damage_healed":0,"gold_gain":0,"player_choice":"Upgraded","damage_taken":0,"max_hp_gain":0,"max_hp_loss":0,"event_name":"Upgrade Shrine","floor":2,"gold_loss":0,"cards_upgraded":["Body Slam"]},{"damage_healed":0,"gold_gain":0,"player_choice":"Box","damage_taken":0,"relics_obtained":["Question Card"],"max_hp_gain":0,"max_hp_loss":0,"event_name":"Big Fish","floor":10,"gold_loss":0,"cards_obtained":["Regret"]}],"is_beta":false,"boss_relics":[],"items_purged_floors":[],"is_endless":false,"potions_floor_spawned":[1,3,4],"killed_by":"Slime Boss","ascension_level":12}