{"gold_per_floor":[116,191,207,207,207,207,228,228,228,242,275,295,333,354,354,480,480,493,168,186,311,325,325,350,208,208,233,246,246,262,232,232,232],"floor_reached":33,"playtime":5031,"items_purged":[],"score":261,"play_id":"47ee37d6-472b-4d07-927e-6e5a01f535a9","local_time":"20190411090732","is_ascension_mode":false,"campfire_choices":[{"floor":6.0,"key":"REST"},{"floor":15.0,"key":"REST"},{"floor":23.0,"key":"REST"},{"floor":32,"key":"REST"}],"neow_cost":"NONE","seed_source_timestamp":0,"circlet_count":0,"master_deck":["Strike_R","Strike_R","Strike_R","Strike_R","Strike_R","Defend_R","Defend_R","Defend_R","Defend_R","Bash","Rage","Anger","Metallicize","Twin Strike","Dark Embrace","Iron Wave+1","Rage","Twin Strike+1","Demon Form","Fire Breathing","Intimidate","Anger+1","Feed+1","Warcry","Entrench+1","Fire Breathing+1","Headbutt+1","Perfected Strike+1","Bandage Up","Armaments","Armaments","Dropkick+1","Iron Wave","Cleave+1"],"special_seed":0,"relics":["Black Blood","Golden Idol","Happy Flower","Regal Pillow","Pantograph","Molten Egg 2","Bag of Preparation","Torii","Gremlin Horn","Bottled Flame"],"potions_floor_usage":[33,33],"damage_taken":[{"damage":15.0,"enemies":"Jaw Worm","floor":1.0,"turns":5.0},{"damage":0.0,"enemies":"2 Louse","floor":3.0,"turns":3.0},{"damage":0.0,"enemies":"Cultist","floor":7.0,"turns":4.0},{"damage":12.0,"enemies":"3 Louse","floor":10.0,"turns":5.0},{"damage":6.0,"enemies":"Lagavulin","floor":11.0,"turns":9.0},{"damage":11.0,"enemies":"Lots of Slimes","floor":12.0,"turns":5.0},{"damage":32.0,"enemies":"Gremlin Nob","floor":13.0,"turns":6.0},{"damage":3.0,"enemies":"Gremlin Gang","floor":14.0,"turns":5.0},{"damage":51.0,"enemies":"Hexaghost","floor":16.0,"turns":13.0},{"damage":9.0,"enemies":"Shell Parasite","floor":18.0,"turns":7.0},{"damage":26.0,"enemies":"Spheric Guardian","floor":20.0,"turns":5.0},{"damage":31.0,"enemies":"Colosseum Slavers","floor":21.0,"turns":7.0},{"damage":38.0,"enemies":"Colosseum Nobs","floor":21.0,"turns":6.0},{"damage":15.0,"enemies":"Chosen and Byrds","floor":22.0,"turns":9.0},{"damage":25.0,"enemies":"3 Cultists","floor":24.0,"turns":6.0},{"damage":4.0,"enemies":"Snake Plant","floor":27.0,"turns":6.0},{"damage":19.0,"enemies":"Centurion and Healer","floor":28.0,"turns":6.0},{"damage":34.0,"enemies":"Shelled Parasite and Fungi","floor":30.0,"turns":8.0},{"damage":124,"enemies":"Automaton","floor":33,"turns":12}],"seed_played":"4295339643078232528","potions_obtained":[{"floor":10.0,"key":"Block Potion"},{"floor":12.0,"key":"PowerPotion"},{"floor":13.0,"key":"SteroidPotion"},{"floor":14.0,"key":"Block Potion"},{"floor":20.0,"key":"EssenceOfSteel"},{"floor":21.0,"key":"BloodPotion"},{"floor":27.0,"key":"Strength Potion"},{"floor":31,"key":"Energy Potion"},{"floor":31,"key":"EssenceOfSteel"}],"is_trial":false,"path_per_floor":["M","?","M","?","?","R","M","T","T","M","E","M","E","M","R","B",null,"M","$","M","?","M","R","M","$","T","M","M","?","M","?","R","B"],"character_chosen":"IRONCLAD","items_purchased":["Intimidate","Anger+1","Feed+1","Warcry","Bandage Up","Armaments"],"campfire_rested":4,"item_purchase_floors":[19,19,19,19,25,25],"current_hp_per_floor":[71,60,66,46,39,63,69,69,69,63,63,58,32,35,74,35,80,80,80,64,15,22,62,47,47,47,57,52,52,32,32,72,0],"gold":232,"neow_bonus":"RANDOM_COLORLESS","is_prod":false,"is_daily":false,"chose_seed":false,"campfire_upgraded":0,"win_rate":0.0,"timestamp":1554988052,"path_taken":["M","?","M","?","?","R","M","?","T","M","E","M","E","?","R","BOSS","M","$","M","?","M","R","M","$","T","M","M","?","?","?","R","BOSS"],"build_version":"2019-01-23","purchased_purges":0,"victory":false,"max_hp_per_floor":[80,80,80,80,80,80,80,80,80,80,80,80,80,80,80,80,80,80,80,80,80,84,84,84,84,84,84,84,84,84,84,84,84],"card_choices":[{"not_picked":["Armaments","Sever Soul"],"picked":"Rage","floor":1.0},{"not_picked":["Blood for Blood","Rage"],"picked":"Anger","floor":3.0},{"not_picked":["Thunderclap","Carnage"],"picked":"Metallicize","floor":7.0},{"not_picked":["Corruption","Entrench"],"picked":"Twin Strike","floor":10.0},{"not_picked":["Bludgeon","Disarm"],"picked":"Dark Embrace","floor":11.0},{"not_picked":["Clash+1","Searing Blow+1"],"picked":"Iron Wave+1","floor":12.0},{"not_picked":["True Grit","Searing Blow+1"],"picked":"Rage","floor":13.0},{"not_picked":["Perfected Strike+1","Entrench"],"picked":"Twin Strike+1","floor":14.0},{"not_picked":["Brutality","Dark Embrace"],"picked":"Demon Form","floor":16.0},{"not_picked":["Clash+1","Bloodletting"],"picked":"Fire Breathing","floor":18.0},{"not_picked":["Flex","Searing Blow+1"],"picked":"Entrench+1","floor":20.0},{"not_picked":["Clothesline+1","Armaments"],"picked":"Fire Breathing+1","floor":21.0},{"not_picked":["Disarm+1","Shockwave"],"picked":"Headbutt+1","floor":22.0},{"not_picked":["Battle Trance","Power Through+1"],"picked":"Perfected Strike+1","floor":24.0},{"not_picked":["Rupture","Entrench"],"picked":"Armaments","floor":27.0},{"not_picked":["True Grit","Bloodletting"],"picked":"Dropkick+1","floor":28.0},{"not_picked":["Headbutt+1","Reckless Charge+1"],"picked":"Cleave+1","floor":30}],"player_experience":11220,"relics_obtained":[{"floor":8.0,"key":"Regal Pillow"},{"floor":9.0,"key":"Pantograph"},{"floor":11.0,"key":"Molten Egg 2"},{"floor":13.0,"key":"Bag of Preparation"},{"floor":21.0,"key":"Torii"},{"floor":21.0,"key":"Gremlin Horn"},{"floor":26.0,"key":"Bottled Flame"}],"event_choices":[{"damage_healed":0.0,"max_hp_gain":0.0,"max_hp_loss":0.0,"gold_gain":75.0,"event_name":"World of Goop","player_choice":"Gather Gold","floor":2.0,"gold_loss":0.0,"damage_taken":11.0},{"damage_healed":0.0,"max_hp_gain":0.0,"max_hp_loss":0.0,"gold_gain":0.0,"event_name":"Golden Idol","player_choice":"Take Damage","floor":4.0,"gold_loss":0.0,"damage_taken":20.0,"relics_obtained":["Golden Idol"]},{"damage_healed":0.0,"max_hp_gain":0.0,"max_hp_loss":0.0,"gold_gain":0.0,"event_name":"Scrap Ooze","player_choice":"Success","floor":5.0,"gold_loss":0.0,"damage_taken":7.0,"relics_obtained":["Happy Flower"]},{"damage_healed":0.0,"max_hp_gain":0.0,"max_hp_loss":0.0,"gold_gain":0.0,"event_name":"Colosseum","player_choice":"Fight","floor":21.0,"gold_loss":0.0,"damage_taken":0.0},{"damage_healed":0.0,"max_hp_gain":0.0,"max_hp_loss":0.0,"gold_gain":0.0,"event_name":"Colosseum","player_choice":"Fought Nobs","floor":21.0,"gold_loss":0.0,"damage_taken":0.0},{"cards_removed":["Blind"],"damage_healed":0.0,"max_hp_gain":0.0,"max_hp_loss":0.0,"gold_gain":0.0,"event_name":"NoteForYourself","player_choice":"Took Card","floor":29.0,"gold_loss":0.0,"damage_taken":0.0,"cards_obtained":["Iron Wave"]},{"damage_healed":0,"gold_gain":0,"player_choice":"Bought 2 Potions","damage_taken":0,"max_hp_gain":0,"max_hp_loss":0,"event_name":"The Woman in Blue","floor":31,"gold_loss":0}],"is_beta":false,"boss_relics":[{"not_picked":["Calling Bell","Velvet Choker"],"picked":"Black Blood"}],"items_purged_floors":[],"is_endless":false,"potions_floor_spawned":[10,12,13,14,20,21,21,27],"killed_by":"Automaton","ascension_level":0}