{"gold_per_floor":[119,119,119,119,131,131,162,162,186,216,263,275,348,372,384,498,510,540,532,342,342,357,382,396,396,396,396,413,448,448,474,474,572,572,586,604,657,676,691,719,719,735,735,735,735,745,236,268,268,268,268,268,168,194,194],"floor_reached":56,"playtime":2810,"items_purged":["Defend_R","Defend_R","Defend_R"],"score":1444,"play_id":"3e27680c-2793-48f1-b3aa-202496215caf","local_time":"20190917230716","is_ascension_mode":true,"campfire_choices":[{"data":"Limit Break","floor":6,"key":"SMITH"},{"data":"Metallicize","floor":12,"key":"SMITH"},{"data":"Metallicize","floor":15,"key":"SMITH"},{"data":"Demon Form","floor":25,"key":"SMITH"},{"data":"Perfected Strike","floor":27,"key":"SMITH"},{"data":"Heavy Blade","floor":30,"key":"SMITH"},{"data":"Flex","floor":32,"key":"SMITH"},{"data":"Impervious","floor":41,"key":"SMITH"},{"floor":44,"key":"REST"},{"floor":49,"key":"RECALL"},{"data":"Impervious","floor":52,"key":"SMITH"}],"neow_cost":"NONE","seed_source_timestamp":456643718897666,"circlet_count":0,"master_deck":["Strike_R+1","Strike_R","Strike_R+1","Strike_R","Strike_R","Defend_R","Bash","Perfected Strike+1","Limit Break+1","Metallicize+1","Spot Weakness","Metallicize+1","Demon Form+1","Heavy Blade+1","Whirlwind","Pummel","Flex+1","Perfected Strike+1","Impervious+1","Perfected Strike+1","Twin Strike","Impervious","Impervious+1","Pummel+1","Flex+1","Limit Break","Flame Barrier+1"],"relics":["Burning Blood","Vajra","Regal Pillow","The Courier","MawBank","Orichalcum","Happy Flower","Eternal Feather","Question Card","Oddly Smooth Stone","Prayer Wheel","Whetstone","Red Mask","Sozu","Bird Faced Urn","Blood Vial","Pantograph","Ginger","Dodecahedron","Bag of Preparation"],"potions_floor_usage":[11,16,23,29,55,55,55],"damage_taken":[{"damage":5,"enemies":"Jaw Worm","floor":1,"turns":5},{"damage":4,"enemies":"Small Slimes","floor":5,"turns":2},{"damage":35,"enemies":"Lagavulin","floor":7,"turns":5},{"damage":0,"enemies":"Cultist","floor":10,"turns":3},{"damage":19,"enemies":"3 Sentries","floor":11,"turns":4},{"damage":9,"enemies":"3 Sentries","floor":13,"turns":5},{"damage":11,"enemies":"Exordium Thugs","floor":14,"turns":3},{"damage":19,"enemies":"The Guardian","floor":16,"turns":9},{"damage":11,"enemies":"Shell Parasite","floor":18,"turns":5},{"damage":8,"enemies":"Spheric Guardian","floor":22,"turns":5},{"damage":38,"enemies":"Gremlin Leader","floor":23,"turns":5},{"damage":5,"enemies":"Snecko","floor":24,"turns":6},{"damage":6,"enemies":"3 Cultists","floor":28,"turns":3},{"damage":36,"enemies":"Slavers","floor":29,"turns":5},{"damage":12,"enemies":"Masked Bandits","floor":31,"turns":3},{"damage":15,"enemies":"Champ","floor":33,"turns":6},{"damage":2,"enemies":"Orb Walker","floor":35,"turns":2},{"damage":10,"enemies":"3 Shapes","floor":36,"turns":4},{"damage":49,"enemies":"2 Orb Walkers","floor":37,"turns":4},{"damage":14,"enemies":"Jaw Worm Horde","floor":38,"turns":4},{"damage":0,"enemies":"Spire Growth","floor":39,"turns":3},{"damage":40,"enemies":"Nemesis","floor":40,"turns":7},{"damage":24,"enemies":"Maw","floor":42,"turns":8},{"damage":23,"enemies":"Sphere and 2 Shapes","floor":46,"turns":5},{"damage":37,"enemies":"Reptomancer","floor":48,"turns":5},{"damage":57,"enemies":"Time Eater","floor":50,"turns":7},{"damage":25,"enemies":"Shield and Spear","floor":54,"turns":5},{"damage":99,"enemies":"The Heart","floor":55,"turns":8}],"seed_played":"2646565237794587927","potions_obtained":[{"floor":5,"key":"Explosive Potion"},{"floor":7,"key":"Weak Potion"},{"floor":14,"key":"Regen Potion"},{"floor":16,"key":"SpeedPotion"},{"floor":19,"key":"GamblersBrew"},{"floor":22,"key":"BloodPotion"},{"floor":28,"key":"EssenceOfSteel"},{"floor":29,"key":"Block Potion"}],"is_trial":false,"path_per_floor":["M","?","?","$","M","R","E","T","T","M","E","R","?","M","R","B",null,"M","?","$","T","M","E","M","R","T","R","M","E","R","?","R","B",null,"M","M","?","M","M","E","R","M","T","R","?","M","$","E","R","B",null,"R","$","E","B",null],"character_chosen":"IRONCLAD","items_purchased":["Whirlwind","Pummel","Flex","Pantograph","Ginger"],"campfire_rested":1,"item_purchase_floors":[20,20,20,47,47],"current_hp_per_floor":[88,88,81,81,83,83,54,54,54,60,47,47,44,39,39,41,88,83,83,83,83,81,71,72,84,84,88,88,58,70,64,76,67,88,88,84,41,37,47,17,32,20,20,79,98,87,87,62,77,51,98,98,98,79,8],"gold":194,"neow_bonus":"TEN_PERCENT_HP_BONUS","is_prod":false,"is_daily":false,"chose_seed":false,"campfire_upgraded":9,"win_rate":0,"timestamp":1568754436,"path_taken":["M","?","?","?","?","R","E","?","T","M","E","R","?","M","R","BOSS","M","?","$","?","M","E","M","R","T","R","M","E","R","?","R","BOSS","M","M","?","M","M","E","R","M","T","R","?","?","$","E","R","BOSS","R","$","E","BOSS"],"build_version":"2019-07-17","purchased_purges":3,"victory":true,"max_hp_per_floor":[88,88,88,88,88,88,88,88,88,88,88,88,88,88,88,88,88,88,88,88,88,88,88,88,88,88,88,88,88,88,88,88,88,88,88,88,88,88,88,88,88,88,88,88,98,98,98,98,98,98,98,98,98,98,98],"card_choices":[{"not_picked":["Warcry","Flex"],"picked":"Perfected Strike","floor":1},{"not_picked":["Searing Blow","Wild Strike"],"picked":"Limit Break","floor":5},{"not_picked":["Evolve","Pommel Strike"],"picked":"Metallicize","floor":7},{"not_picked":["Twin Strike","Cleave"],"picked":"Spot Weakness","floor":10},{"not_picked":["Clothesline","True Grit","Uppercut"],"picked":"SKIP","floor":11},{"not_picked":["Clash","Thunderclap"],"picked":"Metallicize","floor":14},{"not_picked":["Exhume","Juggernaut"],"picked":"Demon Form","floor":16},{"not_picked":["Dual Wield+1","Anger"],"picked":"Heavy Blade","floor":18},{"not_picked":["Havoc","Power Through","Carnage+1"],"picked":"Perfected Strike","floor":22},{"not_picked":["Whirlwind+1","Disarm","Clash"],"picked":"Impervious","floor":23},{"not_picked":["Second Wind+1","Whirlwind","Anger+1"],"picked":"Perfected Strike+1","floor":24},{"not_picked":["Heavy Blade+1","Perfected Strike","Wild Strike"],"picked":"Twin Strike","floor":28},{"not_picked":["Dropkick","Feel No Pain","Clothesline","Sever Soul+1"],"picked":"SKIP","floor":28},{"not_picked":["Warcry+1","Corruption","Twin Strike"],"picked":"Impervious","floor":29},{"not_picked":["Feed","Berserk","Dark Embrace"],"picked":"Impervious","floor":33},{"not_picked":["Anger","Uppercut+1","Havoc"],"picked":"Pummel+1","floor":35},{"not_picked":["Shrug It Off","Heavy Blade","Havoc","Blood for Blood+1"],"picked":"SKIP","floor":35},{"not_picked":["Headbutt","Searing Blow","Reckless Charge","Warcry"],"picked":"SKIP","floor":36},{"not_picked":["Warcry","Pommel Strike","True Grit+1","Iron Wave+1"],"picked":"SKIP","floor":36},{"not_picked":["Rampage+1","Headbutt","Heavy Blade"],"picked":"Double Tap","floor":37},{"not_picked":["Perfected Strike+1","Clothesline","Fire Breathing+1"],"picked":"Flex+1","floor":38},{"not_picked":["Shrug It Off","True Grit+1","Burning Pact+1"],"picked":"Limit Break","floor":38},{"not_picked":["Body Slam","Sentinel+1","Rupture+1","Seeing Red"],"picked":"SKIP","floor":39},{"not_picked":["Sword Boomerang","Rampage","Warcry+1","Dropkick+1"],"picked":"SKIP","floor":39},{"not_picked":["Fire Breathing+1","Rampage","Carnage+1","Pummel"],"picked":"SKIP","floor":40},{"not_picked":["Uppercut","Dropkick","Heavy Blade+1"],"picked":"Flame Barrier+1","floor":42},{"not_picked":["Sword Boomerang+1","Armaments+1","Heavy Blade+1","Perfected Strike+1"],"picked":"SKIP","floor":42},{"not_picked":["Second Wind+1","Rupture+1","True Grit","Dropkick"],"picked":"SKIP","floor":46},{"not_picked":["Anger","Armaments","Warcry+1","Flex"],"picked":"SKIP","floor":46},{"not_picked":["Sentinel","Combust+1","Reckless Charge","Carnage"],"picked":"SKIP","floor":48},{"not_picked":["Bludgeon","Shrug It Off+1","Cleave","Body Slam"],"picked":"SKIP","floor":54}],"player_experience":273229,"relics_obtained":[{"floor":7,"key":"Regal Pillow"},{"floor":8,"key":"The Courier"},{"floor":9,"key":"MawBank"},{"floor":11,"key":"Orichalcum"},{"floor":13,"key":"Happy Flower"},{"floor":21,"key":"Question Card"},{"floor":23,"key":"Oddly Smooth Stone"},{"floor":26,"key":"Prayer Wheel"},{"floor":29,"key":"Whetstone"},{"floor":31,"key":"Red Mask"},{"floor":37,"key":"Bird Faced Urn"},{"floor":40,"key":"Blood Vial"},{"floor":48,"key":"Dodecahedron"},{"floor":54,"key":"Bag of Preparation"}],"event_choices":[{"damage_healed":0,"gold_gain":0,"player_choice":"Grow","damage_taken":0,"max_hp_gain":0,"max_hp_loss":0,"event_name":"Living Wall","floor":2,"gold_loss":0,"cards_upgraded":["Perfected Strike"]},{"damage_healed":0,"gold_gain":0,"player_choice":"Success","damage_taken":7,"relics_obtained":["Vajra"],"max_hp_gain":0,"max_hp_loss":0,"event_name":"Scrap Ooze","floor":3,"gold_loss":0},{"damage_healed":0,"gold_gain":0,"player_choice":"Searched \u00271\u0027 times","damage_taken":0,"max_hp_gain":0,"max_hp_loss":0,"event_name":"Dead Adventurer","floor":13,"gold_loss":0},{"damage_healed":0,"gold_gain":0,"player_choice":"Bought 1 Potion","damage_taken":0,"max_hp_gain":0,"max_hp_loss":0,"event_name":"The Woman in Blue","floor":19,"gold_loss":0},{"damage_healed":0,"gold_gain":0,"player_choice":"Fought Bandits","damage_taken":0,"max_hp_gain":0,"max_hp_loss":0,"event_name":"Masked Bandits","floor":31,"gold_loss":0},{"damage_healed":0,"gold_gain":0,"player_choice":"Fight","damage_taken":0,"max_hp_gain":0,"max_hp_loss":0,"event_name":"Mysterious Sphere","floor":37,"gold_loss":0},{"cards_removed":["Double Tap"],"damage_healed":9,"gold_gain":0,"player_choice":"Offered Rare","damage_taken":0,"max_hp_gain":10,"max_hp_loss":0,"event_name":"Bonfire Elementals","floor":45,"gold_loss":0}],"is_beta":false,"boss_relics":[{"not_picked":["Snecko Eye","Fusion Hammer"],"picked":"Eternal Feather"},{"not_picked":["Lizard Tail","Busted Crown"],"picked":"Sozu"}],"items_purged_floors":[20,47,53],"is_endless":false,"potions_floor_spawned":[5,7,14,16,22,28,29,35,40,42,48,54],"ascension_level":4}