{"gold_per_floor":[118,118,130,145,145,178,178,17,17,43,8,32,51,51],"floor_reached":14,"playtime":1264,"items_purged":[],"score":108,"play_id":"90ceab8a-9048-45ec-8e38-7f349b048992","local_time":"20191003151248","is_ascension_mode":true,"campfire_choices":[{"floor":7,"key":"RECALL"}],"neow_cost":"NONE","seed_source_timestamp":1739341654074290,"circlet_count":0,"master_deck":["Strike_R","Strike_R","Strike_R+1","Strike_R","Strike_R","Defend_R","Defend_R","Defend_R","Defend_R","Bash+1","Pommel Strike","Armaments","Shockwave","Regret","Body Slam","Dark Embrace","Wild Strike"],"relics":["Burning Blood","NeowsBlessing","NlothsMask","Mango","Whetstone","Lantern"],"potions_floor_usage":[10],"damage_taken":[{"damage":0,"enemies":"Small Slimes","floor":1,"turns":1},{"damage":0,"enemies":"Cultist","floor":3,"turns":1},{"damage":0,"enemies":"Jaw Worm","floor":4,"turns":1},{"damage":30,"enemies":"Gremlin Nob","floor":6,"turns":5},{"damage":67,"enemies":"3 Sentries","floor":10,"turns":14},{"damage":28,"enemies":"Exordium Thugs","floor":13,"turns":6},{"damage":11,"enemies":"2 Fungi Beasts","floor":14,"turns":3}],"seed_played":"-6115641864380399257","potions_obtained":[{"floor":6,"key":"Energy Potion"},{"floor":10,"key":"GamblersBrew"},{"floor":13,"key":"Ancient Potion"}],"is_trial":false,"path_per_floor":["M","?","M","M","?","E","R","$","T","E","?","T","M","M"],"character_chosen":"IRONCLAD","items_purchased":["Dark Embrace"],"campfire_rested":0,"item_purchase_floors":[8],"current_hp_per_floor":[80,80,80,80,94,70,70,70,70,9,32,32,10,0],"gold":51,"neow_bonus":"THREE_ENEMY_KILL","is_prod":false,"is_daily":false,"chose_seed":false,"campfire_upgraded":0,"win_rate":0,"timestamp":1570129968,"path_taken":["M","?","M","?","?","E","R","?","T","E","?","?","M","?"],"build_version":"2019-07-17","purchased_purges":0,"victory":false,"max_hp_per_floor":[80,80,80,80,94,94,94,94,94,94,94,94,94,94],"card_choices":[{"not_picked":["Clash","Reckless Charge"],"picked":"Pommel Strike","floor":1},{"not_picked":["Sword Boomerang","Clash"],"picked":"Armaments","floor":3},{"not_picked":["Blood for Blood","Pommel Strike"],"picked":"Shockwave","floor":4},{"not_picked":["Intimidate","Armaments"],"picked":"Body Slam","floor":6},{"not_picked":["Twin Strike","Thunderclap"],"picked":"Wild Strike","floor":10},{"not_picked":["Flex","Sword Boomerang","Iron Wave"],"picked":"SKIP","floor":13}],"player_experience":215178,"relics_obtained":[{"floor":6,"key":"Whetstone"},{"floor":10,"key":"Lantern"}],"event_choices":[{"damage_healed":0,"gold_gain":0,"player_choice":"Trade","damage_taken":0,"relics_obtained":["NlothsMask"],"max_hp_gain":0,"max_hp_loss":0,"event_name":"FaceTrader","floor":2,"gold_loss":0},{"damage_healed":0,"gold_gain":0,"player_choice":"Box","damage_taken":0,"relics_obtained":["Mango"],"max_hp_gain":0,"max_hp_loss":0,"event_name":"Big Fish","floor":5,"gold_loss":0,"cards_obtained":["Regret"]},{"damage_healed":23,"gold_gain":0,"player_choice":"Healed","damage_taken":0,"max_hp_gain":0,"max_hp_loss":0,"event_name":"The Cleric","floor":11,"gold_loss":35}],"is_beta":false,"boss_relics":[],"items_purged_floors":[],"is_endless":false,"potions_floor_spawned":[6,10,13],"killed_by":"2 Fungi Beasts","ascension_level":2}