{"gold_per_floor":[113,126,126,58,75,75,93,126,175,175,192,227,282,300,300,377,377,392,392,65,81,95,95,112,112],"floor_reached":25,"playtime":1073,"items_purged":[],"score":355,"play_id":"3a45ef55-bc83-48d9-9456-c30cfa6708d8","local_time":"20190322061025","is_ascension_mode":true,"campfire_choices":[{"data":"Uppercut","floor":6,"key":"SMITH"},{"data":"Double Tap","floor":10,"key":"SMITH"},{"data":"True Grit","floor":15,"key":"SMITH"},{"floor":23,"key":"REST"}],"neow_cost":"NONE","seed_source_timestamp":699892285092581,"circlet_count":0,"master_deck":["AscendersBane","Strike_R","Strike_R","Strike_R+1","Strike_R","Strike_R","Defend_R","Defend_R","Defend_R","Defend_R","Bash+1","Cleave","Uppercut+1","Sentinel","Armaments","Double Tap+1","Seeing Red","Offering","Headbutt","True Grit+1","Reaper","Rampage","Dark Shackles"],"relics":["Burning Blood","Singing Bowl","Whetstone","Orichalcum","Blue Candle","Darkstone Periapt","Nloth\u0027s Gift","Bottled Flame"],"potions_floor_usage":[8,8,13,16,22,22],"damage_taken":[{"damage":0,"enemies":"Cultist","floor":1,"turns":1},{"damage":0,"enemies":"2 Louse","floor":2,"turns":1},{"damage":0,"enemies":"Jaw Worm","floor":5,"turns":1},{"damage":2,"enemies":"2 Fungi Beasts","floor":7,"turns":3},{"damage":25,"enemies":"Lagavulin","floor":8,"turns":7},{"damage":6,"enemies":"Looter","floor":11,"turns":3},{"damage":16,"enemies":"3 Sentries","floor":12,"turns":6},{"damage":12,"enemies":"Gremlin Nob","floor":13,"turns":3},{"damage":6,"enemies":"Blue Slaver","floor":14,"turns":2},{"damage":27,"enemies":"Hexaghost","floor":16,"turns":9},{"damage":13,"enemies":"Chosen","floor":18,"turns":5},{"damage":20,"enemies":"2 Thieves","floor":21,"turns":4},{"damage":45,"enemies":"Shelled Parasite and Fungi","floor":22,"turns":6},{"damage":53,"enemies":"Chosen and Byrds","floor":24,"turns":10},{"damage":31,"enemies":"Snecko","floor":25,"turns":4}],"seed_played":"-1264813100818966001","potions_obtained":[{"floor":5,"key":"Swift Potion"},{"floor":7,"key":"Poison Potion"},{"floor":8,"key":"Swift Potion"},{"floor":13,"key":"FearPotion"},{"floor":16,"key":"SkillPotion"},{"floor":21,"key":"Energy Potion"},{"floor":22,"key":"FairyPotion"},{"floor":24,"key":"Fire Potion"}],"is_trial":false,"path_per_floor":["M","M","?","$","M","R","M","E","T","R","M","E","?","M","R","B",null,"M","?","$","M","M","R","M","M"],"character_chosen":"IRONCLAD","items_purchased":["Uppercut","Bottled Flame","Dark Shackles"],"campfire_rested":1,"item_purchase_floors":[4,20,20],"current_hp_per_floor":[78,80,80,80,80,80,80,61,61,61,61,51,45,45,45,24,66,71,71,71,59,22,47,16,0],"gold":112,"neow_bonus":"THREE_ENEMY_KILL","is_prod":false,"is_daily":false,"chose_seed":false,"campfire_upgraded":3,"win_rate":0,"timestamp":1553202625,"path_taken":["M","?","?","?","M","R","M","E","T","R","M","E","?","M","R","BOSS","M","?","$","M","?","R","M","?"],"build_version":"2019-01-23","purchased_purges":0,"victory":false,"max_hp_per_floor":[80,80,80,80,80,80,80,80,80,80,80,80,80,80,80,80,80,80,80,80,82,84,84,86,86],"card_choices":[{"not_picked":["Clash","Pummel"],"picked":"Seeing Red","floor":1},{"not_picked":["Perfected Strike","Headbutt"],"picked":"Cleave","floor":2},{"not_picked":["Havoc","Warcry"],"picked":"Sentinel","floor":5},{"not_picked":["Pommel Strike","Clash"],"picked":"Armaments","floor":7},{"not_picked":["Rage","Heavy Blade"],"picked":"Double Tap","floor":8},{"not_picked":["Blood for Blood","Thunderclap"],"picked":"Seeing Red","floor":11},{"not_picked":["Wild Strike","Burning Pact"],"picked":"Offering","floor":12},{"not_picked":["Sentinel","Wild Strike"],"picked":"Headbutt","floor":13},{"not_picked":["Anger","Clothesline"],"picked":"True Grit","floor":14},{"not_picked":["Impervious","Immolate"],"picked":"Reaper","floor":16},{"not_picked":["Havoc","Body Slam"],"picked":"Rampage","floor":18},{"not_picked":["Flex","Iron Wave","Berserk"],"picked":"Singing Bowl","floor":21},{"not_picked":["Twin Strike","Cleave","Heavy Blade"],"picked":"Singing Bowl","floor":22},{"not_picked":["Shrug It Off","Iron Wave","Heavy Blade+1"],"picked":"Singing Bowl","floor":24}],"player_experience":599106,"relics_obtained":[{"floor":8,"key":"Whetstone"},{"floor":9,"key":"Orichalcum"},{"floor":12,"key":"Blue Candle"},{"floor":13,"key":"Darkstone Periapt"}],"event_choices":[{"cards_removed":["Seeing Red"],"damage_healed":0,"gold_gain":0,"player_choice":"Gave Card","damage_taken":0,"relics_obtained":["Singing Bowl"],"max_hp_gain":0,"max_hp_loss":0,"event_name":"WeMeetAgain","floor":3,"gold_loss":0},{"damage_healed":0,"gold_gain":30,"player_choice":"Searched \u00272\u0027 times","damage_taken":0,"max_hp_gain":0,"max_hp_loss":0,"event_name":"Dead Adventurer","floor":13,"gold_loss":0},{"damage_healed":0,"gold_gain":0,"player_choice":"Traded Relic","damage_taken":0,"relics_obtained":["Nloth\u0027s Gift"],"max_hp_gain":0,"max_hp_loss":0,"event_name":"N\u0027loth","floor":19,"relics_lost":["NeowsBlessing"],"gold_loss":0}],"is_beta":false,"boss_relics":[{"not_picked":["Snecko Eye","Coffee Dripper","Ectoplasm"]}],"items_purged_floors":[],"is_endless":false,"potions_floor_spawned":[5,7,8,13,16,21,22,24],"killed_by":"Snecko","ascension_level":13}