{"gold_per_floor":[116,180,180,199,199,199,224,224,277,298,311,331,331,355,355,355],"floor_reached":16,"playtime":586,"items_purged":[],"score":108,"play_id":"5eb0e6fc-5059-4f91-a224-f6906621d6bb","local_time":"20190823193421","is_ascension_mode":true,"campfire_choices":[{"data":"Limit Break","floor":6,"key":"SMITH"},{"data":"Heavy Blade","floor":8,"key":"SMITH"},{"floor":13,"key":"REST"},{"floor":15,"key":"REST"}],"neow_cost":"PERCENT_DAMAGE","seed_source_timestamp":13928382988481,"circlet_count":0,"master_deck":["Strike_R","Strike_R","Strike_R","Strike_R","Strike_R","Defend_R","Defend_R","Defend_R","Defend_R","Bash","Limit Break+1","Heavy Blade+1","Cleave","Flex"],"relics":["Burning Blood","Golden Idol","Lantern"],"potions_floor_usage":[16,16,16],"damage_taken":[{"damage":12,"enemies":"Jaw Worm","floor":1,"turns":2},{"damage":13,"enemies":"2 Louse","floor":4,"turns":2},{"damage":0,"enemies":"Small Slimes","floor":7,"turns":3},{"damage":43,"enemies":"Exordium Thugs","floor":10,"turns":6},{"damage":16,"enemies":"Blue Slaver","floor":11,"turns":3},{"damage":10,"enemies":"3 Louse","floor":12,"turns":3},{"damage":42,"enemies":"Exordium Wildlife","floor":14,"turns":7},{"damage":31,"enemies":"Hexaghost","floor":16,"turns":9}],"seed_played":"7174887555136130398","potions_obtained":[{"floor":4,"key":"PowerPotion"},{"floor":7,"key":"PowerPotion"},{"floor":10,"key":"Weak Potion"}],"is_trial":false,"path_per_floor":["M","?","?","M","?","R","M","R","T","M","M","M","R","M","R","B"],"character_chosen":"IRONCLAD","items_purchased":[],"campfire_rested":2,"item_purchase_floors":[],"current_hp_per_floor":[50,50,50,43,74,74,74,74,74,37,27,23,45,9,31,0],"gold":355,"neow_bonus":"THREE_RARE_CARDS","is_prod":false,"is_daily":false,"chose_seed":false,"campfire_upgraded":2,"win_rate":0,"timestamp":1566581661,"path_taken":["M","?","?","M","?","R","M","R","T","M","M","M","R","M","R","BOSS"],"build_version":"2019-07-17","purchased_purges":0,"victory":false,"max_hp_per_floor":[80,80,74,74,74,74,74,74,74,74,74,74,74,74,74,74],"card_choices":[{"not_picked":["Offering","Reaper"],"picked":"Limit Break","floor":0},{"not_picked":["Headbutt","Searing Blow"],"picked":"Hemokinesis","floor":1},{"not_picked":["Second Wind","Headbutt","Sword Boomerang"],"picked":"SKIP","floor":4},{"not_picked":["Dual Wield","Warcry"],"picked":"Heavy Blade","floor":7},{"not_picked":["Wild Strike","True Grit"],"picked":"Cleave","floor":10},{"not_picked":["Sentinel","Dropkick","Bloodletting"],"picked":"SKIP","floor":11},{"not_picked":["Armaments","Infernal Blade","Warcry"],"picked":"SKIP","floor":12},{"not_picked":["Heavy Blade","Blood for Blood"],"picked":"Flex","floor":14}],"player_experience":234013,"relics_obtained":[{"floor":9,"key":"Lantern"}],"event_choices":[{"damage_healed":0,"gold_gain":64,"player_choice":"Gained Gold","damage_taken":0,"max_hp_gain":0,"max_hp_loss":0,"event_name":"Golden Wing","floor":2,"gold_loss":0},{"damage_healed":0,"gold_gain":0,"player_choice":"Lose Max HP","damage_taken":0,"relics_obtained":["Golden Idol"],"max_hp_gain":0,"max_hp_loss":6,"event_name":"Golden Idol","floor":3,"gold_loss":0},{"cards_removed":["Hemokinesis"],"damage_healed":31,"gold_gain":0,"player_choice":"Offered Uncommon","damage_taken":0,"max_hp_gain":0,"max_hp_loss":0,"event_name":"Bonfire Elementals","floor":5,"gold_loss":0}],"is_beta":false,"boss_relics":[],"items_purged_floors":[],"is_endless":false,"potions_floor_spawned":[4,7,10,14],"killed_by":"Hexaghost","ascension_level":3}