{"gold_per_floor":[118,118,88,105,121,121,154,171,198,230,243,256,274,300,300,395,395,413,338,338,538,549,582,582,612,642,668,682,346,346,357,357,357],"floor_reached":33,"playtime":2530,"items_purged":["Strike_B"],"score":412,"play_id":"8b440037-efc9-4fc2-923c-a09e49432f01","local_time":"20181216024806","is_ascension_mode":true,"campfire_choices":[{"data":"Dualcast","floor":6,"key":"SMITH"},{"data":"Consume","floor":15,"key":"SMITH"},{"data":"Turbo","floor":24,"key":"SMITH"},{"floor":30,"key":"REST"},{"floor":32,"key":"REST"}],"neow_cost":"NONE","seed_source_timestamp":306775654386621,"circlet_count":0,"master_deck":["Strike_B","Strike_B","Defend_B","Defend_B","Defend_B","Defend_B","Zap+1","Dualcast+1","Hologram","Cold Snap","Cold Snap","Consume+1","Electrodynamics","Compile Driver+1","Leap","Coolheaded","Leap","Cold Snap+1","Redo","Turbo+1","Hologram+1","Steam","Loop","Seek","Conserve Battery","Ball Lightning","Coolheaded","Redo"],"relics":["Cracked Core","Question Card","Thread and Needle","Bottled Lightning","Odd Mushroom","Runic Pyramid","Strawberry","Whetstone","Pen Nib","Tiny Chest","Lantern","Oddly Smooth Stone"],"potions_floor_usage":[3,10,13,16,23,23,25,33,33],"damage_taken":[{"damage":0,"enemies":"Cultist","floor":1,"turns":3},{"damage":2,"enemies":"2 Louse","floor":4,"turns":2},{"damage":2,"enemies":"Jaw Worm","floor":5,"turns":4},{"damage":7,"enemies":"3 Sentries","floor":7,"turns":8},{"damage":3,"enemies":"3 Louse","floor":8,"turns":2},{"damage":1,"enemies":"Lagavulin","floor":10,"turns":6},{"damage":0,"enemies":"Exordium Wildlife","floor":11,"turns":4},{"damage":0,"enemies":"Looter","floor":12,"turns":3},{"damage":0,"enemies":"Lots of Slimes","floor":13,"turns":1},{"damage":3,"enemies":"The Mushroom Lair","floor":14,"turns":3},{"damage":7,"enemies":"Hexaghost","floor":16,"turns":11},{"damage":0,"enemies":"3 Byrds","floor":18,"turns":3},{"damage":0,"enemies":"Shell Parasite","floor":22,"turns":6},{"damage":18,"enemies":"Book of Stabbing","floor":23,"turns":6},{"damage":11,"enemies":"Slavers","floor":25,"turns":6},{"damage":24,"enemies":"Book of Stabbing","floor":27,"turns":7},{"damage":3,"enemies":"Centurion and Healer","floor":28,"turns":4},{"damage":2,"enemies":"Snake Plant","floor":31,"turns":5},{"damage":96,"enemies":"Champ","floor":33,"turns":21}],"seed_played":"-7145656590867366965","potions_obtained":[{"floor":3,"key":"Fruit Juice"},{"floor":3,"key":"GamblersBrew"},{"floor":4,"key":"Energy Potion"},{"floor":7,"key":"Poison Potion"},{"floor":8,"key":"Explosive Potion"},{"floor":13,"key":"PowerPotion"},{"floor":16,"key":"FocusPotion"},{"floor":22,"key":"Fire Potion"},{"floor":27,"key":"FearPotion"},{"floor":28,"key":"Swift Potion"}],"is_trial":false,"path_per_floor":["M","T","?","M","M","R","E","M","T","E","M","M","M","?","R","B",null,"M","?","?","?","M","E","R","E","T","E","M","$","R","M","R","B"],"character_chosen":"DEFECT","items_purchased":["Oddly Smooth Stone","Conserve Battery","Ball Lightning","Coolheaded"],"campfire_rested":2,"item_purchase_floors":[29,29,29,29],"current_hp_per_floor":[68,68,73,71,69,69,62,59,59,58,58,58,58,55,55,48,72,72,72,79,79,79,61,61,50,50,26,23,23,49,47,73,0],"gold":357,"neow_bonus":"UPGRADE_CARD","is_prod":false,"is_daily":false,"chose_seed":false,"campfire_upgraded":3,"win_rate":0,"timestamp":1544924886,"path_taken":["M","?","?","M","?","R","E","M","T","E","M","M","M","?","R","BOSS","M","?","?","?","M","E","R","E","T","E","M","$","R","M","R","BOSS"],"build_version":"2018-12-13","purchased_purges":1,"victory":false,"max_hp_per_floor":[75,75,80,80,80,80,80,80,80,80,80,80,80,80,80,80,80,80,80,87,87,87,87,87,87,87,87,87,87,87,87,87,87],"card_choices":[{"not_picked":["Barrage","Steam"],"picked":"Hologram","floor":1},{"not_picked":["Heatsinks","Go for the Eyes","Gash"],"picked":"Cold Snap","floor":4},{"not_picked":["Go for the Eyes","Steam","Streamline"],"picked":"Cold Snap","floor":5},{"not_picked":["Lockon","Double Energy","Leap"],"picked":"Consume","floor":7},{"not_picked":["Sweeping Beam","Steam","Rebound"],"picked":"Electrodynamics","floor":8},{"not_picked":["Hyperbeam","Gash","Barrage"],"picked":"Compile Driver","floor":10},{"not_picked":["Rebound","Barrage","Auto Shields"],"picked":"Leap","floor":11},{"not_picked":["Turbo","Steam","Leap"],"picked":"Coolheaded","floor":12},{"not_picked":["Force Field","Reprogram","Genetic Algorithm"],"picked":"Leap","floor":13},{"not_picked":["Beam Cell","Scrape","Steam Power"],"picked":"Cold Snap","floor":14},{"not_picked":["Darkness+1","Recycle","Hologram"],"picked":"Redo","floor":18},{"not_picked":["Streamline+1","Steam Power","Leap"],"picked":"Turbo","floor":22},{"not_picked":["Beam Cell","All For One","Barrage"],"picked":"Hologram+1","floor":23},{"not_picked":["Recycle+1","Rebound","Storm+1"],"picked":"Steam","floor":25},{"not_picked":["Hologram+1","Redo","Hello World"],"picked":"Loop","floor":27},{"not_picked":["Beam Cell","Barrage+1","Heatsinks"],"picked":"Seek","floor":28},{"not_picked":["Ball Lightning","Doom and Gloom+1","Rebound"],"picked":"Redo","floor":31}],"player_experience":363074,"relics_obtained":[{"floor":2,"key":"Question Card"},{"floor":7,"key":"Thread and Needle"},{"floor":10,"key":"Bottled Lightning"},{"floor":14,"key":"Odd Mushroom"},{"floor":23,"key":"Whetstone"},{"floor":25,"key":"Pen Nib"},{"floor":26,"key":"Tiny Chest"},{"floor":27,"key":"Lantern"}],"event_choices":[{"damage_healed":0,"gold_gain":0,"player_choice":"Bought 2 Potions","damage_taken":0,"max_hp_gain":0,"max_hp_loss":0,"event_name":"The Woman in Blue","floor":3,"gold_loss":0},{"damage_healed":0,"gold_gain":0,"player_choice":"Fought Mushrooms","damage_taken":0,"max_hp_gain":0,"max_hp_loss":0,"event_name":"Mushrooms","floor":14,"gold_loss":0},{"cards_removed":["Strike_B"],"damage_healed":0,"gold_gain":0,"player_choice":"Gave Gold","damage_taken":0,"max_hp_gain":0,"max_hp_loss":0,"event_name":"Beggar","floor":19,"gold_loss":75},{"damage_healed":0,"gold_gain":0,"player_choice":"Opened","damage_taken":0,"relics_obtained":["Strawberry"],"max_hp_gain":0,"max_hp_loss":0,"event_name":"The Mausoleum","floor":20,"gold_loss":0},{"damage_healed":0,"gold_gain":250,"player_choice":"Bet on Owner","damage_taken":0,"max_hp_gain":0,"max_hp_loss":0,"event_name":"The Joust","floor":21,"gold_loss":50}],"is_beta":false,"boss_relics":[{"not_picked":["Lizard Tail","Snecko Eye"],"picked":"Runic Pyramid"}],"items_purged_floors":[29],"is_endless":false,"potions_floor_spawned":[4,7,8,13,16,22,27,28],"killed_by":"Champ","ascension_level":6}