{"path_per_floor":["M","?","M","$","M","E","R","E","T","M","E","R","?","M","R","B",null,"M","M","?","M","M","?","R","?","T","R","M","M","R","M","R"],"character_chosen":"IRONCLAD","items_purchased":[],"gold_per_floor":[99,99,99,24,24,24,24,24,24,24,24,24,24,24,24,24,24,0,0,0,0,0,0,0,0,0,0,0,0,0,0,0],"floor_reached":33,"campfire_rested":4,"playtime":1934,"current_hp_per_floor":[78,71,69,69,69,53,53,45,45,36,17,43,43,43,43,29,73,66,61,61,40,11,11,37,37,37,37,35,23,49,36,62],"items_purged":["Defend_R"],"gold":0,"score":336,"play_id":"4d41a501-c4b4-4142-91bf-066b82d7b68b","local_time":"20180312155047","is_prod":false,"is_daily":false,"is_ascension_mode":true,"campfire_upgraded":3,"timestamp":1520866247,"path_taken":["M","?","M","$","?","E","R","E","T","M","E","R","?","M","R","BOSS","M","?","?","M","M","?","R","?","T","R","M","?","R","M","R","BOSS"],"build_version":"2018-03-09","purchased_purges":1,"victory":false,"master_deck":["Strike_R","Strike_R","Strike_R","Defend_R","Defend_R","Defend_R","Bash","Flex","Armaments+1","Thunderclap","Rampage+1","Headbutt","Flex","Limit Break+1","Thunderclap","Headbutt","Flex+1","Decay","Iron Wave+1","Seeing Red"],"max_hp_per_floor":[80,80,80,80,80,80,80,87,87,87,87,87,87,87,87,87,87,87,87,87,87,87,87,87,87,87,87,87,87,87,87,87],"relics":["Ectoplasm","Bag of Preparation","Strawberry","Sundial","Orichalcum","Sozu","Calipers"],"card_choices":[{"not_picked":["Clothesline","Dual Wield"],"picked":"Flex"},{"not_picked":["Shockwave","Sentinel"],"picked":"Armaments"},{"not_picked":["Flame Barrier","Cleave"],"picked":"Thunderclap"},{"not_picked":["Sword Boomerang","Clash"],"picked":"Rampage"},{"not_picked":["Anger","Rupture"],"picked":"Headbutt"},{"not_picked":["Bludgeon","Clash"],"picked":"Flex"},{"not_picked":["Brutality","Juggernaut"],"picked":"Limit Break"},{"not_picked":["Iron Wave","Flame Barrier"],"picked":"Thunderclap"},{"not_picked":["Second Wind","Armaments"],"picked":"Headbutt"},{"not_picked":["True Grit","Entrench"],"picked":"Flex"},{"not_picked":["Anger","Body Slam"],"picked":"Iron Wave"},{"not_picked":["Wild Strike","Havoc"],"picked":"Seeing Red"}],"player_experience":210486,"potions_floor_usage":[6,8,18,19],"damage_taken":[{"damage":2,"enemies":"Small Slimes","floor":1,"turns":3},{"damage":2,"enemies":"2 Louse","floor":3,"turns":2},{"damage":0,"enemies":"Cultist","floor":5,"turns":2},{"damage":16,"enemies":"Lagavulin","floor":6,"turns":6},{"damage":15,"enemies":"Gremlin Nob","floor":8,"turns":3},{"damage":9,"enemies":"2 Fungi Beasts","floor":10,"turns":2},{"damage":19,"enemies":"3 Sentries","floor":11,"turns":5},{"damage":0,"enemies":"Large Slime","floor":14,"turns":3},{"damage":14,"enemies":"Hexaghost","floor":16,"turns":7},{"damage":7,"enemies":"2 Thieves","floor":18,"turns":3},{"damage":5,"enemies":"3 Byrds","floor":19,"turns":4},{"damage":21,"enemies":"Snake Plant","floor":21,"turns":3},{"damage":29,"enemies":"Slaver and Parasite","floor":22,"turns":4},{"damage":2,"enemies":"Snecko","floor":28,"turns":3},{"damage":12,"enemies":"Centurion and Healer","floor":29,"turns":4},{"damage":13,"enemies":"3 Cultists","floor":31,"turns":4},{"damage":84,"enemies":"Automaton","floor":33,"turns":6}],"event_choices":[{"event_name":"Golden Wing","player_choice":"Card Removal","floor":2,"damage_taken":0},{"event_name":"Dead Adventurer","player_choice":"Searched \u00271\u0027 times","floor":13,"damage_taken":0},{"event_name":"The Lab","player_choice":"Got Potions","floor":20,"damage_taken":0},{"event_name":"Back to Basics","player_choice":"Elegance","floor":23,"damage_taken":0},{"event_name":"Forgotten Altar","player_choice":"Smashed Altar","floor":25,"damage_taken":0}],"boss_relics":[{"not_picked":["Mark of Pain","Runic Dome"],"picked":"Sozu"}],"potions_floor_spawned":[5,6,8,14,22,28,29],"seed_played":"-2421091912103685640","killed_by":"Automaton","ascension_level":5,"is_trial":false}