{"gold_per_floor":[116,66,66,141,151,151,179,179,179,179,206,216,227,245,245,348,348,358,375,375,375],"floor_reached":21,"playtime":1214,"items_purged":[],"score":293,"play_id":"72218357-3666-453e-96a3-f53fcd052b7e","local_time":"20190101150531","is_ascension_mode":true,"campfire_choices":[{"data":"Zap","floor":6,"key":"SMITH"},{"floor":8,"key":"REST"},{"floor":10,"key":"REST"},{"floor":15,"key":"REST"}],"neow_cost":"NONE","seed_source_timestamp":1008793491796405,"circlet_count":0,"master_deck":["AscendersBane","Strike_B","Strike_B","Strike_B","Defend_B","Defend_B","Defend_B","Defend_B","Zap+1","Dualcast","Meteor Strike","Leap","Core Surge","Fusion+1","Coolheaded","Steam","Machine Learning","Steam","Self Repair"],"relics":["Cracked Core","Shuriken","Pantograph","Strawberry","Fusion Hammer"],"potions_floor_usage":[7,11,18],"damage_taken":[{"damage":1,"enemies":"Cultist","floor":1,"turns":4},{"damage":1,"enemies":"2 Louse","floor":5,"turns":2},{"damage":50,"enemies":"Lagavulin","floor":7,"turns":9},{"damage":35,"enemies":"3 Sentries","floor":11,"turns":10},{"damage":2,"enemies":"Jaw Worm","floor":12,"turns":3},{"damage":8,"enemies":"Large Slime","floor":13,"turns":7},{"damage":8,"enemies":"Blue Slaver","floor":14,"turns":3},{"damage":41,"enemies":"The Guardian","floor":16,"turns":16},{"damage":0,"enemies":"Spheric Guardian","floor":18,"turns":4},{"damage":33,"enemies":"2 Thieves","floor":19,"turns":4},{"damage":32,"enemies":"Snake Plant","floor":21,"turns":4}],"seed_played":"-5048400695014923594","potions_obtained":[{"floor":1,"key":"AttackPotion"},{"floor":5,"key":"Strength Potion"},{"floor":16,"key":"SpeedPotion"},{"floor":19,"key":"SteroidPotion"}],"is_trial":false,"path_per_floor":["M","?","$","?","M","R","E","R","T","R","E","M","M","M","R","B",null,"M","M","?","M"],"character_chosen":"DEFECT","items_purchased":[],"campfire_rested":3,"item_purchase_floors":[],"current_hp_per_floor":[67,67,67,60,59,59,9,31,31,53,25,23,15,7,31,15,65,65,32,32,0],"gold":375,"neow_bonus":"ONE_RANDOM_RARE_CARD","is_prod":false,"is_daily":false,"chose_seed":false,"campfire_upgraded":1,"win_rate":0,"timestamp":1546351531,"path_taken":["M","?","$","?","M","R","E","R","T","R","E","M","M","M","R","BOSS","M","M","?","M"],"build_version":"2018-12-20","purchased_purges":0,"victory":false,"max_hp_per_floor":[75,75,75,75,75,75,75,75,75,75,82,82,82,82,82,82,82,82,82,82,82],"card_choices":[{"not_picked":["Storm","Aggregate","Rebound"],"picked":"SKIP","floor":1},{"not_picked":["Beam Cell","Coolheaded"],"picked":"Leap","floor":5},{"not_picked":["Cold Snap","Force Field"],"picked":"Core Surge","floor":7},{"not_picked":["Cold Snap","Hello World"],"picked":"Fusion","floor":11},{"not_picked":["Skim","Storm"],"picked":"Coolheaded","floor":12},{"not_picked":["Hologram","Genetic Algorithm","Barrage"],"picked":"SKIP","floor":13},{"not_picked":["Stack","Streamline"],"picked":"Steam","floor":14},{"not_picked":["Amplify","All For One"],"picked":"Machine Learning","floor":16},{"not_picked":["Rip and Tear","Sweeping Beam+1"],"picked":"Steam","floor":18},{"not_picked":["Reinforced Body+1","Redo+1"],"picked":"Self Repair","floor":19}],"player_experience":421349,"relics_obtained":[{"floor":7,"key":"Shuriken"},{"floor":9,"key":"Pantograph"},{"floor":11,"key":"Strawberry"}],"event_choices":[{"cards_removed":["Strike_B"],"damage_healed":0,"gold_gain":0,"player_choice":"Card Removal","damage_taken":0,"max_hp_gain":0,"max_hp_loss":0,"event_name":"The Cleric","floor":2,"gold_loss":50},{"damage_healed":0,"gold_gain":75,"player_choice":"Touch","damage_taken":7,"max_hp_gain":0,"max_hp_loss":0,"event_name":"FaceTrader","floor":4,"gold_loss":0},{"damage_healed":0,"gold_gain":0,"player_choice":"Forge","damage_taken":0,"max_hp_gain":0,"max_hp_loss":0,"event_name":"Accursed Blacksmith","floor":20,"gold_loss":0,"cards_upgraded":["Fusion"]}],"is_beta":false,"boss_relics":[{"not_picked":["Pandora\u0027s Box","Black Star"],"picked":"Fusion Hammer"}],"items_purged_floors":[],"is_endless":false,"potions_floor_spawned":[1,5,16,19],"killed_by":"Snake Plant","ascension_level":11}