{"gold_per_floor":[110,120,120,136,146,146,175,193,240,56,85,48,62,79,79,79],"floor_reached":16,"playtime":638,"items_purged":[],"score":156,"play_id":"6f8c9ab8-6b71-4638-8a08-34534398009b","local_time":"20191010121928","is_ascension_mode":true,"campfire_choices":[{"data":"Bash","floor":6,"key":"SMITH"},{"data":"Whirlwind","floor":15,"key":"SMITH"}],"neow_cost":"NONE","seed_source_timestamp":1486939541200,"circlet_count":0,"master_deck":["Strike_R","Strike_R","Strike_R","Strike_R","Defend_R","Defend_R","Defend_R","Defend_R","Bash+1","Shockwave","Twin Strike","Headbutt","Whirlwind+1","Pummel","Wild Strike+1","Whirlwind+1","Pummel+1","Twin Strike+1"],"relics":["Burning Blood","Pear","Strawberry","Bag of Preparation","Molten Egg 2"],"potions_floor_usage":[11,13],"damage_taken":[{"damage":8,"enemies":"Jaw Worm","floor":1,"turns":5},{"damage":6,"enemies":"Cultist","floor":2,"turns":4},{"damage":4,"enemies":"2 Louse","floor":4,"turns":4},{"damage":1,"enemies":"2 Fungi Beasts","floor":5,"turns":5},{"damage":37,"enemies":"Lagavulin","floor":7,"turns":7},{"damage":36,"enemies":"Lots of Slimes","floor":8,"turns":6},{"damage":35,"enemies":"3 Sentries","floor":11,"turns":8},{"damage":1,"enemies":"Red Slaver","floor":13,"turns":3},{"damage":0,"enemies":"Gremlin Gang","floor":14,"turns":1},{"damage":28,"enemies":"The Guardian","floor":16,"turns":5}],"seed_played":"-2312751487134189391","potions_obtained":[{"floor":4,"key":"Ancient Potion"},{"floor":5,"key":"EssenceOfSteel"},{"floor":7,"key":"AttackPotion"}],"is_trial":false,"path_per_floor":["M","M","?","M","M","R","E","M","T","$","E","$","M","M","R","B"],"character_chosen":"IRONCLAD","items_purchased":["Bag of Preparation","Pummel","Whirlwind+1"],"campfire_rested":0,"item_purchase_floors":[10,10,12],"current_hp_per_floor":[86,86,86,88,88,88,67,37,44,44,15,15,20,26,26,0],"gold":79,"neow_bonus":"TEN_PERCENT_HP_BONUS","is_prod":false,"is_daily":false,"chose_seed":false,"campfire_upgraded":2,"win_rate":0,"timestamp":1570673968,"path_taken":["M","M","?","M","?","R","E","M","T","?","E","$","M","M","R","BOSS"],"build_version":"2019-10-09","purchased_purges":0,"victory":false,"max_hp_per_floor":[88,88,88,88,88,88,98,98,105,105,105,105,105,105,105,105],"card_choices":[{"not_picked":["Twin Strike","Sever Soul"],"picked":"Shockwave","floor":1},{"not_picked":["Searing Blow","True Grit","Rage"],"picked":"SKIP","floor":2},{"not_picked":["Anger","Clash","Heavy Blade"],"picked":"SKIP","floor":4},{"not_picked":["Infernal Blade","Body Slam"],"picked":"Twin Strike","floor":5},{"not_picked":["Anger","Dark Embrace"],"picked":"Headbutt","floor":7},{"not_picked":["Rupture","Heavy Blade"],"picked":"Whirlwind","floor":8},{"not_picked":["Hemokinesis","Heavy Blade"],"picked":"Wild Strike","floor":11},{"not_picked":["Headbutt+1","Clash+1"],"picked":"Pummel+1","floor":13},{"not_picked":["Searing Blow+1","Flex"],"picked":"Twin Strike+1","floor":14}],"player_experience":32988,"relics_obtained":[{"floor":7,"key":"Pear"},{"floor":9,"key":"Strawberry"},{"floor":11,"key":"Molten Egg 2"}],"event_choices":[{"cards_removed":["Strike_R"],"damage_healed":0,"gold_gain":0,"player_choice":"Card Removal","damage_taken":0,"max_hp_gain":0,"max_hp_loss":0,"event_name":"Wheel of Change","floor":3,"gold_loss":0}],"is_beta":true,"boss_relics":[],"items_purged_floors":[],"is_endless":false,"potions_floor_spawned":[4,5,7],"killed_by":"The Guardian","ascension_level":3}