{"gold_per_floor":[113,38,213,232,232,261,261,281,281,300,332,351,351,5,5,5],"floor_reached":16,"playtime":885,"items_purged":["Strike_R","Strike_R"],"score":155,"play_id":"70d6ce82-3d5b-44cb-81fc-7af765880780","local_time":"20190823161228","is_ascension_mode":true,"campfire_choices":[{"floor":13,"key":"REST"},{"data":"Heavy Blade","floor":15,"key":"SMITH"}],"neow_cost":"NONE","seed_source_timestamp":1513202351779,"circlet_count":0,"master_deck":["Strike_R","Strike_R","Defend_R","Defend_R","Defend_R","Defend_R","Bash","Headbutt","Battle Trance","Impervious","Intimidate","Flex","Impervious","Heavy Blade+1","Shrug It Off"],"relics":["Burning Blood","NeowsBlessing","Shuriken","Dream Catcher","Paper Frog"],"potions_floor_usage":[11,11,16],"damage_taken":[{"damage":0,"enemies":"Cultist","floor":1,"turns":1},{"damage":0,"enemies":"Jaw Worm","floor":4,"turns":1},{"damage":0,"enemies":"Gremlin Nob","floor":6,"turns":1},{"damage":10,"enemies":"Small Slimes","floor":8,"turns":4},{"damage":23,"enemies":"Exordium Thugs","floor":10,"turns":6},{"damage":55,"enemies":"3 Sentries","floor":11,"turns":15},{"damage":0,"enemies":"Large Slime","floor":12,"turns":6},{"damage":58,"enemies":"The Guardian","floor":16,"turns":13}],"seed_played":"-6837246811972879964","potions_obtained":[{"floor":4,"key":"PowerPotion"},{"floor":6,"key":"Ancient Potion"},{"floor":10,"key":"Poison Potion"},{"floor":11,"key":"Strength Potion"}],"is_trial":false,"path_per_floor":["M","$","?","M","?","E","?","M","T","M","E","M","R","$","R","B"],"character_chosen":"IRONCLAD","items_purchased":["Paper Frog"],"campfire_rested":1,"item_purchase_floors":[14],"current_hp_per_floor":[80,80,80,80,73,79,79,75,75,58,9,15,39,39,39,0],"gold":5,"neow_bonus":"THREE_ENEMY_KILL","is_prod":false,"is_daily":false,"chose_seed":false,"campfire_upgraded":1,"win_rate":0,"timestamp":1566569548,"path_taken":["M","?","?","M","?","E","?","M","T","?","E","M","R","?","R","BOSS"],"build_version":"2019-07-17","purchased_purges":2,"victory":false,"max_hp_per_floor":[80,80,80,80,80,80,80,80,80,80,80,80,80,80,80,80],"card_choices":[{"not_picked":["Clash","Anger"],"picked":"Headbutt","floor":1},{"not_picked":["Hemokinesis","Uppercut"],"picked":"Battle Trance","floor":4},{"not_picked":["Reckless Charge","Whirlwind"],"picked":"Impervious","floor":6},{"not_picked":["Clash","Thunderclap"],"picked":"Intimidate","floor":8},{"not_picked":["Warcry","Uppercut"],"picked":"Flex","floor":10},{"not_picked":["Wild Strike","Blood for Blood"],"picked":"Impervious","floor":11},{"not_picked":["Twin Strike","Body Slam"],"picked":"Heavy Blade","floor":12},{"not_picked":["Combust","Heavy Blade"],"picked":"Shrug It Off","floor":13}],"player_experience":230562,"relics_obtained":[{"floor":6,"key":"Shuriken"},{"floor":11,"key":"Dream Catcher"}],"event_choices":[{"damage_healed":0,"gold_gain":175,"player_choice":"AGREE","damage_taken":0,"max_hp_gain":0,"max_hp_loss":0,"event_name":"Liars Game","floor":3,"gold_loss":0,"cards_obtained":["Doubt"]},{"cards_removed":["Doubt"],"damage_healed":0,"gold_gain":0,"player_choice":"Card Removal","damage_taken":7,"max_hp_gain":0,"max_hp_loss":0,"event_name":"Golden Wing","floor":5,"gold_loss":0},{"cards_removed":["Strike_R"],"damage_healed":0,"gold_gain":0,"player_choice":"Purged","damage_taken":0,"max_hp_gain":0,"max_hp_loss":0,"event_name":"Purifier","floor":7,"gold_loss":0}],"is_beta":false,"boss_relics":[],"items_purged_floors":[2,14],"is_endless":false,"potions_floor_spawned":[4,6,10,11],"killed_by":"The Guardian","ascension_level":3}