{"gold_per_floor":[13,30,49,49,63,93,93,107,187,187,152,166,166,493,493,594,644,662,662,677,688,706,706,741,756,756,776,92,104,124,41,41,136,136,150,161,161,174,189,189,207,220,220,238,263,263,277,293,293,293],"floor_reached":51,"playtime":7236,"items_purged":["Night Terror"],"score":766,"play_id":"72e85a90-df33-4179-b616-592cdf5d8b4e","local_time":"20190412110059","is_ascension_mode":false,"campfire_choices":[{"data":"Outmaneuver","floor":10.0,"key":"SMITH"},{"data":"Deadly Poison","floor":13.0,"key":"SMITH"},{"data":"Blur","floor":15.0,"key":"SMITH"},{"floor":23.0,"key":"REST"},{"floor":32,"key":"REST"},{"floor":40,"key":"REST"},{"data":"Infinite Blades","floor":46,"key":"SMITH"},{"floor":49,"key":"REST"}],"neow_cost":"NO_GOLD","seed_source_timestamp":0,"circlet_count":0,"master_deck":["Defend_G","Defend_G","Defend_G","Defend_G","Defend_G+1","Strike_G+1","Strike_G","Strike_G","Strike_G","Strike_G","Survivor+1","Neutralize","Noxious Fumes+1","Outmaneuver+1","Slice","Deflect","Blur+1","Escape Plan+1","Deadly Poison+1","PiercingWail","Leg Sweep","Dagger Throw+1","Backstab","Slice+1","Backflip","Catalyst","Well Laid Plans","Blur+1","Dodge and Roll+1","Tools of the Trade","Backstab","Crippling Poison","Backflip+1","Poisoned Stab","Poisoned Stab","Distraction+1","Burst","Catalyst","Escape Plan+1","Backstab","Bouncing Flask","Footwork+1","Backstab+1","Underhanded Strike+1","Infinite Blades+1","Prepared+1","Acrobatics+1","Underhanded Strike+1","Acrobatics+1","Noxious Fumes","Prepared+1"],"special_seed":0,"relics":["Ring of the Snake","Dodecahedron","Pantograph","Old Coin","Tiny House","Bronze Scales","Orichalcum","Thread and Needle","Orrery","War Paint","Happy Flower"],"potions_floor_usage":[30,33,33,39,41,42,42,42,42,44,50,50,50],"damage_taken":[{"damage":1.0,"enemies":"Cultist","floor":1.0,"turns":4.0},{"damage":2.0,"enemies":"2 Louse","floor":2.0,"turns":4.0},{"damage":2.0,"enemies":"Small Slimes","floor":3.0,"turns":5.0},{"damage":2.0,"enemies":"Blue Slaver","floor":5.0,"turns":4.0},{"damage":16.0,"enemies":"Lagavulin","floor":6.0,"turns":8.0},{"damage":0.0,"enemies":"Exordium Wildlife","floor":8.0,"turns":6.0},{"damage":0.0,"enemies":"Looter","floor":12.0,"turns":4.0},{"damage":3.0,"enemies":"3 Sentries","floor":14.0,"turns":8.0},{"damage":13.0,"enemies":"Hexaghost","floor":16.0,"turns":9.0},{"damage":1.0,"enemies":"Shell Parasite","floor":18.0,"turns":8.0},{"damage":17.0,"enemies":"Chosen","floor":20.0,"turns":7.0},{"damage":11.0,"enemies":"Snake Plant","floor":21.0,"turns":6.0},{"damage":33.0,"enemies":"Cultist and Chosen","floor":22.0,"turns":7.0},{"damage":7.0,"enemies":"Slavers","floor":24.0,"turns":7.0},{"damage":32,"enemies":"3 Cultists","floor":25,"turns":6},{"damage":0,"enemies":"Snake Plant","floor":27,"turns":3},{"damage":0,"enemies":"Snecko","floor":29,"turns":6},{"damage":10,"enemies":"Shelled Parasite and Fungi","floor":30,"turns":5},{"damage":17,"enemies":"Champ","floor":33,"turns":14},{"damage":0,"enemies":"Orb Walker","floor":35,"turns":4},{"damage":3,"enemies":"3 Shapes","floor":36,"turns":4},{"damage":0,"enemies":"Sphere and 2 Shapes","floor":38,"turns":7},{"damage":43,"enemies":"Transient","floor":39,"turns":5},{"damage":1,"enemies":"Spire Growth","floor":41,"turns":6},{"damage":23,"enemies":"Writhing Mass","floor":42,"turns":8},{"damage":14,"enemies":"Transient","floor":44,"turns":5},{"damage":0,"enemies":"4 Shapes","floor":47,"turns":4},{"damage":39,"enemies":"Spire Growth","floor":48,"turns":5},{"damage":73,"enemies":"Time Eater","floor":50,"turns":12}],"seed_played":"505104403046822840","potions_obtained":[{"floor":3.0,"key":"Energy Potion"},{"floor":8.0,"key":"Block Potion"},{"floor":14.0,"key":"PowerPotion"},{"floor":17.0,"key":"Swift Potion"},{"floor":20.0,"key":"Explosive Potion"},{"floor":22.0,"key":"GhostInAJar"},{"floor":24,"key":"Swift Potion"},{"floor":30,"key":"PowerPotion"},{"floor":36,"key":"Fire Potion"},{"floor":38,"key":"EntropicBrew"},{"floor":42,"key":"LiquidBronze"},{"floor":44,"key":"SteroidPotion"},{"floor":47,"key":"Dexterity Potion"}],"is_trial":false,"path_per_floor":["M","M","M","?","M","E","?","M","T","R","?","M","R","E","R","B",null,"M","?","M","M","M","R","E","M","T","M","$","M","M","$","R","B",null,"M","M","?","M","M","R","M","M","T","M","T","R","M","M","R","B",null],"character_chosen":"THE_SILENT","items_purchased":["Tools of the Trade","Backstab","Crippling Poison","Thread and Needle","Poisoned Stab","Distraction"],"campfire_rested":4,"item_purchase_floors":[28,28,28,28,31,31],"current_hp_per_floor":[83,81,79,79,77,61,44,44,44,44,65,65,65,62,62,71,89,88,88,71,60,27,53,46,14,14,14,14,14,4,4,30,38,89,89,86,86,86,43,69,68,80,80,66,66,66,66,27,53,5],"gold":293,"neow_bonus":"TWENTY_PERCENT_HP_BONUS","is_prod":false,"is_daily":false,"chose_seed":false,"campfire_upgraded":4,"win_rate":0.0,"timestamp":1555081259,"path_taken":["M","M","M","?","M","E","?","M","T","R","?","?","R","E","R","BOSS","M","?","M","M","M","R","E","M","T","M","$","M","M","$","R","BOSS","M","M","?","M","?","R","M","M","T","M","?","R","M","M","R","BOSS"],"build_version":"2019-01-23","purchased_purges":1,"victory":true,"max_hp_per_floor":[84,84,84,84,84,84,84,84,84,84,84,84,84,84,84,84,89,89,89,89,89,89,89,89,89,89,89,89,89,89,89,89,89,89,89,89,89,89,89,89,89,89,89,89,89,89,89,89,89,89],"card_choices":[{"not_picked":["Sucker Punch","Flying Knee"],"picked":"Noxious Fumes","floor":1.0},{"not_picked":["Sucker Punch","Terror"],"picked":"Outmaneuver","floor":2.0},{"not_picked":["Bane","Eviscerate"],"picked":"Slice","floor":3.0},{"not_picked":["Infinite Blades","Dagger Throw"],"picked":"Deflect","floor":5.0},{"not_picked":["Deflect","Escape Plan"],"picked":"Blur","floor":6.0},{"not_picked":["Underhanded Strike","Choke"],"picked":"Escape Plan","floor":8.0},{"not_picked":["Outmaneuver","Well Laid Plans"],"picked":"Deadly Poison","floor":12.0},{"not_picked":["Slice","Eviscerate"],"picked":"PiercingWail","floor":14.0},{"not_picked":["Malaise","Bullet Time"],"picked":"Night Terror","floor":16.0},{"not_picked":["Bane","Eviscerate"],"picked":"Leg Sweep","floor":17.0},{"not_picked":["Underhanded Strike","Well Laid Plans"],"picked":"Dagger Throw+1","floor":18.0},{"not_picked":["Acrobatics","Flying Knee"],"picked":"Slice+1","floor":20.0},{"not_picked":["Flying Knee","Slice+1"],"picked":"Backflip","floor":21.0},{"not_picked":["Masterful Stab","Well Laid Plans"],"picked":"Catalyst","floor":22.0},{"not_picked":["Prepared","Terror"],"picked":"Well Laid Plans","floor":24},{"not_picked":["Quick Slash","Outmaneuver+1"],"picked":"Blur+1","floor":25},{"not_picked":["Dagger Throw+1","Skewer"],"picked":"Dodge and Roll+1","floor":27},{"not_picked":["Die Die Die","Slice+1"],"picked":"Backflip+1","floor":29},{"not_picked":["Blade Dance","Flying Knee+1"],"picked":"Poisoned Stab","floor":30},{"not_picked":["Adrenaline","Unload"],"picked":"Burst","floor":33},{"not_picked":["Footwork","Infinite Blades"],"picked":"Catalyst","floor":34},{"not_picked":["Flying Knee","Deflect"],"picked":"Escape Plan+1","floor":34},{"not_picked":["Calculated Gamble","Blur"],"picked":"Backstab","floor":34},{"not_picked":["Terror","Outmaneuver"],"picked":"Bouncing Flask","floor":34},{"not_picked":["Blade Dance","Dash"],"picked":"Footwork+1","floor":34},{"not_picked":["PiercingWail+1","Choke+1"],"picked":"Backstab+1","floor":35},{"not_picked":["Eviscerate+1","Predator+1"],"picked":"Underhanded Strike+1","floor":36},{"not_picked":["Slice+1","Skewer"],"picked":"Infinite Blades","floor":38},{"not_picked":["Slice+1","Sucker Punch"],"picked":"Prepared+1","floor":39},{"not_picked":["Outmaneuver","Deadly Poison"],"picked":"Acrobatics+1","floor":41},{"not_picked":["Endless Agony+1","Wraith Form v2"],"picked":"Underhanded Strike+1","floor":42},{"not_picked":["Eviscerate","Outmaneuver"],"picked":"Acrobatics+1","floor":44},{"not_picked":["Endless Agony","Underhanded Strike"],"picked":"Noxious Fumes","floor":47},{"not_picked":["Quick Slash+1","Backflip"],"picked":"Prepared+1","floor":48}],"player_experience":39406,"relics_obtained":[{"floor":6.0,"key":"Dodecahedron"},{"floor":9.0,"key":"Pantograph"},{"floor":14.0,"key":"Old Coin"},{"floor":24,"key":"Bronze Scales"},{"floor":26,"key":"Orichalcum"},{"floor":43,"key":"War Paint"},{"floor":45,"key":"Happy Flower"}],"event_choices":[{"damage_healed":0.0,"max_hp_gain":0.0,"max_hp_loss":0.0,"gold_gain":0.0,"event_name":"Living Wall","player_choice":"Grow","floor":4.0,"gold_loss":0.0,"damage_taken":0.0,"cards_upgraded":["Noxious Fumes"]},{"damage_healed":0.0,"max_hp_gain":0.0,"max_hp_loss":0.0,"gold_gain":0.0,"event_name":"Shining Light","player_choice":"Entered Light","floor":7.0,"gold_loss":0.0,"damage_taken":17.0,"cards_upgraded":["Strike_G","Defend_G"]},{"damage_healed":21.0,"max_hp_gain":0.0,"max_hp_loss":0.0,"gold_gain":0.0,"event_name":"The Cleric","player_choice":"Healed","floor":11.0,"gold_loss":35.0,"damage_taken":0.0},{"damage_healed":0.0,"max_hp_gain":0.0,"max_hp_loss":0.0,"gold_gain":0.0,"event_name":"The Library","player_choice":"Read","floor":19.0,"gold_loss":0.0,"damage_taken":0.0,"cards_obtained":["Backstab"]},{"damage_healed":0,"gold_gain":0,"player_choice":"Ignored","damage_taken":0,"max_hp_gain":0,"max_hp_loss":0,"event_name":"NoteForYourself","floor":37,"gold_loss":0}],"is_beta":false,"boss_relics":[{"not_picked":["Velvet Choker","Snecko Eye"],"picked":"Tiny House"},{"not_picked":["Fusion Hammer","Runic Pyramid"],"picked":"Orrery"}],"items_purged_floors":[28],"is_endless":false,"potions_floor_spawned":[3,8,14,20,22,24,29,30,36,38,42,44,47],"ascension_level":0}