{"gold_per_floor":[116,116,116,131,151,180,196,215,215,215,228,228,245,245,245,349,349,323,333,62,62,62],"floor_reached":22,"playtime":3412,"items_purged":[],"score":188,"play_id":"a6d83d08-6b82-419f-82ae-8b212e3211bc","local_time":"20190410124241","is_ascension_mode":false,"campfire_choices":[{"floor":12,"key":"REST"},{"data":"Searing Blow","floor":15,"key":"SMITH"}],"neow_cost":"","seed_source_timestamp":3433971622511029,"circlet_count":0,"master_deck":["Strike_R+1","Strike_R","Strike_R","Strike_R","Defend_R","Defend_R","Defend_R","Bash","Shrug It Off","Flame Barrier","Searing Blow+1","Iron Wave+1","Barricade","Headbutt","Clothesline","Rage","Perfected Strike","Fiend Fire","Sword Boomerang","Cleave","Inflame","Impervious","Dropkick"],"relics":["Burning Blood","Whetstone","Mango","Pantograph","White Beast Statue"],"potions_floor_usage":[8,22],"damage_taken":[{"damage":8,"enemies":"Small Slimes","floor":1,"turns":4},{"damage":2,"enemies":"Cultist","floor":4,"turns":4},{"damage":6,"enemies":"Jaw Worm","floor":5,"turns":4},{"damage":48,"enemies":"Gremlin Nob","floor":6,"turns":6},{"damage":9,"enemies":"Lots of Slimes","floor":7,"turns":5},{"damage":15,"enemies":"Large Slime","floor":8,"turns":7},{"damage":3,"enemies":"Looter","floor":11,"turns":3},{"damage":9,"enemies":"2 Fungi Beasts","floor":13,"turns":3},{"damage":72,"enemies":"The Guardian","floor":16,"turns":16},{"damage":26,"enemies":"2 Thieves","floor":18,"turns":5},{"damage":31,"enemies":"Spheric Guardian","floor":19,"turns":6},{"damage":59,"enemies":"Centurion and Healer","floor":22,"turns":11}],"seed_played":"180441390371931434","potions_obtained":[{"floor":4,"key":"SpeedPotion"},{"floor":5,"key":"Swift Potion"},{"floor":7,"key":"AttackPotion"},{"floor":18,"key":"Weak Potion"},{"floor":19,"key":"Fire Potion"}],"is_trial":false,"path_per_floor":["M","?","?","M","M","E","M","M","T","?","M","R","M","T","R","B",null,"M","M","$","?","M"],"character_chosen":"IRONCLAD","items_purchased":["Inflame","Impervious","Dropkick"],"campfire_rested":1,"item_purchase_floors":[20,20,20],"current_hp_per_floor":[78,78,78,80,80,38,35,26,40,40,43,71,68,68,68,27,94,74,49,49,49,0],"gold":62,"neow_bonus":"","is_prod":false,"is_daily":false,"chose_seed":false,"campfire_upgraded":1,"win_rate":0.0,"timestamp":1554914561,"path_taken":["M","?","?","?","M","E","M","M","T","?","?","R","?","?","R","BOSS","M","M","?","?","M"],"build_version":"2019-01-23","purchased_purges":0,"victory":false,"max_hp_per_floor":[80,80,80,80,80,80,80,80,94,94,94,94,94,94,94,94,94,94,94,94,94,94],"card_choices":[{"not_picked":["Whirlwind","Ghostly Armor"],"picked":"Shrug It Off","floor":1},{"not_picked":["Pommel Strike","Sword Boomerang"],"picked":"Searing Blow","floor":4},{"not_picked":["Clothesline","Headbutt"],"picked":"Iron Wave","floor":5},{"not_picked":["Body Slam","Warcry"],"picked":"Barricade","floor":6},{"not_picked":["Body Slam","Sword Boomerang"],"picked":"Headbutt","floor":7},{"not_picked":["Warcry","Clash"],"picked":"Clothesline","floor":8},{"not_picked":["Twin Strike","Barricade"],"picked":"Rage","floor":11},{"not_picked":["Anger","Shrug It Off"],"picked":"Perfected Strike","floor":13},{"not_picked":["Impervious","Bludgeon"],"picked":"Fiend Fire","floor":16},{"not_picked":["Rupture","Burning Pact"],"picked":"Sword Boomerang","floor":18},{"not_picked":["Body Slam","Sword Boomerang"],"picked":"Cleave","floor":19}],"player_experience":0,"relics_obtained":[{"floor":6,"key":"Whetstone"},{"floor":9,"key":"Mango"},{"floor":14,"key":"Pantograph"}],"event_choices":[{"damage_healed":0,"gold_gain":0,"player_choice":"Leave","damage_taken":0,"max_hp_gain":0,"max_hp_loss":0,"event_name":"The Cleric","floor":2,"gold_loss":0},{"damage_healed":0,"gold_gain":0,"cards_transformed":["Strike_R"],"player_choice":"Transformed","damage_taken":0,"max_hp_gain":0,"max_hp_loss":0,"event_name":"Transmorgrifier","floor":3,"gold_loss":0,"cards_obtained":["Flame Barrier"]},{"cards_removed":["Defend_R"],"damage_healed":0,"gold_gain":0,"player_choice":"Card Removal","damage_taken":0,"max_hp_gain":0,"max_hp_loss":0,"event_name":"Wheel of Change","floor":10,"gold_loss":0},{"damage_healed":0,"gold_gain":0,"player_choice":"Ignored","damage_taken":0,"max_hp_gain":0,"max_hp_loss":0,"event_name":"Vampires","floor":21,"gold_loss":0}],"is_beta":false,"boss_relics":[{"not_picked":["Calling Bell","Coffee Dripper"],"picked":"White Beast Statue"}],"items_purged_floors":[],"is_endless":false,"potions_floor_spawned":[4,5,7,18,19],"killed_by":"Centurion and Healer","ascension_level":0}