{"path_per_floor":["M","$","?","?","?","R","E","M","T","M","E","R","M","M","R","B",null,"M","$","?","M","$","R","M","R","T","$","M","$","R","M","R"],"character_chosen":"IRONCLAD","items_purchased":["Thunderclap","Shrug It Off","Vajra"],"gold_per_floor":[110,59,59,59,59,59,102,117,141,160,201,201,214,229,229,350,350,373,272,272,295,46,46,61,61,61,61,79,79,79,104,104,104],"floor_reached":33,"campfire_rested":0,"playtime":1429,"item_purchase_floors":[2,19,22],"current_hp_per_floor":[78,78,58,58,51,51,57,63,63,69,57,57,63,63,63,46,72,76,76,76,61,61,61,67,67,67,67,73,73,73,79,79,0],"items_purged":["Strike_R","Strike_R"],"gold":104,"score":392,"play_id":"f6acd5fd-d671-4c7d-bd27-a8e88b7386aa","local_time":"20180619000847","is_prod":false,"is_daily":false,"chose_seed":false,"is_ascension_mode":true,"campfire_upgraded":7,"win_rate":0,"timestamp":1529359727,"campfire_choices":[{"data":"Thunderclap","floor":6,"key":"SMITH"},{"data":"Whirlwind","floor":12,"key":"SMITH"},{"data":"Whirlwind","floor":15,"key":"SMITH"},{"data":"Shrug It Off","floor":23,"key":"SMITH"},{"data":"Seeing Red","floor":25,"key":"SMITH"},{"data":"Bash","floor":30,"key":"SMITH"},{"data":"Defend_R","floor":32,"key":"SMITH"}],"path_taken":["M","$","?","?","?","R","E","M","T","M","E","R","M","?","R","BOSS","M","?","?","M","$","R","M","R","T","$","M","?","R","?","R","BOSS"],"build_version":"2018-06-14v2","seed_source_timestamp":275598579714554,"purchased_purges":2,"victory":false,"master_deck":["Strike_R","Strike_R","Defend_R+1","Defend_R","Defend_R","Defend_R","Bash+1","Thunderclap+1","Heavy Blade","Whirlwind+1","Whirlwind+1","Impervious","Shrug It Off+1","Seeing Red+1"],"max_hp_per_floor":[80,80,80,80,80,80,80,80,80,80,80,80,80,80,80,80,80,80,80,80,80,80,80,80,80,80,80,80,80,80,80,80,80],"relics":["Burning Blood","NeowsBlessing","Golden Idol","Calipers","Lantern","Omamori","Sozu","Vajra","Paper Frog"],"card_choices":[{"not_picked":["Perfected Strike","Shrug It Off","Clothesline"],"picked":"SKIP","floor":1},{"not_picked":["Sword Boomerang","Sever Soul"],"picked":"Heavy Blade","floor":7},{"not_picked":["Searing Blow","Rupture"],"picked":"Whirlwind","floor":8},{"not_picked":["Rage","Heavy Blade","Headbutt"],"picked":"SKIP","floor":10},{"not_picked":["Body Slam","Rampage","Warcry"],"picked":"SKIP","floor":11},{"not_picked":["Armaments","Disarm","Anger"],"picked":"SKIP","floor":13},{"not_picked":["Body Slam","Heavy Blade"],"picked":"Whirlwind","floor":14},{"not_picked":["Juggernaut","Immolate"],"picked":"Impervious","floor":16},{"not_picked":["Body Slam","Searing Blow","Perfected Strike"],"picked":"SKIP","floor":18},{"not_picked":["Perfected Strike+1","True Grit+1","Power Through+1"],"picked":"SKIP","floor":21},{"not_picked":["Havoc","Iron Wave+1"],"picked":"Seeing Red","floor":24},{"not_picked":["Anger","Shrug It Off+1","Immolate"],"picked":"SKIP","floor":28},{"not_picked":["Second Wind","Carnage+1","Heavy Blade"],"picked":"SKIP","floor":31}],"player_experience":259832,"potions_floor_usage":[11,11,16,21],"damage_taken":[{"damage":0,"enemies":"Small Slimes","floor":1,"turns":1},{"damage":0,"enemies":"Lagavulin","floor":7,"turns":1},{"damage":0,"enemies":"2 Louse","floor":8,"turns":1},{"damage":0,"enemies":"Cultist","floor":10,"turns":2},{"damage":18,"enemies":"Gremlin Nob","floor":11,"turns":4},{"damage":0,"enemies":"2 Fungi Beasts","floor":13,"turns":1},{"damage":6,"enemies":"Blue Slaver","floor":14,"turns":3},{"damage":23,"enemies":"Slime Boss","floor":16,"turns":8},{"damage":2,"enemies":"Chosen","floor":18,"turns":4},{"damage":21,"enemies":"Shell Parasite","floor":21,"turns":3},{"damage":0,"enemies":"3 Cultists","floor":24,"turns":3},{"damage":0,"enemies":"Snecko","floor":28,"turns":3},{"damage":0,"enemies":"Centurion and Healer","floor":31,"turns":5},{"damage":101,"enemies":"Champ","floor":33,"turns":9}],"relics_obtained":[{"floor":7,"key":"Calipers"},{"floor":9,"key":"Lantern"},{"floor":11,"key":"Omamori"},{"floor":26,"key":"Paper Frog"}],"event_choices":[{"event_name":"Golden Idol","player_choice":"Take Damage","floor":3,"damage_taken":0},{"event_name":"Liars Game","player_choice":"disagreed","floor":4,"damage_taken":0},{"event_name":"Golden Wing","player_choice":"Card Removal","floor":5,"damage_taken":0},{"event_name":"Vampires","player_choice":"Ignored","floor":20,"damage_taken":0}],"boss_relics":[{"not_picked":["Black Star","Coffee Dripper"],"picked":"Sozu"}],"items_purged_floors":[19,22],"is_endless":false,"potions_floor_spawned":[7,8,10,14,24],"seed_played":"-556152904931467200","killed_by":"Champ","ascension_level":8,"potions_obtained":[{"floor":7,"key":"Energy Potion"},{"floor":8,"key":"PowerPotion"},{"floor":10,"key":"EssenceOfSteel"},{"floor":14,"key":"Swift Potion"}],"is_trial":false}