{"gold_per_floor":[114,134,134,146,32,32,52,84,110,110,127,127,127,127,127,225,225,248,273,39,39],"floor_reached":21,"playtime":936,"items_purged":["Strike_B","Darkness"],"score":349,"play_id":"3b7f13cd-b6d4-45fd-b424-7d9b60de6b4d","local_time":"20190110020445","is_ascension_mode":true,"campfire_choices":[{"floor":6,"key":"REST"},{"data":"Go for the Eyes","floor":13,"key":"SMITH"},{"floor":15,"key":"REST"}],"neow_cost":"NONE","seed_source_timestamp":19798130873978,"circlet_count":0,"master_deck":["AscendersBane","Zap+1","Dualcast","Ball Lightning","Loop","Go for the Eyes+1","Glacier","Go for the Eyes","Recycle","Echo Form","Hyperbeam","Sweeping Beam","Gash","Consume+1","BootSequence","Ball Lightning"],"relics":["Cracked Core","Vajra","Bronze Scales","Juzu Bracelet","Golden Idol","Pandora\u0027s Box"],"potions_floor_usage":[8,8,8,16,16],"damage_taken":[{"damage":2,"enemies":"Jaw Worm","floor":1,"turns":3},{"damage":2,"enemies":"Small Slimes","floor":2,"turns":4},{"damage":1,"enemies":"Cultist","floor":4,"turns":3},{"damage":8,"enemies":"Large Slime","floor":7,"turns":5},{"damage":6,"enemies":"Gremlin Nob","floor":8,"turns":3},{"damage":9,"enemies":"Lots of Slimes","floor":11,"turns":3},{"damage":44,"enemies":"Slime Boss","floor":16,"turns":8},{"damage":0,"enemies":"Spheric Guardian","floor":18,"turns":3},{"damage":16,"enemies":"2 Thieves","floor":19,"turns":3},{"damage":41,"enemies":"Masked Bandits","floor":21,"turns":3}],"seed_played":"-9080187083163115644","potions_obtained":[{"floor":1,"key":"EntropicBrew"},{"floor":2,"key":"Poison Potion"},{"floor":8,"key":"AttackPotion"}],"is_trial":false,"path_per_floor":["M","M","?","M","$","R","M","E","T","?","M","?","R","?","R","B",null,"M","M","$","?"],"character_chosen":"DEFECT","items_purchased":["Loop","BootSequence","Ball Lightning"],"campfire_rested":2,"item_purchase_floors":[5,20,20],"current_hp_per_floor":[62,60,39,38,38,59,51,45,45,45,36,36,36,36,55,11,51,51,35,35,0],"gold":39,"neow_bonus":"RANDOM_COMMON_RELIC","is_prod":false,"is_daily":false,"chose_seed":false,"campfire_upgraded":1,"win_rate":0,"timestamp":1547082285,"path_taken":["M","M","?","M","$","R","M","E","T","?","M","?","R","?","R","BOSS","M","M","$","?"],"build_version":"2019-01-03v4","purchased_purges":2,"victory":false,"max_hp_per_floor":[71,71,71,71,71,71,71,71,71,71,71,71,71,64,64,64,64,64,64,64,64],"card_choices":[{"not_picked":["Static Discharge","Rebound","Fusion"],"picked":"SKIP","floor":1},{"not_picked":["Rebound","Tempest","Stack"],"picked":"SKIP","floor":2},{"not_picked":["Coolheaded","Steam"],"picked":"Ball Lightning","floor":4},{"not_picked":["Genetic Algorithm","Recycle"],"picked":"Go for the Eyes","floor":7},{"not_picked":["Beam Cell","Turbo"],"picked":"Glacier","floor":8},{"not_picked":["Compile Driver","Streamline"],"picked":"Go for the Eyes","floor":11},{"not_picked":["Hello World","Tempest"],"picked":"Consume+1","floor":18},{"not_picked":["Recycle","Heatsinks","Turbo"],"picked":"SKIP","floor":19}],"player_experience":502087,"relics_obtained":[{"floor":8,"key":"Bronze Scales"},{"floor":9,"key":"Juzu Bracelet"}],"event_choices":[{"damage_healed":0,"gold_gain":0,"player_choice":"Entered Light","damage_taken":21,"max_hp_gain":0,"max_hp_loss":0,"event_name":"Shining Light","floor":3,"gold_loss":0,"cards_upgraded":["Defend_B","Zap"]},{"cards_removed":["Defend_B"],"damage_healed":0,"gold_gain":0,"player_choice":"Forget","damage_taken":0,"max_hp_gain":0,"max_hp_loss":0,"event_name":"Living Wall","floor":10,"gold_loss":0},{"damage_healed":0,"gold_gain":0,"player_choice":"Ignored","damage_taken":0,"max_hp_gain":0,"max_hp_loss":0,"event_name":"Liars Game","floor":12,"gold_loss":0},{"damage_healed":0,"gold_gain":0,"player_choice":"Lose Max HP","damage_taken":0,"relics_obtained":["Golden Idol"],"max_hp_gain":0,"max_hp_loss":7,"event_name":"Golden Idol","floor":14,"gold_loss":0},{"damage_healed":0,"gold_gain":0,"player_choice":"Fought Bandits","damage_taken":0,"max_hp_gain":0,"max_hp_loss":0,"event_name":"Masked Bandits","floor":21,"gold_loss":0}],"is_beta":false,"boss_relics":[{"not_picked":["Coffee Dripper","Lizard Tail"],"picked":"Pandora\u0027s Box"}],"items_purged_floors":[5,20],"is_endless":false,"potions_floor_spawned":[1,2,8],"killed_by":"Masked Bandits","ascension_level":19}