{"gold_per_floor":[111,111,128,145,159,159,169,202,229,229,261,274,289,5,5,80,80,99,99,114,125,137,137,52,102,102,102,134,134,134,151,151,225,225,238,252,252,252,252,281,281,19,19,32,51,51,69,69,69,69,69],"floor_reached":51,"playtime":3068,"items_purged":["Strike_G","Defend_G"],"score":1278,"play_id":"20c84851-4e27-4b36-9872-f65d56082bac","local_time":"20191008020440","is_ascension_mode":true,"campfire_choices":[{"data":"Neutralize","floor":6.0,"key":"SMITH"},{"floor":10.0,"key":"REST"},{"floor":15.0,"key":"REST"},{"data":"Malaise","floor":23.0,"key":"SMITH"},{"data":"Footwork","floor":27.0,"key":"SMITH"},{"data":"Leg Sweep","floor":29.0,"key":"SMITH"},{"floor":32.0,"key":"REST"},{"data":"Caltrops","floor":41.0,"key":"SMITH"},{"data":"1","floor":46.0,"key":"LIFT"},{"floor":49.0,"key":"REST"}],"neow_cost":"NONE","seed_source_timestamp":2174004016714099,"circlet_count":0,"master_deck":["AscendersBane","Strike_G+1","Defend_G","Defend_G","Defend_G","Defend_G","Survivor","Neutralize+1","Well Laid Plans","Poisoned Stab+1","Skewer","PiercingWail","Malaise+1","Blur","Crippling Poison","Caltrops+1","Adrenaline","Bane+1","After Image+1","Backflip+1","Footwork+1","Leg Sweep+1","Die Die Die","Concentrate+1"],"special_seed":0,"relics":["Velvet Choker","Juzu Bracelet","Whetstone","InkBottle","ClockworkSouvenir","Astrolabe","Orichalcum","Boot","Red Mask","Runic Pyramid","HornCleat","Pen Nib","Girya"],"potions_floor_usage":[],"damage_taken":[{"damage":2.0,"enemies":"2 Louse","floor":1.0,"turns":4.0},{"damage":4.0,"enemies":"Small Slimes","floor":3.0,"turns":4.0},{"damage":0.0,"enemies":"Cultist","floor":4.0,"turns":4.0},{"damage":0.0,"enemies":"2 Fungi Beasts","floor":5.0,"turns":2.0},{"damage":10.0,"enemies":"Red Slaver","floor":7.0,"turns":3.0},{"damage":22.0,"enemies":"Gremlin Nob","floor":8.0,"turns":4.0},{"damage":25.0,"enemies":"3 Sentries","floor":11.0,"turns":9.0},{"damage":6.0,"enemies":"Gremlin Gang","floor":12.0,"turns":5.0},{"damage":2.0,"enemies":"Blue Slaver","floor":13.0,"turns":4.0},{"damage":20.0,"enemies":"The Guardian","floor":16.0,"turns":11.0},{"damage":10.0,"enemies":"Shell Parasite","floor":18.0,"turns":4.0},{"damage":0.0,"enemies":"3 Byrds","floor":20.0,"turns":4.0},{"damage":5.0,"enemies":"Centurion and Healer","floor":21.0,"turns":9.0},{"damage":5.0,"enemies":"Sentry and Sphere","floor":22.0,"turns":9.0},{"damage":2.0,"enemies":"Masked Bandits","floor":28.0,"turns":7.0},{"damage":1.0,"enemies":"Cultist and Chosen","floor":31.0,"turns":8.0},{"damage":27.0,"enemies":"Champ","floor":33.0,"turns":25.0},{"damage":2.0,"enemies":"3 Darklings","floor":35.0,"turns":6.0},{"damage":5.0,"enemies":"Orb Walker","floor":36.0,"turns":4.0},{"damage":5.0,"enemies":"Nemesis","floor":40.0,"turns":12.0},{"damage":0.0,"enemies":"3 Darklings","floor":44.0,"turns":6.0},{"damage":19.0,"enemies":"4 Shapes","floor":45.0,"turns":8.0},{"damage":4.0,"enemies":"Jaw Worm Horde","floor":47.0,"turns":4.0},{"damage":31.0,"enemies":"Time Eater","floor":50.0,"turns":18.0},{"damage":42,"enemies":"Donu and Deca","floor":51,"turns":11}],"seed_played":"-8256104210013320702","potions_obtained":[{"floor":1.0,"key":"FearPotion"},{"floor":4.0,"key":"Fire Potion"},{"floor":8.0,"key":"Energy Potion"},{"floor":11.0,"key":"Fire Potion"},{"floor":18.0,"key":"SkillPotion"},{"floor":31.0,"key":"Dexterity Potion"},{"floor":33.0,"key":"Block Potion"},{"floor":35.0,"key":"Weak Potion"},{"floor":45.0,"key":"SkillPotion"},{"floor":47.0,"key":"Energy Potion"}],"is_trial":false,"path_per_floor":["M","?","M","M","M","R","M","E","T","R","E","M","M","$","R","B",null,"M","?","M","M","M","R","?","?","T","R","?","R","?","M","R","B",null,"M","M","?","?","?","E","R","$","T","M","M","R","M","?","R","B","B"],"character_chosen":"THE_SILENT","items_purchased":["Caltrops","ClockworkSouvenir","Pen Nib"],"campfire_rested":4,"item_purchase_floors":[14,14,42],"current_hp_per_floor":[57,62,58,58,58,58,48,26,26,47,22,16,14,14,35,15,57,47,47,47,42,37,37,37,37,37,37,35,35,35,34,55,28,60,58,53,71,71,71,66,66,66,66,66,47,47,43,43,64,33,0],"gold":69,"neow_bonus":"BOSS_RELIC","is_prod":false,"is_daily":false,"chose_seed":false,"campfire_upgraded":5,"win_rate":0,"timestamp":1570525480,"path_taken":["M","?","M","M","M","R","M","E","T","R","E","M","M","$","R","BOSS","M","?","M","M","M","R","?","?","T","R","?","R","?","M","R","BOSS","M","M","?","?","?","E","R","$","T","M","M","R","M","?","R","BOSS","BOSS"],"build_version":"2019-10-07","purchased_purges":2,"victory":false,"max_hp_per_floor":[66,71,71,71,71,71,71,71,71,71,71,71,71,71,71,71,71,71,71,71,71,71,71,71,71,71,71,71,71,71,71,71,71,71,71,71,71,71,71,71,71,71,71,71,71,71,71,71,71,71,71],"card_choices":[{"not_picked":["Footwork","Infinite Blades"],"picked":"Well Laid Plans","floor":1.0},{"not_picked":["Endless Agony","Calculated Gamble"],"picked":"Poisoned Stab","floor":3.0},{"not_picked":["Bane","Well Laid Plans","Deflect"],"picked":"SKIP","floor":4.0},{"not_picked":["All Out Attack","Flying Knee"],"picked":"Skewer","floor":5.0},{"not_picked":["Acrobatics","Sucker Punch"],"picked":"PiercingWail","floor":7.0},{"not_picked":["Night Terror","Finisher"],"picked":"Malaise","floor":8.0},{"not_picked":["Flying Knee","Setup"],"picked":"Blur","floor":11.0},{"not_picked":["Dodge and Roll","Blade Dance","Setup"],"picked":"SKIP","floor":12.0},{"not_picked":["Dagger Spray","Eviscerate"],"picked":"Crippling Poison","floor":13.0},{"not_picked":["Venomology","Unload"],"picked":"Adrenaline","floor":16.0},{"not_picked":["Bane","Distraction","Blur"],"picked":"SKIP","floor":18.0},{"not_picked":["Dodge and Roll","Eviscerate","Quick Slash"],"picked":"SKIP","floor":20.0},{"not_picked":["Leg Sweep","Tactician"],"picked":"Footwork","floor":21.0},{"not_picked":["Bane","Prepared","Poisoned Stab"],"picked":"SKIP","floor":22.0},{"not_picked":["Deflect","Flying Knee"],"picked":"Leg Sweep","floor":28.0},{"not_picked":["Finisher","Slice","Deflect+1"],"picked":"SKIP","floor":31.0},{"not_picked":["Phantasmal Killer","Glass Knife"],"picked":"Die Die Die","floor":33.0},{"not_picked":["Backflip","Reflex","Deadly Poison"],"picked":"SKIP","floor":35.0},{"not_picked":["Deflect","Slice","Underhanded Strike+1"],"picked":"SKIP","floor":36.0},{"not_picked":["Venomology","Well Laid Plans+1","Flying Knee+1"],"picked":"SKIP","floor":40.0},{"not_picked":["Heel Hook","Outmaneuver+1"],"picked":"Concentrate+1","floor":44.0},{"not_picked":["Cloak And Dagger","Skewer","Blur"],"picked":"SKIP","floor":45.0},{"not_picked":["Escape Plan+1","Concentrate+1","Flying Knee"],"picked":"SKIP","floor":47.0}],"player_experience":1545755,"relics_obtained":[{"floor":8.0,"key":"Juzu Bracelet"},{"floor":9.0,"key":"Whetstone"},{"floor":11.0,"key":"InkBottle"},{"floor":26.0,"key":"Boot"},{"floor":28.0,"key":"Red Mask"},{"floor":40.0,"key":"HornCleat"},{"floor":43.0,"key":"Girya"}],"event_choices":[{"damage_healed":0.0,"max_hp_gain":5.0,"max_hp_loss":0.0,"gold_gain":0.0,"event_name":"Big Fish","player_choice":"Donut","floor":2.0,"gold_loss":0.0,"damage_taken":0.0},{"damage_healed":0.0,"max_hp_gain":0.0,"max_hp_loss":0.0,"gold_gain":0.0,"event_name":"Ghosts","player_choice":"Ignored","floor":19.0,"gold_loss":0.0,"damage_taken":0.0},{"damage_healed":0.0,"max_hp_gain":0.0,"max_hp_loss":0.0,"gold_gain":0.0,"event_name":"Addict","player_choice":"Obtained Relic","floor":24.0,"gold_loss":85.0,"damage_taken":0.0,"relics_obtained":["Orichalcum"]},{"damage_healed":0.0,"max_hp_gain":0.0,"max_hp_loss":0.0,"gold_gain":50.0,"event_name":"Golden Shrine","player_choice":"Pray","floor":25.0,"gold_loss":0.0,"damage_taken":0.0},{"damage_healed":0.0,"max_hp_gain":0.0,"max_hp_loss":0.0,"gold_gain":0.0,"event_name":"Masked Bandits","player_choice":"Fought Bandits","floor":28.0,"gold_loss":0.0,"damage_taken":0.0},{"damage_healed":0.0,"max_hp_gain":0.0,"max_hp_loss":0.0,"gold_gain":0.0,"event_name":"Vampires","player_choice":"Ignored","floor":30.0,"gold_loss":0.0,"damage_taken":0.0},{"damage_healed":18.0,"max_hp_gain":0.0,"max_hp_loss":0.0,"gold_gain":0.0,"event_name":"Wheel of Change","player_choice":"Full Heal","floor":37.0,"gold_loss":0.0,"damage_taken":0.0},{"damage_healed":0.0,"max_hp_gain":0.0,"max_hp_loss":0.0,"gold_gain":0.0,"event_name":"Mysterious Sphere","player_choice":"Ignored","floor":38.0,"gold_loss":0.0,"damage_taken":0.0},{"damage_healed":0.0,"max_hp_gain":0.0,"max_hp_loss":0.0,"gold_gain":0.0,"event_name":"SecretPortal","player_choice":"Ignored","floor":39.0,"gold_loss":0.0,"damage_taken":0.0},{"damage_healed":0.0,"max_hp_gain":0.0,"max_hp_loss":0.0,"gold_gain":0.0,"event_name":"Match and Keep!","player_choice":"0 cards matched","floor":48.0,"gold_loss":0.0,"damage_taken":0.0,"cards_obtained":[]}],"is_beta":true,"boss_relics":[{"not_picked":["SacredBark","Ectoplasm"],"picked":"Astrolabe"},{"not_picked":["Coffee Dripper","Sozu"],"picked":"Runic Pyramid"}],"items_purged_floors":[14,42],"is_endless":false,"potions_floor_spawned":[1,4,8,11,18,31,33,35,45,47],"killed_by":"Donu and Deca","ascension_level":20}