{"gold_per_floor":[115,125,136,40,53,379,379,412,412,412,428,428,428,428,428,553,553,553],"floor_reached":18,"playtime":1722,"items_purged":[],"score":179,"play_id":"ea516cd1-800f-4440-b421-f0ae8d264984","local_time":"20190418114835","is_ascension_mode":true,"campfire_choices":[{"floor":7,"key":"REST"},{"floor":10,"key":"REST"},{"floor":13,"key":"REST"},{"floor":15,"key":"RECALL"}],"neow_cost":"NONE","seed_source_timestamp":4123616707354046,"circlet_count":0,"master_deck":["Defend_G","Defend_G","Defend_G","Defend_G","Defend_G","Strike_G","Strike_G","Strike_G","Strike_G","Strike_G","Survivor","Neutralize","Flash of Steel","Deadly Poison","Noxious Fumes","Prepared","Tactician","Injury","Decay","Burst"],"relics":["Ring of the Snake","Old Coin","Du-Vu Doll","Golden Idol","HoveringKite"],"potions_floor_usage":[6,6,8,18],"damage_taken":[{"damage":1,"enemies":"Cultist","floor":1,"turns":4},{"damage":8,"enemies":"Small Slimes","floor":2,"turns":4},{"damage":1,"enemies":"Jaw Worm","floor":3,"turns":6},{"damage":0,"enemies":"Blue Slaver","floor":5,"turns":5},{"damage":35,"enemies":"Gremlin Nob","floor":6,"turns":5},{"damage":32,"enemies":"Lagavulin","floor":8,"turns":7},{"damage":3,"enemies":"Red Slaver","floor":11,"turns":5},{"damage":48,"enemies":"The Guardian","floor":16,"turns":11},{"damage":29,"enemies":"Spheric Guardian","floor":18,"turns":5}],"seed_played":"-1133219642772210282","potions_obtained":[{"floor":0,"key":"SpeedPotion"},{"floor":0,"key":"EssenceOfSteel"},{"floor":0,"key":"SteroidPotion"},{"floor":11,"key":"Ancient Potion"},{"floor":16,"key":"EssenceOfSteel"}],"is_trial":false,"path_per_floor":["M","M","M","$","M","E","R","E","T","R","M","?","R","?","R","B",null,"M"],"character_chosen":"THE_SILENT","items_purchased":["Flash of Steel"],"campfire_rested":3,"item_purchase_floors":[4],"current_hp_per_floor":[69,61,60,60,60,25,46,14,14,35,32,32,53,53,53,5,70,41],"gold":553,"neow_bonus":"THREE_SMALL_POTIONS","is_prod":false,"is_daily":false,"chose_seed":false,"campfire_upgraded":0,"win_rate":0,"timestamp":1555602515,"path_taken":["M","M","M","$","?","E","R","E","T","R","M","?","R","?","R","BOSS","M"],"build_version":"2019-01-23","purchased_purges":0,"victory":false,"max_hp_per_floor":[70,70,70,70,70,70,70,70,70,70,70,70,70,70,70,70,70,70],"card_choices":[{"not_picked":["Slice","Flying Knee","Masterful Stab"],"picked":"SKIP","floor":1},{"not_picked":["Skewer","All Out Attack","Backflip"],"picked":"SKIP","floor":2},{"not_picked":["PiercingWail","Slice","Acrobatics"],"picked":"SKIP","floor":3},{"not_picked":["Heel Hook","Glass Knife"],"picked":"Deadly Poison","floor":5},{"not_picked":["Doppelganger","Skewer"],"picked":"Noxious Fumes","floor":6},{"not_picked":["Dagger Spray","Finisher"],"picked":"Prepared","floor":8},{"not_picked":["Blur","Slice"],"picked":"Tactician","floor":11},{"not_picked":["Tools of the Trade","Doppelganger"],"picked":"Burst","floor":16}],"player_experience":135849,"relics_obtained":[{"floor":6,"key":"Old Coin"},{"floor":8,"key":"Du-Vu Doll"}],"event_choices":[{"damage_healed":0,"gold_gain":0,"player_choice":"Take Wound","damage_taken":0,"relics_obtained":["Golden Idol"],"max_hp_gain":0,"max_hp_loss":0,"event_name":"Golden Idol","floor":12,"gold_loss":0,"cards_obtained":["Injury"]},{"damage_healed":0,"gold_gain":0,"player_choice":"Cursed","damage_taken":0,"max_hp_gain":0,"max_hp_loss":0,"event_name":"Wheel of Change","floor":14,"gold_loss":0,"cards_obtained":["Decay"]}],"is_beta":false,"boss_relics":[{"not_picked":["Eternal Feather","Coffee Dripper"],"picked":"HoveringKite"}],"items_purged_floors":[],"is_endless":false,"potions_floor_spawned":[2,11,16],"killed_by":"Spheric Guardian","ascension_level":1}