{"gold_per_floor":[114,130,141,141,158,158,158,158,158,158,14,37,51,75,75,75],"floor_reached":16,"playtime":507,"items_purged":["Strike_R"],"score":150,"play_id":"9db24070-9db3-4525-a417-63e8b024c0e0","local_time":"20190320010653","is_ascension_mode":true,"campfire_choices":[{"data":"Body Slam","floor":6,"key":"SMITH"},{"data":"Bash","floor":8,"key":"SMITH"},{"data":"Pommel Strike","floor":10,"key":"SMITH"},{"data":"True Grit","floor":15,"key":"SMITH"}],"neow_cost":"TEN_PERCENT_HP_LOSS","seed_source_timestamp":509449274092429,"circlet_count":0,"master_deck":["AscendersBane","Strike_R","Strike_R","Strike_R","Strike_R","Defend_R","Defend_R","Defend_R","Defend_R","Bash+1","Dropkick","Pommel Strike+1","Wild Strike","Body Slam+1","Rampage","Thunderclap","True Grit+1"],"relics":["Burning Blood","Mango","FaceOfCleric","Golden Idol","Dodecahedron"],"potions_floor_usage":[3,13,16],"damage_taken":[{"damage":12,"enemies":"Jaw Worm","floor":1,"turns":3},{"damage":1,"enemies":"Cultist","floor":2,"turns":3},{"damage":4,"enemies":"2 Louse","floor":3,"turns":3},{"damage":19,"enemies":"Exordium Wildlife","floor":5,"turns":5},{"damage":36,"enemies":"Exordium Thugs","floor":12,"turns":5},{"damage":5,"enemies":"2 Fungi Beasts","floor":13,"turns":3},{"damage":0,"enemies":"Large Slime","floor":14,"turns":3},{"damage":34,"enemies":"Hexaghost","floor":16,"turns":7}],"seed_played":"-1961446718395524442","potions_obtained":[{"floor":2,"key":"Weak Potion"},{"floor":12,"key":"Poison Potion"},{"floor":14,"key":"FearPotion"}],"is_trial":false,"path_per_floor":["M","M","M","?","M","R","?","R","T","R","$","M","M","M","R","B"],"character_chosen":"IRONCLAD","items_purchased":["Rampage"],"campfire_rested":0,"item_purchase_floors":[11],"current_hp_per_floor":[80,85,86,86,74,74,53,53,53,53,53,24,26,33,33,0],"gold":75,"neow_bonus":"ONE_RARE_RELIC","is_prod":false,"is_daily":false,"chose_seed":false,"campfire_upgraded":4,"win_rate":0,"timestamp":1553011613,"path_taken":["M","M","M","?","?","R","?","R","T","R","?","M","M","?","R","BOSS"],"build_version":"2019-01-23","purchased_purges":1,"victory":false,"max_hp_per_floor":[86,86,86,86,87,87,87,87,87,87,87,88,89,90,90,90],"card_choices":[{"not_picked":["Clash","Anger"],"picked":"Dropkick","floor":1},{"not_picked":["Anger","Clothesline"],"picked":"Pommel Strike","floor":2},{"not_picked":["Havoc","Sword Boomerang"],"picked":"Wild Strike","floor":3},{"not_picked":["Hemokinesis","Perfected Strike"],"picked":"Body Slam","floor":5},{"not_picked":["Heavy Blade","Anger"],"picked":"Thunderclap","floor":12},{"not_picked":["Pommel Strike","Blood for Blood","Combust"],"picked":"SKIP","floor":13},{"not_picked":["Thunderclap","Blood for Blood"],"picked":"True Grit","floor":14}],"player_experience":580131,"relics_obtained":[{"floor":9,"key":"Dodecahedron"}],"event_choices":[{"damage_healed":0,"gold_gain":0,"player_choice":"Trade","damage_taken":0,"relics_obtained":["FaceOfCleric"],"max_hp_gain":0,"max_hp_loss":0,"event_name":"FaceTrader","floor":4,"gold_loss":0},{"damage_healed":0,"gold_gain":0,"player_choice":"Take Damage","damage_taken":21,"relics_obtained":["Golden Idol"],"max_hp_gain":0,"max_hp_loss":0,"event_name":"Golden Idol","floor":7,"gold_loss":0}],"is_beta":false,"boss_relics":[],"items_purged_floors":[11],"is_endless":false,"potions_floor_spawned":[2,12,14],"killed_by":"Hexaghost","ascension_level":12}