{"gold_per_floor":[113,113,131,131,146,146,66,66,66,66,82,108,108,28,28,107,107,124,124,124,143,29,29,40,40],"floor_reached":25,"playtime":675,"items_purged":[],"score":398,"play_id":"f0ea3b79-459b-4fd1-94c3-83d8a8df5653","local_time":"20190129150423","is_ascension_mode":true,"campfire_choices":[{"data":"Defragment","floor":6,"key":"SMITH"},{"floor":8,"key":"REST"},{"data":"Defragment","floor":10,"key":"SMITH"},{"data":"Zap","floor":13,"key":"SMITH"},{"floor":15,"key":"REST"},{"floor":23,"key":"REST"}],"neow_cost":"NONE","seed_source_timestamp":252012073150190,"circlet_count":0,"master_deck":["AscendersBane","Strike_B+1","Strike_B","Defend_B+1","Defend_B","Defend_B","Zap+1","Dualcast","Ball Lightning","Defragment+1","Conserve Battery","Defragment+1","Reboot","Defragment","Seek+1","White Noise+1","Cold Snap","Coolheaded+1","Capacitor","Cold Snap"],"relics":["Cracked Core","NeowsBlessing","Shuriken","Toxic Egg 2","Empty Cage"],"potions_floor_usage":[18,19,25],"damage_taken":[{"damage":0,"enemies":"Jaw Worm","floor":1,"turns":1},{"damage":0,"enemies":"Small Slimes","floor":3,"turns":1},{"damage":0,"enemies":"Cultist","floor":5,"turns":1},{"damage":1,"enemies":"Blue Slaver","floor":11,"turns":2},{"damage":31,"enemies":"Gremlin Nob","floor":12,"turns":4},{"damage":30,"enemies":"Hexaghost","floor":16,"turns":9},{"damage":11,"enemies":"3 Byrds","floor":18,"turns":4},{"damage":18,"enemies":"Colosseum Slavers","floor":19,"turns":3},{"damage":24,"enemies":"2 Thieves","floor":21,"turns":3},{"damage":15,"enemies":"3 Cultists","floor":24,"turns":5},{"damage":14,"enemies":"Centurion and Healer","floor":25,"turns":2}],"seed_played":"216644149870582444","potions_obtained":[{"floor":3,"key":"Explosive Potion"},{"floor":18,"key":"AttackPotion"},{"floor":24,"key":"AttackPotion"}],"is_trial":false,"path_per_floor":["M","?","M","?","M","R","$","R","T","R","M","E","R","$","R","B",null,"M","?","?","M","$","R","M","M"],"character_chosen":"DEFECT","items_purchased":["Defragment","Defragment","Coolheaded+1","Capacitor"],"campfire_rested":3,"item_purchase_floors":[7,14,22,22],"current_hp_per_floor":[64,43,43,36,36,36,36,57,57,57,56,25,25,25,46,16,57,46,28,28,4,4,25,10,0],"gold":40,"neow_bonus":"THREE_ENEMY_KILL","is_prod":false,"is_daily":false,"chose_seed":false,"campfire_upgraded":3,"win_rate":0,"timestamp":1548770663,"path_taken":["M","?","M","?","?","R","?","R","T","R","M","E","R","$","R","BOSS","M","?","?","M","$","R","M","M"],"build_version":"2019-01-23","purchased_purges":0,"victory":false,"max_hp_per_floor":[71,71,71,71,71,71,71,71,71,71,71,71,71,71,71,71,71,71,71,71,71,71,71,71,71],"card_choices":[{"not_picked":["Hologram","Undo"],"picked":"Ball Lightning","floor":1},{"not_picked":["Gash","Compile Driver"],"picked":"Defragment","floor":3},{"not_picked":["Sunder","Steam"],"picked":"Conserve Battery","floor":5},{"not_picked":["Leap","Reinforced Body"],"picked":"Reboot","floor":11},{"not_picked":["Doom and Gloom","Beam Cell","Streamline"],"picked":"SKIP","floor":12},{"not_picked":["Creative AI","Thunder Strike"],"picked":"Seek+1","floor":16},{"not_picked":["Sweeping Beam","Defragment"],"picked":"White Noise+1","floor":18},{"not_picked":["Self Repair","Conserve Battery+1"],"picked":"Cold Snap","floor":21},{"not_picked":["Rebound","Hello World"],"picked":"Cold Snap","floor":24}],"player_experience":580852,"relics_obtained":[{"floor":9,"key":"Shuriken"},{"floor":12,"key":"Toxic Egg 2"}],"event_choices":[{"damage_healed":0,"gold_gain":0,"player_choice":"Entered Light","damage_taken":21,"max_hp_gain":0,"max_hp_loss":0,"event_name":"Shining Light","floor":2,"gold_loss":0,"cards_upgraded":["Strike_B","Defend_B"]},{"cards_removed":["Strike_B"],"damage_healed":0,"gold_gain":0,"player_choice":"Card Removal","damage_taken":7,"max_hp_gain":0,"max_hp_loss":0,"event_name":"Golden Wing","floor":4,"gold_loss":0},{"damage_healed":0,"gold_gain":0,"player_choice":"Fight","damage_taken":0,"max_hp_gain":0,"max_hp_loss":0,"event_name":"Colosseum","floor":19,"gold_loss":0},{"damage_healed":0,"gold_gain":0,"player_choice":"Fled From Nobs","damage_taken":0,"max_hp_gain":0,"max_hp_loss":0,"event_name":"Colosseum","floor":19,"gold_loss":0},{"damage_healed":0,"gold_gain":0,"player_choice":"Ignored","damage_taken":0,"max_hp_gain":0,"max_hp_loss":0,"event_name":"Cursed Tome","floor":20,"gold_loss":0}],"is_beta":false,"boss_relics":[{"not_picked":["Coffee Dripper","Lizard Tail"],"picked":"Empty Cage"}],"items_purged_floors":[],"is_endless":false,"potions_floor_spawned":[3,18,24],"killed_by":"Centurion and Healer","ascension_level":20}