{"path_per_floor":["M","$","M","?","M","E","?","E","T","R","M","R","E","M","R","B",null,"M","?","?","?","M","E","R","E","T","M","M","?","M","E","R"],"character_chosen":"IRONCLAD","items_purchased":["Flex"],"gold_per_floor":[114,68,80,80,98,132,132,160,160,160,174,174,205,221,221,318,318,330,330,230,230,249,281,281,311,356,374,388,388,408,433,433],"floor_reached":33,"campfire_rested":2,"playtime":2788,"current_hp_per_floor":[79,79,79,72,66,40,40,14,14,14,10,34,36,29,29,9,80,75,75,75,75,61,36,36,29,29,31,31,31,28,14,38],"items_purged":[],"gold":433,"score":358,"play_id":"a6268b67-58c2-478e-821b-66f0101c3ba0","is_prod":false,"is_daily":false,"is_ascension_mode":true,"campfire_upgraded":3,"path_taken":["M","$","M","?","?","E","?","E","T","R","M","R","E","M","R","BOSS","M","?","?","?","M","E","R","E","T","M","M","?","?","E","R","BOSS"],"build_version":"2018-02-15-PROD1","purchased_purges":0,"victory":false,"master_deck":["Strike_R+1","Strike_R","Strike_R","Strike_R+1","Defend_R","Defend_R","Defend_R","Defend_R","Bash","Flex","Sword Boomerang","Headbutt","Seeing Red+1","Cleave+1","Battle Trance","Berserk","Sword Boomerang","J.A.X.+1","Impervious","Headbutt","Shrug It Off","Perfected Strike+1","Twin Strike","Second Wind+1","Inflame","Sword Boomerang+1","Shrug It Off+1","Dark Embrace"],"max_hp_per_floor":[80,80,80,80,80,80,80,80,80,80,80,80,80,80,80,80,80,80,80,80,80,80,80,80,80,80,80,80,80,80,80,80],"relics":["Burning Blood","Self Forming Clay","Pantograph","Torii","Whetstone","Black Star","Charon\u0027s Ashes","Thread and Needle","Art of War","Dream Catcher","Bag of Preparation","Toxic Egg 2","Blue Candle"],"card_choices":[{"not_picked":["Reckless Charge","Clash"],"picked":"Sword Boomerang"},{"not_picked":["Pummel","Heavy Blade"],"picked":"Headbutt"},{"not_picked":["Immolate","Infernal Blade"],"picked":"Cleave"},{"not_picked":["Twin Strike","Headbutt"],"picked":"Battle Trance"},{"not_picked":["Immolate","Exhume"],"picked":"Berserk"},{"not_picked":["Shockwave","Anger"],"picked":"Sword Boomerang"},{"not_picked":["Intimidate","Clash"],"picked":"Headbutt"},{"not_picked":["True Grit","Dark Embrace"],"picked":"Shrug It Off"},{"not_picked":["Corruption","Blood for Blood"],"picked":"Perfected Strike"},{"not_picked":["Disarm","Sever Soul"],"picked":"Twin Strike"},{"not_picked":["Havoc","Flex"],"picked":"Second Wind"},{"not_picked":["Inflame","Shockwave"],"picked":"Sword Boomerang"},{"not_picked":["Rage","Sever Soul"],"picked":"Shrug It Off"},{"not_picked":["Havoc","Iron Wave"],"picked":"Dark Embrace"}],"player_experience":140788,"potions_floor_usage":[13,23,25,27,27,31],"damage_taken":[{"damage":7.0,"enemies":"2 Louse","floor":1.0,"turns":3.0},{"damage":6,"enemies":"Cultist","floor":3,"turns":3},{"damage":12,"enemies":"Jaw Worm","floor":5,"turns":2},{"damage":32,"enemies":"Gremlin Nob","floor":6,"turns":4},{"damage":32,"enemies":"Lagavulin","floor":8,"turns":7},{"damage":10,"enemies":"2 Fungi Beasts","floor":11,"turns":3},{"damage":4,"enemies":"3 Sentries","floor":13,"turns":8},{"damage":13,"enemies":"3 Louse","floor":14,"turns":2},{"damage":51,"enemies":"Slime Boss","floor":16,"turns":11},{"damage":11,"enemies":"Shell Parasite","floor":18,"turns":5},{"damage":20,"enemies":"2 Thieves","floor":22,"turns":4},{"damage":31,"enemies":"Book of Stabbing","floor":23,"turns":5},{"damage":13,"enemies":"Slavers","floor":25,"turns":5},{"damage":4,"enemies":"Centurion and Healer","floor":27,"turns":5},{"damage":6,"enemies":"Sentry and Sphere","floor":28,"turns":4},{"damage":9,"enemies":"Snecko","floor":30,"turns":6},{"damage":20,"enemies":"Gremlin Leader","floor":31,"turns":6},{"damage":72,"enemies":"Automaton","floor":33,"turns":8}],"event_choices":[{"event_name":"Golden Wing","player_choice":"Card Removal","floor":4,"damage_taken":0},{"event_name":"Living Wall","player_choice":"Change","floor":7,"damage_taken":0},{"event_name":"Cursed Tome","player_choice":"Ignored","floor":19,"damage_taken":0},{"event_name":"Drug Dealer","player_choice":"Got JAXXED","floor":20,"damage_taken":0},{"event_name":"Match and Keep!","player_choice":"1 cards matched","floor":21,"damage_taken":0},{"event_name":"The Library","player_choice":"Read","floor":29,"damage_taken":0}],"boss_relics":[{"not_picked":["Sozu","Tiny House"],"picked":"Black Star"}],"potions_floor_spawned":[6,11,16,23,25,28,30],"seed_played":"3825195422424269534","killed_by":"Automaton","ascension_level":2,"is_trial":false}