{"gold_per_floor":[214,214,289,17,34,34,64,64,87,121,46,46,65,65,65,162,162,174,185,185,185,203,203,36,48,130,130,142,161,190,207,207,306,306,326,341,152,164,164],"floor_reached":39,"playtime":1865,"items_purged":["Defend_R","Strike_R","Defend_R"],"score":473,"play_id":"f5d4b334-5369-4fbb-8f65-153f3910ea31","local_time":"20190825144220","is_ascension_mode":true,"campfire_choices":[{"data":"Bash","floor":6,"key":"SMITH"},{"data":"Rupture","floor":8,"key":"SMITH"},{"data":"Rupture","floor":12,"key":"SMITH"},{"floor":15,"key":"REST"},{"data":"Brutality","floor":23,"key":"SMITH"},{"data":"Bandage Up","floor":27,"key":"SMITH"},{"floor":32,"key":"REST"}],"neow_cost":"NONE","seed_source_timestamp":167935582139021,"circlet_count":0,"master_deck":["Strike_R","Strike_R","Defend_R","Defend_R","Bash+1","Shrug It Off","Bandage Up+1","Rupture+1","Rupture+1","Flex","Brutality+1","Disarm","Combust+1","Pommel Strike","Trip","Shockwave","Pain","Metallicize","Sword Boomerang","Limit Break","Disarm+1","Twin Strike"],"relics":["Burning Blood","Membership Card","Happy Flower","Anchor","Paper Frog","Cursed Key","Mummified Hand","Question Card","Bottled Flame","Sozu","Brimstone"],"potions_floor_usage":[7,16,16,18,18,30,33],"damage_taken":[{"damage":0,"enemies":"Small Slimes","floor":1,"turns":3},{"damage":1,"enemies":"Jaw Worm","floor":5,"turns":5},{"damage":41,"enemies":"3 Sentries","floor":7,"turns":10},{"damage":32,"enemies":"Gremlin Nob","floor":10,"turns":4},{"damage":1,"enemies":"Cultist","floor":13,"turns":3},{"damage":21,"enemies":"Slime Boss","floor":16,"turns":8},{"damage":2,"enemies":"3 Byrds","floor":18,"turns":3},{"damage":13,"enemies":"Shell Parasite","floor":19,"turns":4},{"damage":14,"enemies":"Chosen and Byrds","floor":22,"turns":5},{"damage":16,"enemies":"Snake Plant","floor":25,"turns":4},{"damage":16,"enemies":"3 Cultists","floor":28,"turns":4},{"damage":30,"enemies":"Snecko","floor":29,"turns":5},{"damage":21,"enemies":"Gremlin Leader","floor":30,"turns":5},{"damage":17,"enemies":"Centurion and Healer","floor":31,"turns":4},{"damage":36,"enemies":"Collector","floor":33,"turns":4},{"damage":6,"enemies":"Orb Walker","floor":35,"turns":3},{"damage":24,"enemies":"3 Shapes","floor":36,"turns":4},{"damage":47,"enemies":"Spire Growth","floor":38,"turns":4},{"damage":57,"enemies":"Jaw Worm Horde","floor":39,"turns":2}],"seed_played":"3024611440074820121","potions_obtained":[{"floor":1,"key":"Explosive Potion"},{"floor":7,"key":"Swift Potion"},{"floor":16,"key":"AttackPotion"},{"floor":18,"key":"Fruit Juice"},{"floor":25,"key":"SneckoOil"},{"floor":29,"key":"Block Potion"},{"floor":30,"key":"Explosive Potion"},{"floor":33,"key":"SteroidPotion"}],"is_trial":false,"path_per_floor":["M","?","?","$","M","R","E","R","T","E","$","R","M","T","R","B",null,"M","M","?","?","M","R","$","M","T","R","M","M","E","M","R","B",null,"M","M","$","M","M"],"character_chosen":"IRONCLAD","items_purchased":["Membership Card","Bandage Up","AttackPotion","Trip","Mummified Hand","Brimstone","Twin Strike"],"campfire_rested":2,"item_purchase_floors":[4,4,11,24,24,37,37],"current_hp_per_floor":[80,73,62,62,71,71,40,40,40,18,18,18,27,27,51,40,80,85,82,82,82,78,78,78,72,72,72,68,50,41,36,61,37,85,85,73,73,38,0],"gold":164,"neow_bonus":"HUNDRED_GOLD","is_prod":false,"is_daily":false,"chose_seed":false,"campfire_upgraded":5,"win_rate":0,"timestamp":1566736940,"path_taken":["M","?","?","$","M","R","E","R","T","E","$","R","M","?","R","BOSS","M","M","?","?","M","R","$","M","T","R","M","M","E","M","R","BOSS","M","M","$","M","?"],"build_version":"2019-07-17","purchased_purges":3,"victory":false,"max_hp_per_floor":[80,80,80,80,80,80,80,80,80,80,80,80,80,80,80,80,80,85,85,85,85,85,85,85,85,85,85,85,85,85,85,85,85,85,85,85,85,85,85],"card_choices":[{"not_picked":["Hemokinesis","Carnage"],"picked":"Shrug It Off","floor":1},{"not_picked":["Twin Strike","Sever Soul","Thunderclap"],"picked":"SKIP","floor":5},{"not_picked":["Feel No Pain","Twin Strike"],"picked":"Rupture","floor":7},{"not_picked":["Sever Soul","Warcry"],"picked":"Rupture","floor":10},{"not_picked":["Disarm","Body Slam"],"picked":"Flex","floor":13},{"not_picked":["Berserk","Bludgeon"],"picked":"Brutality","floor":16},{"not_picked":["Cleave","Entrench"],"picked":"Disarm","floor":18},{"not_picked":["Entrench+1","Iron Wave"],"picked":"Combust+1","floor":19},{"not_picked":["Reckless Charge","Iron Wave+1"],"picked":"Pommel Strike","floor":22},{"not_picked":["Flex","Intimidate+1"],"picked":"Shockwave","floor":25},{"not_picked":["Rampage","Body Slam+1","Havoc+1","Clash"],"picked":"SKIP","floor":28},{"not_picked":["True Grit","Body Slam+1","Cleave+1","Fire Breathing"],"picked":"SKIP","floor":29},{"not_picked":["Carnage","Sword Boomerang","Second Wind"],"picked":"Metallicize","floor":30},{"not_picked":["Evolve+1","Seeing Red+1","Iron Wave"],"picked":"Sword Boomerang","floor":31},{"not_picked":["Juggernaut","Offering","Brutality"],"picked":"Limit Break","floor":33},{"not_picked":["Body Slam","Cleave","Perfected Strike"],"picked":"Disarm+1","floor":35},{"not_picked":["Wild Strike","Ghostly Armor","Corruption+1","Armaments+1"],"picked":"SKIP","floor":36},{"not_picked":["Perfected Strike+1","Flame Barrier","Sword Boomerang+1","Fire Breathing"],"picked":"SKIP","floor":38}],"player_experience":240366,"relics_obtained":[{"floor":7,"key":"Happy Flower"},{"floor":10,"key":"Anchor"},{"floor":14,"key":"Paper Frog"},{"floor":26,"key":"Question Card"},{"floor":30,"key":"Bottled Flame"}],"event_choices":[{"cards_removed":["Strike_R"],"damage_healed":0,"gold_gain":0,"player_choice":"Card Removal","damage_taken":7,"max_hp_gain":0,"max_hp_loss":0,"event_name":"Golden Wing","floor":2,"gold_loss":0},{"damage_healed":0,"gold_gain":75,"player_choice":"Gather Gold","damage_taken":11,"max_hp_gain":0,"max_hp_loss":0,"event_name":"World of Goop","floor":3,"gold_loss":0},{"damage_healed":0,"gold_gain":0,"player_choice":"Ignored","damage_taken":0,"max_hp_gain":0,"max_hp_loss":0,"event_name":"Ghosts","floor":20,"gold_loss":0},{"cards_removed":["Strike_R"],"damage_healed":0,"gold_gain":0,"player_choice":"Purged","damage_taken":0,"max_hp_gain":0,"max_hp_loss":0,"event_name":"Purifier","floor":21,"gold_loss":0}],"is_beta":false,"boss_relics":[{"not_picked":["Empty Cage","Busted Crown"],"picked":"Cursed Key"},{"not_picked":["Pandora\u0027s Box","Fusion Hammer"],"picked":"Sozu"}],"items_purged_floors":[4,11,37],"is_endless":false,"potions_floor_spawned":[1,7,16,18,25,29,30,33,38],"killed_by":"Jaw Worm Horde","ascension_level":3}