{"gold_per_floor":[113,128,128,145,145,157,157,188,188,188,202,202,217,234,234,329,329,348,85,99,110,110,110,41,41,41,54,54,54,54,71,71,169,169,183,197,197,5,21,21,121,121,121,121,146,106,116,132,132,132],"floor_reached":50,"playtime":11050,"items_purged":[],"score":549,"play_id":"66036ed0-fb0c-4cba-83d5-c78f7a711172","local_time":"20191005032509","is_ascension_mode":false,"campfire_choices":[{"data":"Corpse Explosion","floor":7,"key":"SMITH"},{"data":"Bane","floor":10,"key":"SMITH"},{"data":"Deadly Poison","floor":12,"key":"SMITH"},{"floor":15,"key":"REST"},{"floor":23,"key":"REST"},{"data":"Catalyst","floor":32,"key":"SMITH"},{"floor":40,"key":"REST"},{"data":"Burst","floor":44,"key":"SMITH"},{"floor":49,"key":"REST"}],"neow_cost":"NONE","seed_source_timestamp":37028371461500,"circlet_count":0,"master_deck":["Strike_G","Strike_G","Strike_G","Strike_G","Strike_G","Defend_G","Defend_G","Defend_G","Defend_G","Survivor","Neutralize","Backflip","Corpse Explosion+1","Poisoned Stab+1","Outmaneuver+1","Bane+1","Deadly Poison+1","Poisoned Stab","PiercingWail","Burst+1","All Out Attack+1","Panache","Endless Agony","Quick Slash","Bouncing Flask+1","Crippling Poison","Shame","Catalyst+1","Die Die Die","Poisoned Stab+1","Madness+1","Madness","Bouncing Flask","Prepared","Bouncing Flask+1","Noxious Fumes"],"relics":["Ring of the Snake","Letter Opener","Gremlin Horn","Velvet Choker","Ornamental Fan","Orichalcum","WristBlade","Unceasing Top","Nunchaku","Omamori"],"potions_floor_usage":[16,16,21,31,33,33,33,35,36,45,48,50],"damage_taken":[{"damage":1,"enemies":"2 Louse","floor":1,"turns":4},{"damage":0,"enemies":"Small Slimes","floor":2,"turns":5},{"damage":3,"enemies":"Jaw Worm","floor":4,"turns":5},{"damage":0,"enemies":"Large Slime","floor":6,"turns":4},{"damage":9,"enemies":"3 Sentries","floor":8,"turns":4},{"damage":2,"enemies":"Looter","floor":11,"turns":4},{"damage":0,"enemies":"2 Fungi Beasts","floor":13,"turns":1},{"damage":0,"enemies":"Gremlin Gang","floor":14,"turns":1},{"damage":25,"enemies":"Hexaghost","floor":16,"turns":8},{"damage":1,"enemies":"Chosen","floor":18,"turns":4},{"damage":8,"enemies":"Shell Parasite","floor":20,"turns":3},{"damage":23,"enemies":"Sentry and Sphere","floor":21,"turns":5},{"damage":7,"enemies":"Snecko","floor":27,"turns":4},{"damage":0,"enemies":"Chosen and Byrds","floor":31,"turns":4},{"damage":57,"enemies":"Champ","floor":33,"turns":7},{"damage":0,"enemies":"Orb Walker","floor":35,"turns":2},{"damage":14,"enemies":"3 Darklings","floor":36,"turns":5},{"damage":1,"enemies":"4 Shapes","floor":39,"turns":2},{"damage":0,"enemies":"Mind Bloom Boss Battle","floor":41,"turns":4},{"damage":0,"enemies":"Reptomancer","floor":45,"turns":2},{"damage":9,"enemies":"Jaw Worm Horde","floor":47,"turns":2},{"damage":14,"enemies":"Spire Growth","floor":48,"turns":4},{"damage":78,"enemies":"Time Eater","floor":50,"turns":7}],"seed_played":"392700104543486270","potions_obtained":[{"floor":2,"key":"Dexterity Potion"},{"floor":8,"key":"AttackPotion"},{"floor":13,"key":"Block Potion"},{"floor":16,"key":"SkillPotion"},{"floor":21,"key":"EntropicBrew"},{"floor":33,"key":"SpeedPotion"},{"floor":36,"key":"FearPotion"},{"floor":41,"key":"GhostInAJar"}],"is_trial":false,"path_per_floor":["M","M","?","M","?","M","R","E","T","R","M","R","M","M","R","B",null,"M","$","M","M","?","R","$","?","T","M","?","$","$","M","R","B",null,"M","M","?","$","M","R","?","?","T","R","E","?","M","M","R","B"],"character_chosen":"THE_SILENT","items_purchased":["Panache","Endless Agony","Crippling Poison","Bouncing Flask","GhostInAJar","Poison Potion"],"campfire_rested":4,"item_purchase_floors":[19,19,24,38,38,38],"current_hp_per_floor":[76,76,76,73,73,73,73,64,64,64,62,62,62,62,77,52,77,76,76,68,45,45,68,68,68,68,61,77,77,77,77,77,35,77,77,63,53,53,52,75,75,75,75,75,75,75,66,52,75,0],"gold":132,"neow_bonus":"TEN_PERCENT_HP_BONUS","is_prod":false,"is_daily":false,"chose_seed":false,"campfire_upgraded":5,"win_rate":0.0,"timestamp":1570263909,"path_taken":["M","M","?","M","?","M","R","E","T","R","M","R","M","M","R","BOSS","M","$","M","M","?","R","$","?","T","M","?","?","$","M","R","BOSS","M","M","?","$","M","R","?","?","T","R","E","?","M","M","R","BOSS"],"build_version":"2019-07-17","purchased_purges":0,"victory":false,"max_hp_per_floor":[77,77,77,77,77,77,77,77,77,77,77,77,77,77,77,77,77,77,77,77,77,77,77,77,77,77,77,77,77,77,77,77,77,77,77,77,77,77,77,77,77,77,77,77,77,77,77,77,77,77],"card_choices":[{"not_picked":["Prepared","Dodge and Roll"],"picked":"Backflip","floor":1},{"not_picked":["Caltrops","PiercingWail"],"picked":"Corpse Explosion","floor":2},{"not_picked":["Sucker Punch","Slice"],"picked":"Poisoned Stab","floor":4},{"not_picked":["Prepared","Underhanded Strike"],"picked":"Outmaneuver","floor":6},{"not_picked":["Acrobatics","Masterful Stab"],"picked":"Bane","floor":8},{"not_picked":["Underhanded Strike","Backflip"],"picked":"Deadly Poison","floor":11},{"not_picked":["Dodge and Roll","Tools of the Trade"],"picked":"Poisoned Stab","floor":13},{"not_picked":["Finisher","Blade Dance"],"picked":"PiercingWail","floor":14},{"not_picked":["Corpse Explosion","Night Terror"],"picked":"Burst","floor":16},{"not_picked":["Heel Hook","Outmaneuver"],"picked":"All Out Attack+1","floor":18},{"not_picked":["Dagger Throw","Choke"],"picked":"Quick Slash","floor":20},{"not_picked":["Terror","Sucker Punch"],"picked":"Bouncing Flask+1","floor":21},{"not_picked":["Doppelganger","Dagger Throw","Leg Sweep"],"picked":"SKIP","floor":27},{"not_picked":["Outmaneuver","Quick Slash+1"],"picked":"Catalyst","floor":31},{"not_picked":["Adrenaline","Envenom"],"picked":"Die Die Die","floor":33},{"not_picked":["Quick Slash","Acrobatics+1"],"picked":"Poisoned Stab+1","floor":35},{"not_picked":["Heel Hook+1","Calculated Gamble+1","Outmaneuver"],"picked":"SKIP","floor":36},{"not_picked":["Dagger Spray+1","Skewer"],"picked":"Prepared","floor":39},{"not_picked":["Dagger Throw","Backflip+1"],"picked":"Bouncing Flask+1","floor":41},{"not_picked":["Dagger Throw","Tactician","Malaise"],"picked":"SKIP","floor":45},{"not_picked":["Sucker Punch","Dash+1"],"picked":"Noxious Fumes","floor":47},{"not_picked":["Acrobatics+1","Quick Slash+1","Finisher"],"picked":"SKIP","floor":48}],"player_experience":77915,"relics_obtained":[{"floor":8,"key":"Letter Opener"},{"floor":9,"key":"Gremlin Horn"},{"floor":26,"key":"Orichalcum"},{"floor":41,"key":"Unceasing Top"},{"floor":43,"key":"Nunchaku"},{"floor":45,"key":"Omamori"}],"event_choices":[{"damage_healed":0,"gold_gain":0,"player_choice":"Ignored","damage_taken":0,"max_hp_gain":0,"max_hp_loss":0,"event_name":"Golden Wing","floor":3,"gold_loss":0},{"damage_healed":0,"gold_gain":0,"player_choice":"Grow","damage_taken":0,"max_hp_gain":0,"max_hp_loss":0,"event_name":"Living Wall","floor":5,"gold_loss":0,"cards_upgraded":["Poisoned Stab"]},{"damage_healed":0,"gold_gain":0,"player_choice":"Ignored","damage_taken":0,"max_hp_gain":0,"max_hp_loss":0,"event_name":"Beggar","floor":22,"gold_loss":0},{"damage_healed":0,"gold_gain":0,"player_choice":"Stole Relic","damage_taken":0,"relics_obtained":["Ornamental Fan"],"max_hp_gain":0,"max_hp_loss":0,"event_name":"Addict","floor":25,"gold_loss":0,"cards_obtained":["Shame"]},{"damage_healed":25,"gold_gain":0,"player_choice":"Heal","damage_taken":0,"max_hp_gain":0,"max_hp_loss":0,"event_name":"The Library","floor":28,"gold_loss":0},{"damage_healed":0,"gold_gain":0,"player_choice":"Embrace Madness","damage_taken":10,"max_hp_gain":0,"max_hp_loss":0,"event_name":"Winding Halls","floor":37,"gold_loss":0,"cards_obtained":["Madness","Madness"]},{"damage_healed":0,"gold_gain":0,"player_choice":"Fight","damage_taken":0,"max_hp_gain":0,"max_hp_loss":0,"event_name":"MindBloom","floor":41,"gold_loss":0},{"cards_removed":["Defend_G"],"damage_healed":0,"gold_gain":0,"player_choice":"Removed Skill","damage_taken":0,"max_hp_gain":0,"max_hp_loss":0,"event_name":"Falling","floor":42,"gold_loss":0},{"damage_healed":0,"gold_gain":0,"player_choice":"Upgraded Two","damage_taken":0,"max_hp_gain":0,"max_hp_loss":0,"event_name":"Designer","floor":46,"gold_loss":40,"cards_upgraded":["Madness","Outmaneuver"]}],"is_beta":false,"boss_relics":[{"not_picked":["Astrolabe","Eternal Feather"],"picked":"Velvet Choker"},{"not_picked":["Runic Pyramid","Calling Bell"],"picked":"WristBlade"}],"items_purged_floors":[],"is_endless":false,"potions_floor_spawned":[2,8,13,16,21,33,36,39,41],"killed_by":"Time Eater","ascension_level":0}