{"path_per_floor":["M","?","?","M","?","R","E","R","T","E","M","$","?","$","R","B",null,"M","?","M","$","M","E","R","E","T","E","$","?","?","M","R","B",null,"M","?","$","M","M","E","?","R","T","R","M","E","M","E","R"],"character_chosen":"IRONCLAD","items_purchased":["Shrug It Off","War Paint","Oddly Smooth Stone","Flex"],"gold_per_floor":[116,96,271,290,240,240,275,275,275,302,316,196,196,96,96,195,195,210,210,221,69,81,114,114,141,213,248,55,55,55,74,74,176,176,187,187,62,79,89,122,122,122,145,145,157,191,209,244,244],"floor_reached":50,"campfire_rested":1,"playtime":3903,"current_hp_per_floor":[80,80,80,80,80,80,80,80,80,68,73,73,66,66,66,58,80,84,68,74,74,76,54,54,60,60,63,63,63,63,70,70,31,105,109,109,109,109,94,52,80,80,80,80,61,60,65,66,120],"items_purged":["Strike_R","Strike_R","Strike_R"],"gold":244,"score":647,"play_id":"743625d2-c52e-499a-9748-21768c04ea51","is_prod":false,"is_daily":false,"is_ascension_mode":true,"campfire_upgraded":7,"path_taken":["M","?","?","?","?","R","E","R","T","E","?","$","?","$","R","BOSS","M","?","M","$","M","E","R","E","T","E","$","?","?","?","R","BOSS","M","?","$","M","M","E","?","R","T","R","M","E","M","E","R","BOSS"],"build_version":"2018-02-12-PROD1","purchased_purges":4,"victory":false,"master_deck":["Strike_R+1","Defend_R+1","Bash+1","Rampage+1","Iron Wave+1","Thunderclap","Shrug It Off","Double Tap+1","Sentinel+1","Seeing Red+1","Feed+1","Thunderclap+1","Battle Trance+1","Pommel Strike+1","Cleave+1","Dropkick","Battle Trance","Flex+1","Flex+1","Shrug It Off","Cleave+1","Feed+1","Seeing Red+1","Sword Boomerang+1","Whirlwind+1"],"max_hp_per_floor":[80,80,80,80,80,80,80,80,80,80,80,80,80,80,80,80,80,84,89,89,89,93,93,93,97,97,97,97,97,97,101,101,105,105,109,109,109,109,113,113,113,113,113,113,113,124,128,132,132],"relics":["Black Blood","NeowsBlessing","Whetstone","Centennial Puzzle","Regal Pillow","Astrolabe","War Paint","Happy Flower","Omamori","Mummified Hand","Lantern","Oddly Smooth Stone","The Courier","Art of War","Strawberry","Ice Cream"],"card_choices":[{"not_picked":["Armaments","Cleave"],"picked":"Rampage"},{"not_picked":["Power Through","Disarm"],"picked":"Iron Wave"},{"not_picked":["Wild Strike","Reckless Charge"],"picked":"Thunderclap"},{"not_picked":["Juggernaut","Exhume"],"picked":"Double Tap"},{"not_picked":["Clothesline","Sentinel"],"picked":"Thunderclap"},{"not_picked":["Reckless Charge","Burning Pact"],"picked":"Battle Trance"},{"not_picked":["Power Through","Iron Wave"],"picked":"Pommel Strike"},{"not_picked":["Wild Strike","Warcry"],"picked":"Cleave"},{"not_picked":["Brutality","Armaments"],"picked":"Dropkick"},{"not_picked":["Rage","Feel No Pain"],"picked":"Battle Trance"},{"not_picked":["Wild Strike","Corruption"],"picked":"Shrug It Off"},{"not_picked":["Shrug It Off","Anger"],"picked":"Cleave"},{"not_picked":["Clash","Iron Wave"],"picked":"Seeing Red"},{"not_picked":["Pommel Strike","Havoc"],"picked":"Sword Boomerang"},{"not_picked":["Battle Trance","Feel No Pain"],"picked":"Whirlwind"}],"player_experience":111529,"potions_floor_usage":[23,25,39,45,50,50,50],"damage_taken":[{"damage":0,"enemies":"Small Slimes","floor":1,"turns":1},{"damage":0,"enemies":"Blue Slaver","floor":4,"turns":1},{"damage":0,"enemies":"Gremlin Nob","floor":7,"turns":1},{"damage":18,"enemies":"3 Sentries","floor":10,"turns":9},{"damage":1,"enemies":"Jaw Worm","floor":11,"turns":3},{"damage":14,"enemies":"The Guardian","floor":16,"turns":9},{"damage":2,"enemies":"2 Thieves","floor":18,"turns":4},{"damage":0,"enemies":"Chosen","floor":20,"turns":5},{"damage":8,"enemies":"Centurion and Healer","floor":22,"turns":4},{"damage":28,"enemies":"Gremlin Leader","floor":23,"turns":6},{"damage":4,"enemies":"Slavers","floor":25,"turns":3},{"damage":3,"enemies":"Gremlin Leader","floor":27,"turns":4},{"damage":3,"enemies":"Snake Plant","floor":31,"turns":3},{"damage":49,"enemies":"Collector","floor":33,"turns":7},{"damage":0,"enemies":"Orb Walker","floor":35,"turns":3},{"damage":8,"enemies":"3 Shapes","floor":38,"turns":1},{"damage":29,"enemies":"Maw","floor":39,"turns":8},{"damage":52,"enemies":"Giant Head","floor":40,"turns":8},{"damage":29,"enemies":"4 Shapes","floor":45,"turns":1},{"damage":22,"enemies":"2 Orb Walkers","floor":46,"turns":2},{"damage":9,"enemies":"Sphere and 2 Shapes","floor":47,"turns":2},{"damage":13,"enemies":"Nemesis","floor":48,"turns":4},{"damage":127,"enemies":"Time Eater","floor":50,"turns":9}],"event_choices":[{"event_name":"The Woman in Blue","player_choice":"Bought 1 Potion","floor":2,"damage_taken":0},{"event_name":"Liars Game","player_choice":"agreed","floor":3,"damage_taken":0},{"event_name":"The Cleric","player_choice":"Card Removal","floor":5,"damage_taken":0},{"event_name":"Golden Wing","player_choice":"Card Removal","floor":13,"damage_taken":0},{"event_name":"Forgotten Altar","player_choice":"Shed Blood","floor":19,"damage_taken":0},{"event_name":"Cursed Tome","player_choice":"Ignored","floor":29,"damage_taken":0},{"event_name":"The Library","player_choice":"Read","floor":30,"damage_taken":0},{"event_name":"Duplicator","player_choice":"One dupe","floor":36,"damage_taken":0},{"event_name":"Winding Halls","player_choice":"Writhe","floor":41,"damage_taken":0}],"boss_relics":[{"not_picked":["Runic Pyramid","Lizard Tail"],"picked":"Astrolabe"},{"not_picked":["Orrery","White Beast Statue"],"picked":"Black Blood"}],"potions_floor_spawned":[7,10,11,22,25,27,33,38,39,48],"seed_played":"-4326069887203600268","killed_by":"Time Eater","ascension_level":1,"is_trial":false}