{"gold_per_floor":[212,212,287,302,10,10,10,10,10,10,41,54,64,94,94,194,194,211,226,150,150,160,160,195,195,195,195,225,240,340,351,351,451,451,467,542,123,139,153,153,183,183,183,183,8,25,53,69,69,69],"floor_reached":51,"playtime":3602,"items_purged":["Defend_R+1","Defend_R+1"],"score":764,"play_id":"e1cf6be4-b78d-43a6-ab02-4c552ee94c31","local_time":"20190204182109","is_ascension_mode":true,"campfire_choices":[{"data":"Bash","floor":6,"key":"SMITH"},{"data":"Flame Barrier","floor":8,"key":"SMITH"},{"data":"Armaments","floor":15,"key":"SMITH"},{"data":"Armaments","floor":23,"key":"SMITH"},{"data":"Metallicize","floor":25,"key":"SMITH"},{"data":"Flame Barrier","floor":27,"key":"SMITH"},{"data":"Strike_R+1","floor":32,"key":"PURGE"},{"data":"True Grit","floor":40,"key":"SMITH"},{"data":"Strike_R+1","floor":42,"key":"PURGE"},{"data":"Defend_R+1","floor":44,"key":"PURGE"},{"floor":49,"key":"REST"}],"neow_cost":"NONE","seed_source_timestamp":251199823354544,"circlet_count":0,"master_deck":["Strike_R+1","Defend_R+1","Bash+1","Pummel","Flame Barrier+1","Pommel Strike","Armaments+1","Impervious","Offering","Spot Weakness","Flame Barrier+1","Armaments+1","Sword Boomerang","Shrug It Off","Metallicize+1","Pummel+1","Metallicize+1","Disarm","Barricade","True Grit+1","Shrug It Off","Pommel Strike","True Grit+1","Sword Boomerang+1","Spot Weakness+1","Inflame","Headbutt+1","True Grit"],"relics":["Burning Blood","Paper Frog","Happy Flower","Blue Candle","Lantern","Mark of Pain","Bronze Scales","Meat on the Bone","FossilizedHelix","Peace Pipe","Self Forming Clay","Sozu","Gremlin Horn","Mummified Hand","Dodecahedron"],"potions_floor_usage":[16,28,48],"damage_taken":[{"damage":3,"enemies":"Jaw Worm","floor":1,"turns":4},{"damage":0,"enemies":"Small Slimes","floor":4,"turns":4},{"damage":15,"enemies":"Lagavulin","floor":11,"turns":7},{"damage":0,"enemies":"2 Louse","floor":12,"turns":2},{"damage":6,"enemies":"Exordium Wildlife","floor":13,"turns":4},{"damage":17,"enemies":"Gremlin Nob","floor":14,"turns":4},{"damage":33,"enemies":"Hexaghost","floor":16,"turns":9},{"damage":13,"enemies":"Chosen","floor":18,"turns":6},{"damage":6,"enemies":"3 Byrds","floor":19,"turns":4},{"damage":12,"enemies":"Centurion and Healer","floor":22,"turns":5},{"damage":11,"enemies":"Book of Stabbing","floor":24,"turns":7},{"damage":17,"enemies":"Gremlin Leader","floor":28,"turns":8},{"damage":0,"enemies":"Shelled Parasite and Fungi","floor":29,"turns":4},{"damage":0,"enemies":"Colosseum Slavers","floor":30,"turns":5},{"damage":2,"enemies":"Colosseum Nobs","floor":30,"turns":3},{"damage":0,"enemies":"3 Cultists","floor":31,"turns":6},{"damage":20,"enemies":"Collector","floor":33,"turns":14},{"damage":14,"enemies":"3 Darklings","floor":35,"turns":7},{"damage":0,"enemies":"Orb Walker","floor":38,"turns":4},{"damage":1,"enemies":"Sphere and 2 Shapes","floor":39,"turns":7},{"damage":0,"enemies":"Giant Head","floor":41,"turns":6},{"damage":6,"enemies":"Writhing Mass","floor":46,"turns":9},{"damage":16,"enemies":"Nemesis","floor":47,"turns":3},{"damage":0,"enemies":"Spire Growth","floor":48,"turns":3},{"damage":9,"enemies":"Time Eater","floor":50,"turns":9}],"seed_played":"5339467318285596705","potions_obtained":[{"floor":4,"key":"Weak Potion"},{"floor":11,"key":"Regen Potion"},{"floor":13,"key":"Regen Potion"},{"floor":18,"key":"Dexterity Potion"},{"floor":24,"key":"Ancient Potion"},{"floor":30,"key":"Weak Potion"},{"floor":31,"key":"Fire Potion"}],"is_trial":false,"path_per_floor":["M","?","?","M","$","R","?","R","T","$","E","M","M","E","R","B",null,"M","M","$","?","M","R","E","R","T","R","E","M","?","M","R","B",null,"M","?","$","M","M","R","E","R","T","R","$","M","E","M","R","B",null],"character_chosen":"IRONCLAD","items_purchased":["Flame Barrier","Paper Frog","Armaments","Sword Boomerang","Gremlin Horn","Shrug It Off","Pommel Strike","Inflame"],"campfire_rested":1,"item_purchase_floors":[5,5,20,20,37,37,37,45],"current_hp_per_floor":[80,80,69,75,75,75,68,68,68,68,59,65,65,54,54,27,80,73,73,73,73,67,67,62,62,62,62,65,71,80,80,80,66,80,72,64,64,70,75,75,80,80,80,80,80,80,70,76,80,77],"gold":69,"neow_bonus":"HUNDRED_GOLD","is_prod":false,"is_daily":false,"chose_seed":false,"campfire_upgraded":7,"win_rate":0,"timestamp":1549300869,"path_taken":["M","?","?","M","$","R","?","R","T","$","E","?","M","E","R","BOSS","M","M","$","?","M","R","E","R","T","R","E","M","?","?","R","BOSS","M","?","$","M","M","R","E","R","T","R","$","M","E","M","R","BOSS"],"build_version":"2019-01-23","purchased_purges":2,"victory":true,"max_hp_per_floor":[80,80,80,80,80,80,80,80,80,80,80,80,80,80,80,80,80,80,80,80,80,80,80,80,80,80,80,80,80,80,80,80,80,80,80,80,80,80,80,80,80,80,80,80,80,80,80,80,80,80],"card_choices":[{"not_picked":["Sword Boomerang","Blood for Blood"],"picked":"Pummel","floor":1},{"not_picked":["Warcry","Sword Boomerang","Wild Strike"],"picked":"SKIP","floor":4},{"not_picked":["Body Slam","Wild Strike","Sword Boomerang"],"picked":"SKIP","floor":11},{"not_picked":["Body Slam","Combust"],"picked":"Pommel Strike","floor":12},{"not_picked":["Thunderclap","Pommel Strike"],"picked":"Armaments","floor":13},{"not_picked":["Body Slam","Anger"],"picked":"Impervious","floor":14},{"not_picked":["Fiend Fire","Juggernaut"],"picked":"Offering","floor":16},{"not_picked":["Warcry+1","Power Through"],"picked":"Spot Weakness","floor":18},{"not_picked":["Anger","Carnage"],"picked":"Flame Barrier","floor":19},{"not_picked":["Seeing Red","Perfected Strike"],"picked":"Shrug It Off","floor":22},{"not_picked":["Battle Trance","Seeing Red+1"],"picked":"Metallicize","floor":24},{"not_picked":["Perfected Strike+1","Impervious"],"picked":"Pummel+1","floor":28},{"not_picked":["Second Wind","Heavy Blade"],"picked":"Metallicize+1","floor":29},{"not_picked":["Heavy Blade+1","Inflame"],"picked":"Disarm","floor":30},{"not_picked":["Perfected Strike","Anger","Wild Strike"],"picked":"SKIP","floor":31},{"not_picked":["Reaper","Feed"],"picked":"Barricade","floor":33},{"not_picked":["Wild Strike","Body Slam+1"],"picked":"True Grit","floor":35},{"not_picked":["Cleave","Flex"],"picked":"True Grit+1","floor":38},{"not_picked":["Sever Soul","Corruption+1"],"picked":"Sword Boomerang+1","floor":39},{"not_picked":["Anger","Metallicize+1"],"picked":"Spot Weakness+1","floor":41},{"not_picked":["Feel No Pain","Dual Wield+1"],"picked":"Headbutt+1","floor":46},{"not_picked":["Blood for Blood","Havoc","Anger"],"picked":"SKIP","floor":47},{"not_picked":["Cleave","Pommel Strike+1"],"picked":"True Grit","floor":48}],"player_experience":595067,"relics_obtained":[{"floor":9,"key":"Happy Flower"},{"floor":11,"key":"Blue Candle"},{"floor":14,"key":"Lantern"},{"floor":24,"key":"Bronze Scales"},{"floor":26,"key":"Meat on the Bone"},{"floor":28,"key":"FossilizedHelix"},{"floor":30,"key":"Peace Pipe"},{"floor":30,"key":"Self Forming Clay"},{"floor":41,"key":"Mummified Hand"},{"floor":47,"key":"Dodecahedron"}],"event_choices":[{"cards_removed":["Strike_R"],"damage_healed":0,"gold_gain":0,"player_choice":"Forget","damage_taken":0,"max_hp_gain":0,"max_hp_loss":0,"event_name":"Living Wall","floor":2,"gold_loss":0},{"damage_healed":0,"gold_gain":75,"player_choice":"Gather Gold","damage_taken":11,"max_hp_gain":0,"max_hp_loss":0,"event_name":"World of Goop","floor":3,"gold_loss":0},{"cards_removed":["Strike_R"],"damage_healed":0,"gold_gain":0,"player_choice":"Card Removal","damage_taken":7,"max_hp_gain":0,"max_hp_loss":0,"event_name":"Golden Wing","floor":7,"gold_loss":0},{"damage_healed":0,"gold_gain":0,"player_choice":"Simplicity","damage_taken":0,"max_hp_gain":0,"max_hp_loss":0,"event_name":"Back to Basics","floor":21,"gold_loss":0,"cards_upgraded":["Strike_R","Strike_R","Strike_R","Defend_R","Defend_R","Defend_R","Defend_R"]},{"damage_healed":0,"gold_gain":0,"player_choice":"Fight","damage_taken":0,"max_hp_gain":0,"max_hp_loss":0,"event_name":"Colosseum","floor":30,"gold_loss":0},{"damage_healed":0,"gold_gain":0,"player_choice":"Fought Nobs","damage_taken":0,"max_hp_gain":0,"max_hp_loss":0,"event_name":"Colosseum","floor":30,"gold_loss":0},{"damage_healed":0,"gold_gain":75,"player_choice":"Touch","damage_taken":8,"max_hp_gain":0,"max_hp_loss":0,"event_name":"FaceTrader","floor":36,"gold_loss":0}],"is_beta":false,"boss_relics":[{"not_picked":["Philosopher\u0027s Stone","Ectoplasm"],"picked":"Mark of Pain"},{"not_picked":["Calling Bell","Orrery"],"picked":"Sozu"}],"items_purged_floors":[37,45],"is_endless":false,"potions_floor_spawned":[4,11,13,18,24,30,31,33,38,41,47,48],"ascension_level":1}