{"gold_per_floor":[112,37,37,49,68,98,98,114,114,114,127,147,147,168,168,168],"floor_reached":16,"playtime":625,"items_purged":[],"score":204,"play_id":"0bb60901-b760-4589-9be1-aede40221374","local_time":"20191007224544","is_ascension_mode":true,"campfire_choices":[{"floor":7.0,"key":"REST"},{"floor":10.0,"key":"REST"},{"floor":13,"key":"REST"},{"data":"Neutralize","floor":15,"key":"SMITH"}],"neow_cost":"NONE","seed_source_timestamp":2165451600870300,"circlet_count":0,"master_deck":["AscendersBane","Strike_G","Strike_G","Strike_G","Strike_G","Defend_G","Defend_G","Defend_G","Defend_G","Defend_G","Survivor","Neutralize+1","Underhanded Strike","Dagger Throw","Adrenaline","Quick Slash","A Thousand Cuts","Poisoned Stab"],"special_seed":0,"relics":["HoveringKite","Blue Candle","HornCleat","White Beast Statue","Odd Mushroom"],"potions_floor_usage":[14,16,16],"damage_taken":[{"damage":6.0,"enemies":"Small Slimes","floor":1.0,"turns":5.0},{"damage":6.0,"enemies":"2 Louse","floor":4.0,"turns":3.0},{"damage":0.0,"enemies":"Cultist","floor":5.0,"turns":4.0},{"damage":28.0,"enemies":"Lagavulin","floor":6.0,"turns":6.0},{"damage":5.0,"enemies":"Large Slime","floor":8.0,"turns":6.0},{"damage":12,"enemies":"Lots of Slimes","floor":11,"turns":3},{"damage":17,"enemies":"Gremlin Gang","floor":12,"turns":4},{"damage":4,"enemies":"The Mushroom Lair","floor":14,"turns":3},{"damage":21,"enemies":"Hexaghost","floor":16,"turns":9}],"seed_played":"-3444820628029299484","potions_obtained":[{"floor":5.0,"key":"FearPotion"},{"floor":11,"key":"Explosive Potion"},{"floor":12,"key":"SteroidPotion"},{"floor":14,"key":"Weak Potion"}],"is_trial":false,"path_per_floor":["M","?","?","M","M","E","R","M","T","R","M","M","R","?","R","B"],"character_chosen":"THE_SILENT","items_purchased":[],"campfire_rested":3,"item_purchase_floors":[],"current_hp_per_floor":[53,53,35,29,29,1,20,15,15,34,22,5,24,20,20,0],"gold":168,"neow_bonus":"BOSS_RELIC","is_prod":false,"is_daily":false,"chose_seed":false,"campfire_upgraded":1,"win_rate":0,"timestamp":1570513544,"path_taken":["M","?","?","M","M","E","R","M","T","R","M","M","R","?","R","BOSS"],"build_version":"2019-10-07","purchased_purges":0,"victory":false,"max_hp_per_floor":[66,66,66,66,66,66,66,66,66,66,66,66,66,66,66,66],"card_choices":[{"not_picked":["Bane","Deflect"],"picked":"Underhanded Strike","floor":1.0},{"not_picked":["Reflex","Flechettes"],"picked":"Dagger Throw","floor":4.0},{"not_picked":["Dagger Throw","Eviscerate"],"picked":"Adrenaline","floor":5.0},{"not_picked":["Concentrate","Predator"],"picked":"Quick Slash","floor":6.0},{"not_picked":["Dagger Throw","PiercingWail"],"picked":"A Thousand Cuts","floor":8.0},{"not_picked":["Dodge and Roll","Setup","Outmaneuver"],"picked":"SKIP","floor":11},{"not_picked":["Bane","Slice"],"picked":"Poisoned Stab","floor":12}],"player_experience":1542535,"relics_obtained":[{"floor":6.0,"key":"HornCleat"},{"floor":9.0,"key":"White Beast Statue"},{"floor":14,"key":"Odd Mushroom"}],"event_choices":[{"cards_removed":["Strike_G"],"damage_healed":0.0,"max_hp_gain":0.0,"max_hp_loss":0.0,"gold_gain":0.0,"event_name":"The Cleric","player_choice":"Card Removal","floor":2.0,"gold_loss":75.0,"damage_taken":0.0},{"damage_healed":0.0,"max_hp_gain":0.0,"max_hp_loss":0.0,"gold_gain":0.0,"event_name":"Scrap Ooze","player_choice":"Success","floor":3.0,"gold_loss":0.0,"damage_taken":18.0,"relics_obtained":["Blue Candle"]},{"damage_healed":0,"gold_gain":0,"player_choice":"Fought Mushrooms","damage_taken":0,"max_hp_gain":0,"max_hp_loss":0,"event_name":"Mushrooms","floor":14,"gold_loss":0}],"is_beta":true,"boss_relics":[],"items_purged_floors":[],"is_endless":false,"potions_floor_spawned":[5,11,12,14],"killed_by":"Hexaghost","ascension_level":20}