{"gold_per_floor":[111,121,133,146,158,158,158,158,158,10,10,26,26,67,67,190,190,204,303,321,342,342,342,342,369,369,369,70,70,81,101,101,203,203,223,235,235,235,43,43,60,60,60,60,93,103,136,149,149,149],"floor_reached":51,"playtime":3762,"items_purged":["Strike_B"],"score":1054,"play_id":"4e4faceb-5da1-4a72-bf8c-ccd355dffee9","local_time":"20191006162825","is_ascension_mode":true,"campfire_choices":[{"data":"Zap","floor":6,"key":"SMITH"},{"data":"Defragment","floor":11,"key":"SMITH"},{"data":"Creative AI","floor":13,"key":"SMITH"},{"data":"Seek","floor":15,"key":"SMITH"},{"data":"Coolheaded","floor":23,"key":"SMITH"},{"data":"Machine Learning","floor":27,"key":"SMITH"},{"data":"Coolheaded","floor":32,"key":"SMITH"},{"data":"Biased Cognition","floor":40,"key":"SMITH"},{"data":"Electrodynamics","floor":42,"key":"SMITH"},{"data":"Undo","floor":44,"key":"SMITH"},{"data":"Dualcast","floor":49,"key":"SMITH"}],"neow_cost":"NONE","seed_source_timestamp":71062537961247,"circlet_count":0,"master_deck":["Strike_B","Defend_B","Defend_B","Defend_B","Zap+1","Dualcast+1","Seek+1","Cold Snap","Coolheaded+1","Rebound","Defragment+1","Undo+1","Creative AI+1","Machine Learning+1","Conserve Battery+1","Glacier","Compile Driver","Coolheaded+1","Electrodynamics+1","Biased Cognition+1","Self Repair+1","Seek+1","Ball Lightning+1","Turbo+1"],"relics":["Cracked Core","Bloody Idol","Boot","Centennial Puzzle","Nuclear Battery","Gremlin Horn","Bottled Tornado","Sozu","DollysMirror","Sundial","DataDisk","Ancient Tea Set"],"potions_floor_usage":[16,25,25,33,41,48],"damage_taken":[{"damage":1,"enemies":"Cultist","floor":1,"turns":3},{"damage":3,"enemies":"2 Louse","floor":2,"turns":2},{"damage":2,"enemies":"Jaw Worm","floor":3,"turns":3},{"damage":7,"enemies":"Looter","floor":4,"turns":5},{"damage":6,"enemies":"Blue Slaver","floor":5,"turns":4},{"damage":5,"enemies":"Large Slime","floor":12,"turns":5},{"damage":3,"enemies":"Lagavulin","floor":14,"turns":5},{"damage":7,"enemies":"Hexaghost","floor":16,"turns":11},{"damage":2,"enemies":"Shell Parasite","floor":18,"turns":9},{"damage":2,"enemies":"Chosen","floor":20,"turns":6},{"damage":16,"enemies":"Snake Plant","floor":21,"turns":5},{"damage":0,"enemies":"Slavers","floor":25,"turns":5},{"damage":6,"enemies":"Snecko","floor":30,"turns":6},{"damage":16,"enemies":"3 Cultists","floor":31,"turns":4},{"damage":4,"enemies":"Champ","floor":33,"turns":17},{"damage":0,"enemies":"Orb Walker","floor":35,"turns":5},{"damage":0,"enemies":"3 Darklings","floor":36,"turns":5},{"damage":9,"enemies":"Jaw Worm Horde","floor":41,"turns":3},{"damage":1,"enemies":"Nemesis","floor":45,"turns":14},{"damage":6,"enemies":"4 Shapes","floor":46,"turns":3},{"damage":0,"enemies":"Giant Head","floor":47,"turns":7},{"damage":0,"enemies":"Transient","floor":48,"turns":5},{"damage":15,"enemies":"Time Eater","floor":50,"turns":12}],"seed_played":"2464062413161120079","potions_obtained":[{"floor":2,"key":"FocusPotion"},{"floor":3,"key":"Fire Potion"},{"floor":14,"key":"Strength Potion"},{"floor":18,"key":"SteroidPotion"},{"floor":21,"key":"GamblersBrew"},{"floor":33,"key":"Strength Potion"}],"is_trial":false,"path_per_floor":["M","M","M","M","M","R","?","?","T","$","R","M","R","E","R","B",null,"M","?","M","M","?","R","?","E","T","R","$","$","M","M","R","B",null,"M","M","?","?","$","R","M","R","T","R","E","M","E","M","R","B",null],"character_chosen":"DEFECT","items_purchased":["Defragment","Undo","Electrodynamics","Regen Potion","DollysMirror"],"campfire_rested":0,"item_purchase_floors":[10,10,28,28,39],"current_hp_per_floor":[67,64,62,55,49,49,49,49,49,49,49,44,44,41,41,34,60,58,58,56,40,40,40,40,45,45,45,45,45,44,33,33,49,64,69,69,69,66,66,66,62,62,62,62,66,66,66,66,66,61],"gold":149,"neow_bonus":"ONE_RANDOM_RARE_CARD","is_prod":false,"is_daily":false,"chose_seed":false,"campfire_upgraded":11,"win_rate":0,"timestamp":1570372105,"path_taken":["M","?","M","M","M","R","?","?","T","$","R","M","R","E","R","BOSS","M","?","M","M","?","R","?","E","T","R","?","$","M","?","R","BOSS","M","M","?","?","$","R","M","R","T","R","E","M","E","M","R","BOSS"],"build_version":"2019-07-17","purchased_purges":1,"victory":true,"max_hp_per_floor":[75,75,75,75,75,75,69,69,69,69,69,69,69,69,69,69,69,69,69,69,69,69,69,69,69,69,69,69,69,69,69,69,69,69,69,69,69,66,66,66,66,66,66,66,66,66,66,66,66,66],"card_choices":[{"not_picked":["Turbo","Aggregate"],"picked":"Cold Snap","floor":1},{"not_picked":["Go for the Eyes","Turbo","Blizzard"],"picked":"SKIP","floor":2},{"not_picked":["Reinforced Body","Fusion"],"picked":"Coolheaded","floor":3},{"not_picked":["Redo","Lockon"],"picked":"Rebound","floor":4},{"not_picked":["Conserve Battery","Lockon","Coolheaded"],"picked":"SKIP","floor":5},{"not_picked":["Storm","Sweeping Beam"],"picked":"Creative AI","floor":12},{"not_picked":["Hello World","Coolheaded","Turbo"],"picked":"SKIP","floor":14},{"not_picked":["Multi-Cast","Amplify"],"picked":"Machine Learning","floor":16},{"not_picked":["Redo","Gash"],"picked":"Conserve Battery+1","floor":18},{"not_picked":["Coolheaded","Redo"],"picked":"Glacier","floor":20},{"not_picked":["Ball Lightning+1","Barrage"],"picked":"Compile Driver","floor":21},{"not_picked":["Doom and Gloom+1","Redo"],"picked":"Coolheaded","floor":25},{"not_picked":["Blizzard","Leap","Creative AI"],"picked":"SKIP","floor":30},{"not_picked":["Conserve Battery","Stack","Hologram"],"picked":"SKIP","floor":31},{"not_picked":["Meteor Strike","Thunder Strike"],"picked":"Biased Cognition","floor":33},{"not_picked":["Coolheaded","Compile Driver","Beam Cell+1"],"picked":"SKIP","floor":35},{"not_picked":["Chaos","Go for the Eyes"],"picked":"Self Repair+1","floor":36},{"not_picked":["Turbo","Darkness","Leap"],"picked":"SKIP","floor":41},{"not_picked":["Undo+1","Chaos"],"picked":"Ball Lightning+1","floor":45},{"not_picked":["All For One","Coolheaded+1"],"picked":"Turbo+1","floor":46},{"not_picked":["Gash+1","Creative AI","Steam"],"picked":"SKIP","floor":47},{"not_picked":["Undo+1","Compile Driver+1","Streamline+1"],"picked":"SKIP","floor":48}],"player_experience":355305,"relics_obtained":[{"floor":9,"key":"Boot"},{"floor":14,"key":"Centennial Puzzle"},{"floor":25,"key":"Gremlin Horn"},{"floor":26,"key":"Bottled Tornado"},{"floor":43,"key":"Sundial"},{"floor":45,"key":"DataDisk"},{"floor":47,"key":"Ancient Tea Set"}],"event_choices":[{"damage_healed":0,"gold_gain":0,"player_choice":"Lose Max HP","damage_taken":0,"relics_obtained":["Golden Idol"],"max_hp_gain":0,"max_hp_loss":6,"event_name":"Golden Idol","floor":7,"gold_loss":0},{"cards_removed":["Strike_B"],"damage_healed":0,"gold_gain":0,"player_choice":"Forget","damage_taken":0,"max_hp_gain":0,"max_hp_loss":0,"event_name":"Living Wall","floor":8,"gold_loss":0},{"damage_healed":0,"gold_gain":99,"player_choice":"Stole From Cult","damage_taken":0,"max_hp_gain":0,"max_hp_loss":0,"event_name":"Nest","floor":19,"gold_loss":0},{"damage_healed":0,"gold_gain":0,"player_choice":"Gave Idol","damage_taken":0,"relics_obtained":["Bloody Idol"],"max_hp_gain":0,"max_hp_loss":0,"event_name":"Forgotten Altar","floor":22,"relics_lost":["Golden Idol"],"gold_loss":0},{"cards_removed":["Strike_B"],"damage_healed":0,"gold_gain":0,"player_choice":"Elegance","damage_taken":0,"max_hp_gain":0,"max_hp_loss":0,"event_name":"Back to Basics","floor":24,"gold_loss":0},{"cards_removed":["Defend_B"],"damage_healed":0,"gold_gain":0,"player_choice":"Removed Skill","damage_taken":0,"max_hp_gain":0,"max_hp_loss":0,"event_name":"Falling","floor":37,"gold_loss":0},{"damage_healed":0,"gold_gain":0,"player_choice":"Max HP","damage_taken":0,"max_hp_gain":0,"max_hp_loss":3,"event_name":"Winding Halls","floor":38,"gold_loss":0}],"is_beta":false,"boss_relics":[{"not_picked":["Fusion Hammer","Lizard Tail"],"picked":"Nuclear Battery"},{"not_picked":["Velvet Choker","Busted Crown"],"picked":"Sozu"}],"items_purged_floors":[28],"is_endless":false,"potions_floor_spawned":[2,3,14,18,21,33,35,36,41,48],"ascension_level":9}