{"path_per_floor":["M","$","M","M","M","E","?","?","T","R","T","M","E","$","R","B",null,"M","?","M","$"],"character_chosen":"THE_SILENT","items_purchased":["Terror","Blur","Footwork","Infinite Blades"],"gold_per_floor":[113,44,64,81,92,121,151,151,151,151,174,191,220,69,69,164,164,182,107,118,9],"floor_reached":22,"campfire_rested":0,"playtime":2432,"current_hp_per_floor":[61,61,61,58,56,35,35,35,35,35,35,33,22,22,22,4,63,42,42,28,28],"items_purged":["Strike_G"],"gold":9,"score":223,"play_id":"80f6d9d4-5dcc-4162-949d-54d1b9536f09","is_prod":false,"is_daily":false,"is_ascension_mode":true,"campfire_upgraded":2,"path_taken":["M","$","M","M","M","E","?","?","T","R","?","M","E","$","R","BOSS","M","?","M","$","M"],"build_version":"2018-02-12-PROD1","purchased_purges":1,"victory":false,"master_deck":["Defend_G+1","Defend_G","Defend_G","Defend_G","Defend_G","Strike_G","Strike_G","Survivor+1","Neutralize","Bullet Time+1","Dash","Terror","Backflip","Terror","Prepared","Quick Slash","Heel Hook","Dash","Blur","Footwork+1","Burst","Outmaneuver+1","Leg Sweep","Infinite Blades"],"max_hp_per_floor":[63,63,63,63,63,63,63,63,63,63,63,63,63,63,63,63,63,63,63,63,63],"relics":["Ring of the Snake","Juzu Bracelet","War Paint","Orichalcum","Prayer Wheel","Sozu"],"card_choices":[{"not_picked":["Night Terror","Tools of the Trade"],"picked":"Bullet Time"},{"not_picked":["Predator","Masterful Stab"],"picked":"Dash"},{"not_picked":["Prepared","Slice"],"picked":"Backflip"},{"not_picked":["Riddle With Holes","Flechettes"],"picked":"Terror"},{"not_picked":["Reflex","Bane"],"picked":"Prepared"},{"not_picked":["Dagger Spray","Poisoned Stab"],"picked":"Heel Hook"},{"not_picked":["Poisoned Stab","Slice"],"picked":"Dash"},{"not_picked":["Tactician","Night Terror"],"picked":"Burst"},{"not_picked":["Backflip","Riddle With Holes"],"picked":"Outmaneuver"},{"not_picked":["Deflect","Eviscerate"],"picked":"Leg Sweep"}],"player_experience":102774,"potions_floor_usage":[],"damage_taken":[{"damage":2.0,"enemies":"Cultist","floor":1.0,"turns":4.0},{"damage":0.0,"enemies":"Blue Slaver","floor":3.0,"turns":4.0},{"damage":3.0,"enemies":"2 Louse","floor":4.0,"turns":4.0},{"damage":2.0,"enemies":"Exordium Wildlife","floor":5.0,"turns":5.0},{"damage":21.0,"enemies":"Gremlin Nob","floor":6.0,"turns":4.0},{"damage":2.0,"enemies":"Exordium Thugs","floor":12.0,"turns":7.0},{"damage":11.0,"enemies":"3 Sentries","floor":13.0,"turns":13.0},{"damage":18.0,"enemies":"The Guardian","floor":16.0,"turns":13.0},{"damage":21,"enemies":"Chosen","floor":18,"turns":7},{"damage":14,"enemies":"3 Byrds","floor":20,"turns":11},{"damage":29,"enemies":"Cultist and Chosen","floor":22,"turns":6}],"event_choices":[{"event_name":"Dead Adventurer","player_choice":"Searched \u00272\u0027 times","floor":7.0,"damage_taken":0.0},{"event_name":"Living Wall","player_choice":"Change","floor":8.0,"damage_taken":0.0},{"event_name":"Beggar","player_choice":"Gave Gold","floor":19,"damage_taken":0}],"boss_relics":[{"not_picked":["Velvet Choker","Philosopher\u0027s Stone"],"picked":"Sozu"}],"potions_floor_spawned":[1,3,6,13,16,20],"seed_played":"8318325169436767812","killed_by":"Cultist and Chosen","ascension_level":3,"is_trial":false}