{"gold_per_floor":[111,131,131,131,131,157,157,172,172,190,190,217,55,85,85,163,163,182,107,120,120,138,138,138,138,138,138,157,172,183,197,197,271,271,282,682,700,719,471,471,471,471,553,570,590,241,241,116,116,116],"floor_reached":50,"playtime":2498,"items_purged":["Strike_G","Defend_G","Writhe"],"score":999,"play_id":"04305ee2-800f-4094-9174-cf93fc4173c5","local_time":"20191004221721","is_ascension_mode":true,"campfire_choices":[{"data":"Flechettes","floor":7.0,"key":"SMITH"},{"data":"Neutralize","floor":11.0,"key":"SMITH"},{"floor":15.0,"key":"REST"},{"data":"Terror","floor":23.0,"key":"SMITH"},{"floor":25.0,"key":"REST"},{"floor":32.0,"key":"REST"},{"data":"Burst","floor":40.0,"key":"SMITH"},{"data":"Footwork","floor":41.0,"key":"SMITH"},{"data":"Deadly Poison","floor":42.0,"key":"SMITH"},{"data":"Footwork","floor":47.0,"key":"SMITH"},{"floor":49.0,"key":"REST"}],"neow_cost":"NONE","seed_source_timestamp":0,"circlet_count":0,"master_deck":["AscendersBane","Strike_G+1","Strike_G+1","Defend_G","Defend_G","Defend_G","Defend_G","Survivor","Neutralize+1","Terror+1","Flechettes+1","Quick Slash","Die Die Die","Endless Agony","Corpse Explosion","Deadly Poison+1","Crippling Poison","Backflip","Deadly Poison","Burst+1","Footwork+1","Blur+1","Footwork+1"],"special_seed":0,"relics":["Ring of the Snake","NeowsBlessing","Singing Bowl","White Beast Statue","Meat on the Bone","WingedGreaves","Boot","CloakClasp","Velvet Choker","Enchiridion","Turnip","Kunai","Nunchaku","Philosopher\u0027s Stone","Old Coin","Whetstone","Darkstone Periapt","OrangePellets"],"potions_floor_usage":[],"damage_taken":[{"damage":0.0,"enemies":"2 Louse","floor":1.0,"turns":1.0},{"damage":0.0,"enemies":"Small Slimes","floor":2.0,"turns":1.0},{"damage":0.0,"enemies":"Gremlin Nob","floor":6.0,"turns":1.0},{"damage":1.0,"enemies":"Jaw Worm","floor":8.0,"turns":3.0},{"damage":13.0,"enemies":"3 Louse","floor":10.0,"turns":4.0},{"damage":25.0,"enemies":"Lagavulin","floor":12.0,"turns":6.0},{"damage":32.0,"enemies":"3 Sentries","floor":14.0,"turns":8.0},{"damage":14.0,"enemies":"The Guardian","floor":16.0,"turns":14.0},{"damage":32.0,"enemies":"Spheric Guardian","floor":18.0,"turns":6.0},{"damage":23.0,"enemies":"Shell Parasite","floor":20.0,"turns":5.0},{"damage":4.0,"enemies":"Chosen and Byrds","floor":22.0,"turns":5.0},{"damage":7.0,"enemies":"Centurion and Healer","floor":28.0,"turns":3.0},{"damage":17.0,"enemies":"Sentry and Sphere","floor":29.0,"turns":4.0},{"damage":17.0,"enemies":"Snake Plant","floor":30.0,"turns":4.0},{"damage":14.0,"enemies":"Centurion and Healer","floor":31.0,"turns":3.0},{"damage":17.0,"enemies":"Collector","floor":33.0,"turns":8.0},{"damage":16.0,"enemies":"3 Darklings","floor":35.0,"turns":2.0},{"damage":4.0,"enemies":"Mind Bloom Boss Battle","floor":36.0,"turns":6.0},{"damage":0.0,"enemies":"3 Shapes","floor":37.0,"turns":5.0},{"damage":14.0,"enemies":"Jaw Worm Horde","floor":38.0,"turns":4.0},{"damage":34.0,"enemies":"Spire Growth","floor":44.0,"turns":5.0},{"damage":7.0,"enemies":"4 Shapes","floor":45.0,"turns":4.0},{"damage":72,"enemies":"Donu and Deca","floor":50,"turns":6}],"seed_played":"2442501873230548873","potions_obtained":[{"floor":2.0,"key":"Poison Potion"},{"floor":8.0,"key":"Ancient Potion"},{"floor":12.0,"key":"Poison Potion"},{"floor":14.0,"key":"Regen Potion"},{"floor":16.0,"key":"LiquidBronze"},{"floor":18.0,"key":"Dexterity Potion"},{"floor":22.0,"key":"SteroidPotion"},{"floor":29.0,"key":"Weak Potion"},{"floor":35.0,"key":"SpeedPotion"},{"floor":36.0,"key":"PowerPotion"},{"floor":37.0,"key":"FearPotion"},{"floor":44.0,"key":"Poison Potion"},{"floor":45.0,"key":"Fire Potion"}],"is_trial":false,"path_per_floor":["M","M","?","?","?","E","R","M","T","M","R","E","$","E","R","B",null,"M","?","M","?","M","R","?","R","T","T","M","M","M","M","R","B",null,"M","?","M","M","$","R","R","R","T","M","M","$","R","$","R","B"],"character_chosen":"THE_SILENT","items_purchased":["Boot","Whetstone","OrangePellets","Footwork"],"campfire_rested":4,"item_purchase_floors":[13,39,46,46],"current_hp_per_floor":[59,59,64,46,46,48,48,47,47,48,48,35,35,15,37,38,66,46,46,37,16,26,26,26,49,49,49,42,39,34,32,56,51,74,58,54,56,44,44,44,44,44,44,24,31,31,31,31,57,0],"gold":116,"neow_bonus":"THREE_ENEMY_KILL","is_prod":false,"is_daily":false,"chose_seed":false,"campfire_upgraded":7,"win_rate":0,"timestamp":1570252641,"path_taken":["M","M","?","?","?","E","R","M","T","?","R","E","$","E","R","BOSS","M","?","M","?","M","R","?","R","T","?","?","M","M","M","R","BOSS","M","?","M","M","$","R","R","R","T","M","M","$","R","$","R","BOSS"],"build_version":"2019-10-04","purchased_purges":3,"victory":false,"max_hp_per_floor":[66,66,71,71,71,73,73,73,73,75,75,75,75,75,75,75,75,75,75,77,77,79,79,79,79,79,79,79,81,81,81,81,81,81,81,81,83,85,85,85,85,85,85,87,89,89,89,89,89,89],"card_choices":[{"not_picked":["PiercingWail","Blade Dance"],"picked":"Terror","floor":1.0},{"not_picked":["Underhanded Strike","Choke","Slice"],"picked":"SKIP","floor":2.0},{"not_picked":["Deflect","Distraction","Reflex"],"picked":"Singing Bowl","floor":6.0},{"not_picked":["Deflect","Acrobatics"],"picked":"Quick Slash","floor":8.0},{"not_picked":["Heel Hook","Sucker Punch","Bane"],"picked":"Singing Bowl","floor":10.0},{"not_picked":["Leg Sweep","Poisoned Stab"],"picked":"Die Die Die","floor":12.0},{"not_picked":["Dagger Spray","Heel Hook"],"picked":"Endless Agony","floor":14.0},{"not_picked":["Storm of Steel","Phantasmal Killer"],"picked":"Corpse Explosion","floor":16.0},{"not_picked":["Dodge and Roll","Deflect"],"picked":"Deadly Poison","floor":18.0},{"not_picked":["Riddle With Holes","Deadly Poison","Heel Hook+1"],"picked":"Singing Bowl","floor":20.0},{"not_picked":["Reflex","Poisoned Stab","Bullet Time"],"picked":"Singing Bowl","floor":22.0},{"not_picked":["Backflip","Quick Slash+1"],"picked":"Crippling Poison","floor":28.0},{"not_picked":["Underhanded Strike","Setup","Blade Dance"],"picked":"Singing Bowl","floor":29.0},{"not_picked":["Infinite Blades","Cloak And Dagger"],"picked":"Backflip","floor":30.0},{"not_picked":["Deflect+1","Acrobatics"],"picked":"Deadly Poison","floor":31.0},{"not_picked":["Unload","Glass Knife"],"picked":"Burst","floor":33.0},{"not_picked":["Deflect+1","Bane"],"picked":"Footwork","floor":35.0},{"not_picked":["Outmaneuver","Distraction"],"picked":"Blur+1","floor":36.0},{"not_picked":["PiercingWail","Deadly Poison","Flying Knee"],"picked":"Singing Bowl","floor":37.0},{"not_picked":["Finisher","Sucker Punch","Poisoned Stab"],"picked":"Singing Bowl","floor":38.0},{"not_picked":["Bane","Infinite Blades","Tactician"],"picked":"Singing Bowl","floor":44.0},{"not_picked":["Tactician","Dagger Spray+1","Dodge and Roll"],"picked":"Singing Bowl","floor":45.0}],"player_experience":1530216,"relics_obtained":[{"floor":6.0,"key":"White Beast Statue"},{"floor":9.0,"key":"Meat on the Bone"},{"floor":12.0,"key":"WingedGreaves"},{"floor":14.0,"key":"CloakClasp"},{"floor":21.0,"key":"Enchiridion"},{"floor":26.0,"key":"Kunai"},{"floor":27.0,"key":"Nunchaku"},{"floor":36.0,"key":"Old Coin"},{"floor":43.0,"key":"Darkstone Periapt"}],"event_choices":[{"damage_healed":0.0,"max_hp_gain":5.0,"max_hp_loss":0.0,"gold_gain":0.0,"event_name":"Big Fish","player_choice":"Donut","floor":3.0,"gold_loss":0.0,"damage_taken":0.0},{"damage_healed":0.0,"max_hp_gain":0.0,"max_hp_loss":0.0,"gold_gain":0.0,"event_name":"Scrap Ooze","player_choice":"Success","floor":4.0,"gold_loss":0.0,"damage_taken":18.0,"relics_obtained":["Singing Bowl"]},{"damage_healed":0.0,"max_hp_gain":0.0,"max_hp_loss":0.0,"gold_gain":0.0,"cards_transformed":["Strike_G"],"event_name":"Living Wall","player_choice":"Change","floor":5.0,"gold_loss":0.0,"damage_taken":0.0,"cards_obtained":["Flechettes"]},{"cards_removed":["Strike_G"],"damage_healed":0.0,"max_hp_gain":0.0,"max_hp_loss":0.0,"gold_gain":0.0,"event_name":"Beggar","player_choice":"Gave Gold","floor":19.0,"gold_loss":75.0,"damage_taken":0.0},{"damage_healed":0.0,"max_hp_gain":0.0,"max_hp_loss":0.0,"gold_gain":0.0,"event_name":"Cursed Tome","player_choice":"Obtained Book","floor":21.0,"gold_loss":0.0,"damage_taken":21.0},{"damage_healed":0.0,"max_hp_gain":0.0,"max_hp_loss":0.0,"gold_gain":0.0,"event_name":"The Mausoleum","player_choice":"Opened","floor":24.0,"gold_loss":0.0,"damage_taken":0.0,"relics_obtained":["Turnip"],"cards_obtained":["Writhe"]},{"damage_healed":0.0,"max_hp_gain":0.0,"max_hp_loss":0.0,"gold_gain":0.0,"event_name":"MindBloom","player_choice":"Fight","floor":36.0,"gold_loss":0.0,"damage_taken":0.0}],"is_beta":true,"boss_relics":[{"not_picked":["Ectoplasm","WristBlade"],"picked":"Velvet Choker"},{"not_picked":["Coffee Dripper","Cursed Key"],"picked":"Philosopher\u0027s Stone"}],"items_purged_floors":[39,46,48],"is_endless":false,"potions_floor_spawned":[2,8,10,12,14,16,18,20,22,28,29,30,31,33,35,36,37,38,44,45],"killed_by":"Donu and Deca","ascension_level":20}