{"gold_per_floor":[117,42,42,42,42,74,93,93,178,204,218,218,244,259,259,355,355,370,381,20,20,44,44,76,76,76,1,1,1,18,29,29,127,127,140,140,151,161,161,161,561,561,561,561,595,595,626,403,403,403,403,403,253,285,285],"floor_reached":56,"playtime":4290,"items_purged":["Strike_B","Strike_B","Defend_B"],"score":1726,"play_id":"c76b58ef-22c2-41f8-8141-aac2b65c089a","local_time":"20181230155950","is_ascension_mode":true,"campfire_choices":[{"data":"Dualcast","floor":12,"key":"SMITH"},{"floor":15,"key":"REST"},{"floor":23,"key":"REST"},{"data":"Hologram","floor":25,"key":"SMITH"},{"data":"All For One","floor":28,"key":"SMITH"},{"floor":32,"key":"REST"},{"floor":40,"key":"REST"},{"data":"Machine Learning","floor":42,"key":"SMITH"},{"floor":44,"key":"REST"},{"floor":49,"key":"RECALL"},{"data":"Glacier","floor":52,"key":"SMITH"}],"neow_cost":"NONE","seed_source_timestamp":836155306855265,"circlet_count":0,"master_deck":["AscendersBane","Zap+1","Dualcast+1","FTL","Cold Snap","Cold Snap","Seek+1","Compile Driver","Gash","BootSequence","All For One+1","Hologram+1","Gash","Necronomicurse","Hologram+1","Glacier+1","FTL","Machine Learning+1","Conserve Battery+1","Conserve Battery+1","Gash+1","Steam+1","Consume+1","Chill+1","Steam+1","Leap","Chill"],"relics":["Cracked Core","NeowsBlessing","Lantern","Tiny Chest","Boot","Turnip","Empty Cage","Kunai","Necronomicon","Pen Nib","PreservedInsect","Singing Bowl","Inserter","Calipers","Old Coin","Unceasing Top","Prayer Wheel","Thread and Needle"],"potions_floor_usage":[10,16,24,33,33,38,55,55,55],"damage_taken":[{"damage":0,"enemies":"Jaw Worm","floor":1,"turns":1},{"damage":0,"enemies":"3 Sentries","floor":6,"turns":1},{"damage":0,"enemies":"Small Slimes","floor":7,"turns":1},{"damage":10,"enemies":"Lagavulin","floor":10,"turns":7},{"damage":2,"enemies":"2 Louse","floor":11,"turns":2},{"damage":7,"enemies":"3 Sentries","floor":13,"turns":7},{"damage":10,"enemies":"Gremlin Gang","floor":14,"turns":4},{"damage":25,"enemies":"Hexaghost","floor":16,"turns":10},{"damage":12,"enemies":"Shell Parasite","floor":18,"turns":4},{"damage":0,"enemies":"3 Byrds","floor":19,"turns":3},{"damage":9,"enemies":"Book of Stabbing","floor":24,"turns":4},{"damage":0,"enemies":"Sentry and Sphere","floor":30,"turns":3},{"damage":0,"enemies":"Shelled Parasite and Fungi","floor":31,"turns":6},{"damage":25,"enemies":"Collector","floor":33,"turns":7},{"damage":33,"enemies":"3 Shapes","floor":35,"turns":6},{"damage":18,"enemies":"3 Darklings","floor":37,"turns":4},{"damage":3,"enemies":"Maw","floor":38,"turns":7},{"damage":0,"enemies":"Mind Bloom Boss Battle","floor":41,"turns":6},{"damage":13,"enemies":"Reptomancer","floor":45,"turns":5},{"damage":1,"enemies":"Giant Head","floor":47,"turns":6},{"damage":18,"enemies":"Awakened One","floor":50,"turns":12},{"damage":16,"enemies":"Shield and Spear","floor":54,"turns":8},{"damage":30,"enemies":"The Heart","floor":55,"turns":13}],"seed_played":"1717477551881842686","potions_obtained":[{"floor":1,"key":"Block Potion"},{"floor":10,"key":"FocusPotion"},{"floor":16,"key":"FocusPotion"},{"floor":19,"key":"SpeedPotion"},{"floor":31,"key":"AttackPotion"},{"floor":37,"key":"AttackPotion"}],"is_trial":false,"path_per_floor":["M","$","?","?","?","E","M","?","T","E","M","R","E","M","R","B",null,"M","M","$","?","T","R","E","R","T","?","R","?","M","M","R","B",null,"M","?","M","M","T","R","?","R","T","R","E","?","E","$","R","B",null,"R","$","E","B",null],"character_chosen":"DEFECT","items_purchased":["Kunai","Leap","Chill","Strength Potion","PowerPotion","Energy Potion"],"campfire_rested":5,"item_purchase_floors":[20,48,48,53,53,53],"current_hp_per_floor":[68,68,61,61,61,61,61,61,61,51,49,49,42,32,54,29,64,52,52,52,36,36,58,49,49,49,49,49,49,49,49,71,46,68,35,35,17,14,14,36,36,36,36,58,45,45,44,44,44,26,63,63,63,49,19],"gold":285,"neow_bonus":"THREE_ENEMY_KILL","is_prod":false,"is_daily":false,"chose_seed":false,"campfire_upgraded":5,"win_rate":0,"timestamp":1546181990,"path_taken":["M","$","?","?","?","E","?","?","T","E","M","R","E","M","R","BOSS","M","M","$","?","?","R","E","R","T","?","R","?","M","M","R","BOSS","M","?","M","?","?","R","?","R","T","R","E","?","E","$","R","BOSS","R","$","E","BOSS"],"build_version":"2018-12-20","purchased_purges":3,"victory":true,"max_hp_per_floor":[75,75,75,75,75,75,75,75,75,75,75,75,75,75,75,75,75,75,75,75,75,75,75,75,75,75,75,75,75,75,75,75,75,75,75,75,75,75,75,75,75,75,75,75,75,75,75,75,75,75,75,75,75,77,77],"card_choices":[{"not_picked":["Lockon","Rip and Tear"],"picked":"FTL","floor":1},{"not_picked":["Turbo","Sweeping Beam"],"picked":"Cold Snap","floor":6},{"not_picked":["Scrape","Turbo"],"picked":"Cold Snap","floor":7},{"not_picked":["Chill","Stack"],"picked":"Seek","floor":10},{"not_picked":["Static Discharge","Leap"],"picked":"Compile Driver","floor":11},{"not_picked":["Force Field","Beam Cell"],"picked":"Gash","floor":13},{"not_picked":["Sweeping Beam","Beam Cell"],"picked":"BootSequence","floor":14},{"not_picked":["Fission","Reboot"],"picked":"All For One","floor":16},{"not_picked":["Cold Snap","Lockon"],"picked":"Hologram+1","floor":18},{"not_picked":["Blizzard","FTL"],"picked":"Gash","floor":19},{"not_picked":["Stack","Blizzard"],"picked":"Hologram","floor":24},{"not_picked":["Capacitor","Redo"],"picked":"Glacier","floor":30},{"not_picked":["Genetic Algorithm","Streamline"],"picked":"FTL","floor":31},{"not_picked":["Biased Cognition","Hyperbeam"],"picked":"Machine Learning","floor":33},{"not_picked":["Redo+1","Heatsinks+1"],"picked":"Conserve Battery+1","floor":35},{"not_picked":["Steam","Barrage+1"],"picked":"Gash+1","floor":37},{"not_picked":["Gash","Hologram"],"picked":"Steam+1","floor":38},{"not_picked":["Stack+1","Sweeping Beam"],"picked":"Consume+1","floor":41},{"not_picked":["Melter","Rainbow"],"picked":"Chill+1","floor":45},{"not_picked":["Blizzard","Coolheaded+1"],"picked":"Steam+1","floor":47},{"not_picked":["Hologram+1","Stack","Consume+1"],"picked":"Singing Bowl","floor":54}],"player_experience":405175,"relics_obtained":[{"floor":6,"key":"Lantern"},{"floor":9,"key":"Tiny Chest"},{"floor":10,"key":"Boot"},{"floor":13,"key":"Turnip"},{"floor":21,"key":"Necronomicon"},{"floor":22,"key":"Pen Nib"},{"floor":24,"key":"PreservedInsect"},{"floor":26,"key":"Singing Bowl"},{"floor":39,"key":"Calipers"},{"floor":41,"key":"Old Coin"},{"floor":45,"key":"Unceasing Top"},{"floor":47,"key":"Prayer Wheel"},{"floor":54,"key":"Thread and Needle"}],"event_choices":[{"cards_removed":["Strike_B"],"damage_healed":0,"gold_gain":0,"player_choice":"Card Removal","damage_taken":7,"max_hp_gain":0,"max_hp_loss":0,"event_name":"Golden Wing","floor":3,"gold_loss":0},{"damage_healed":0,"gold_gain":0,"player_choice":"Leave","damage_taken":0,"max_hp_gain":0,"max_hp_loss":0,"event_name":"The Cleric","floor":4,"gold_loss":0},{"damage_healed":0,"gold_gain":0,"player_choice":"Upgraded","damage_taken":0,"max_hp_gain":0,"max_hp_loss":0,"event_name":"Upgrade Shrine","floor":5,"gold_loss":0,"cards_upgraded":["Zap"]},{"cards_removed":["Defend_B"],"damage_healed":0,"gold_gain":0,"player_choice":"Forget","damage_taken":0,"max_hp_gain":0,"max_hp_loss":0,"event_name":"Living Wall","floor":8,"gold_loss":0},{"damage_healed":0,"gold_gain":0,"player_choice":"Obtained Book","damage_taken":16,"max_hp_gain":0,"max_hp_loss":0,"event_name":"Cursed Tome","floor":21,"gold_loss":0},{"cards_removed":["Defend_B"],"damage_healed":0,"gold_gain":0,"player_choice":"Gave Gold","damage_taken":0,"max_hp_gain":0,"max_hp_loss":0,"event_name":"Beggar","floor":27,"gold_loss":75},{"damage_healed":0,"gold_gain":0,"player_choice":"Ignored","damage_taken":0,"max_hp_gain":0,"max_hp_loss":0,"event_name":"Ghosts","floor":29,"gold_loss":0},{"damage_healed":0,"gold_gain":0,"player_choice":"Copied","damage_taken":0,"max_hp_gain":0,"max_hp_loss":0,"event_name":"Duplicator","floor":36,"gold_loss":0,"cards_obtained":["Conserve Battery"]},{"damage_healed":0,"gold_gain":0,"player_choice":"Fight","damage_taken":0,"max_hp_gain":0,"max_hp_loss":0,"event_name":"MindBloom","floor":41,"gold_loss":0},{"damage_healed":0,"gold_gain":0,"player_choice":"Upgraded","damage_taken":0,"max_hp_gain":0,"max_hp_loss":0,"event_name":"Upgrade Shrine","floor":46,"gold_loss":0,"cards_upgraded":["Seek"]}],"is_beta":false,"boss_relics":[{"not_picked":["Busted Crown","Nuclear Battery"],"picked":"Empty Cage"},{"not_picked":["Black Star","Tiny House"],"picked":"Inserter"}],"items_purged_floors":[2,20,48],"is_endless":false,"potions_floor_spawned":[1,10,16,19,31,37,54],"ascension_level":10}