{"gold_per_floor":[111,40,60,78,93,93,124,124,150,25,25,53,53,64,64,167,167,177,193,209,224,323,323,335,295,344,344],"floor_reached":27,"playtime":1116,"items_purged":[],"score":259,"play_id":"3e721f21-d973-466a-879f-c0099965a50a","local_time":"20190825140214","is_ascension_mode":true,"campfire_choices":[{"data":"Brutality","floor":6.0,"key":"SMITH"},{"floor":8.0,"key":"REST"},{"data":"True Grit","floor":11.0,"key":"SMITH"},{"data":"Dark Embrace","floor":13.0,"key":"SMITH"},{"floor":15.0,"key":"REST"},{"data":"True Grit","floor":23,"key":"SMITH"}],"neow_cost":"NONE","seed_source_timestamp":0,"circlet_count":0,"master_deck":["Strike_R","Strike_R","Strike_R","Strike_R","Strike_R","Defend_R+1","Defend_R","Defend_R","Defend_R+1","Bash","Brutality+1","Dark Embrace+1","Rupture","Shrug It Off","True Grit+1","Cleave","Twin Strike","Fiend Fire","Twin Strike+1","Rupture","Rupture","True Grit+1","Seeing Red"],"special_seed":0,"relics":["Burning Blood","Boot","Centennial Puzzle","Happy Flower","Mark of Pain","PreservedInsect"],"potions_floor_usage":[19,20,27,27,27],"damage_taken":[{"damage":14.0,"enemies":"Cultist","floor":1.0,"turns":5.0},{"damage":7.0,"enemies":"Small Slimes","floor":3.0,"turns":3.0},{"damage":9.0,"enemies":"Jaw Worm","floor":4.0,"turns":4.0},{"damage":20.0,"enemies":"Looter","floor":5.0,"turns":5.0},{"damage":40.0,"enemies":"Gremlin Nob","floor":7.0,"turns":5.0},{"damage":42.0,"enemies":"Lagavulin","floor":12.0,"turns":8.0},{"damage":5.0,"enemies":"2 Fungi Beasts","floor":14.0,"turns":4.0},{"damage":18.0,"enemies":"The Guardian","floor":16.0,"turns":11.0},{"damage":19,"enemies":"3 Byrds","floor":18,"turns":5},{"damage":1,"enemies":"Spheric Guardian","floor":19,"turns":2},{"damage":32,"enemies":"Centurion and Healer","floor":20,"turns":4},{"damage":16,"enemies":"Chosen and Byrds","floor":21,"turns":5},{"damage":27,"enemies":"Snake Plant","floor":24,"turns":4},{"damage":18,"enemies":"Gremlin Leader","floor":27,"turns":1}],"seed_played":"-881632538648423293","potions_obtained":[{"floor":4.0,"key":"Explosive Potion"},{"floor":5.0,"key":"Swift Potion"},{"floor":14.0,"key":"EssenceOfSteel"},{"floor":18,"key":"Dexterity Potion"},{"floor":20,"key":"Fire Potion"},{"floor":24,"key":"Strength Potion"}],"is_trial":false,"path_per_floor":["M","$","M","M","M","R","E","R","T","$","R","E","R","M","R","B",null,"M","M","M","M","?","R","M","?","T","E"],"character_chosen":"IRONCLAD","items_purchased":["Dark Embrace","True Grit","BloodPotion"],"campfire_rested":2,"item_purchase_floors":[2,10,10],"current_hp_per_floor":[72,72,71,68,54,54,20,44,44,44,44,28,28,29,53,41,80,67,72,46,36,36,36,15,15,15,0],"gold":344,"neow_bonus":"ONE_RANDOM_RARE_CARD","is_prod":false,"is_daily":false,"chose_seed":false,"campfire_upgraded":4,"win_rate":0,"timestamp":1566734534,"path_taken":["M","$","M","M","M","R","E","R","T","?","R","E","R","M","R","BOSS","M","M","M","M","?","R","M","?","T","E"],"build_version":"2019-07-17","purchased_purges":0,"victory":false,"max_hp_per_floor":[80,80,80,80,80,80,80,80,80,80,80,80,80,80,80,80,80,80,80,80,80,80,80,80,80,80,80],"card_choices":[{"not_picked":["Clash","Clothesline","Anger"],"picked":"SKIP","floor":1.0},{"not_picked":["Blood for Blood","Sword Boomerang"],"picked":"Rupture","floor":3.0},{"not_picked":["Second Wind","Clash","Inflame"],"picked":"SKIP","floor":4.0},{"not_picked":["Armaments","Sword Boomerang"],"picked":"Shrug It Off","floor":5.0},{"not_picked":["Wild Strike","Power Through","Sever Soul"],"picked":"SKIP","floor":7.0},{"not_picked":["Clash","Dark Embrace"],"picked":"Cleave","floor":12.0},{"not_picked":["Uppercut","Havoc"],"picked":"Twin Strike","floor":14.0},{"not_picked":["Bludgeon","Impervious"],"picked":"Fiend Fire","floor":16.0},{"not_picked":["Infernal Blade","Warcry"],"picked":"Twin Strike+1","floor":18},{"not_picked":["Inflame","Iron Wave"],"picked":"Rupture","floor":19},{"not_picked":["Heavy Blade","Warcry"],"picked":"Rupture","floor":20},{"not_picked":["Wild Strike","Shrug It Off"],"picked":"True Grit","floor":21},{"not_picked":["Metallicize","Twin Strike"],"picked":"Seeing Red","floor":24}],"player_experience":238741,"relics_obtained":[{"floor":7.0,"key":"Boot"},{"floor":9.0,"key":"Centennial Puzzle"},{"floor":12.0,"key":"Happy Flower"},{"floor":26,"key":"PreservedInsect"}],"event_choices":[{"damage_healed":0,"gold_gain":99,"player_choice":"Stole From Cult","damage_taken":0,"max_hp_gain":0,"max_hp_loss":0,"event_name":"Nest","floor":22,"gold_loss":0},{"damage_healed":0,"gold_gain":0,"player_choice":"Upgraded Two","damage_taken":0,"max_hp_gain":0,"max_hp_loss":0,"event_name":"Designer","floor":25,"gold_loss":40,"cards_upgraded":["Defend_R","Defend_R"]}],"is_beta":false,"boss_relics":[{"not_picked":["Snecko Eye","Runic Pyramid"],"picked":"Mark of Pain"}],"items_purged_floors":[],"is_endless":false,"potions_floor_spawned":[4,5,14,18,20,24],"killed_by":"Gremlin Leader","ascension_level":3}