{"path_per_floor":["M","M","$","M","$","E","R","E","T","?","?","E","?","M","R","B",null,"M","M","?","?","$","E","M","R","T","?","R","?","M","E","R","B",null,"M","M","$","M","M","R"],"character_chosen":"THE_SILENT","items_purchased":["Outmaneuver","Skewer","Well Laid Plans","Footwork"],"gold_per_floor":[116,127,1,20,20,55,55,86,111,132,132,161,161,174,174,279,279,299,319,219,219,0,27,40,40,40,40,40,40,51,81,81,180,180,197,210,6,25,41,41],"floor_reached":41,"campfire_rested":2,"playtime":4838,"current_hp_per_floor":[69,67,67,65,65,47,47,36,43,35,28,13,13,12,12,25,77,72,70,70,56,56,25,14,14,14,14,38,38,17,7,31,14,82,81,75,75,49,17,17],"items_purged":["Strike_G","Strike_G","Defend_G"],"gold":41,"score":439,"play_id":"432b0ccd-deff-4183-90a9-3c5e88f85916","is_prod":false,"is_daily":false,"is_ascension_mode":true,"campfire_upgraded":1,"path_taken":["M","M","$","M","$","E","R","E","T","?","?","E","?","M","R","BOSS","M","M","?","?","$","E","M","R","T","?","R","?","M","E","R","BOSS","M","M","$","M","M","R","E"],"build_version":"2018-02-08-PROD1","purchased_purges":3,"victory":false,"master_deck":["Defend_G","Defend_G","Defend_G","Defend_G","Strike_G","Strike_G","Survivor","Neutralize","Flying Knee","Noxious Fumes+1","Outmaneuver","Flying Knee","Poisoned Stab","Backflip","After Image","Dagger Throw","Quick Slash","J.A.X.","Skewer","Well Laid Plans","Backflip","Flying Knee+1","Adrenaline","Infinite Blades","Bullet Time","Burst","Terror+1","Dodge and Roll+1","Footwork","Backflip+1","Blade Dance+1"],"max_hp_per_floor":[70,70,70,70,70,70,70,70,77,77,77,77,77,77,77,77,77,77,77,77,82,82,82,82,82,82,82,82,82,82,82,82,82,82,82,82,82,82,82,82],"relics":["Ring of the Snake","Bronze Scales","Du-Vu Doll","Girya","Strawberry","Odd Mushroom","Runic Pyramid","Ice Cream","Torii","Nloth\u0027s Gift","Ancient Tea Set","The Specimen"],"card_choices":[{"not_picked":["Reflex","Masterful Stab"],"picked":"Flying Knee"},{"not_picked":["Backstab","PiercingWail"],"picked":"Noxious Fumes"},{"not_picked":["Riddle With Holes","Dodge and Roll"],"picked":"Flying Knee"},{"not_picked":["Bouncing Flask","Heel Hook"],"picked":"Poisoned Stab"},{"not_picked":["Catalyst","Predator"],"picked":"Backflip"},{"not_picked":["Tactician","Venomology"],"picked":"After Image"},{"not_picked":["Prepared","Deadly Poison"],"picked":"Dagger Throw"},{"not_picked":["All Out Attack","PiercingWail"],"picked":"Quick Slash"},{"not_picked":["Bouncing Flask","Bane"],"picked":"Backflip"},{"not_picked":["Quick Slash","PiercingWail"],"picked":"Flying Knee"},{"not_picked":["Predator","Flying Knee"],"picked":"Infinite Blades"},{"not_picked":["Venomology","Deadly Poison"],"picked":"Bullet Time"},{"not_picked":["Doppelganger","A Thousand Cuts"],"picked":"Burst"},{"not_picked":["Dodge and Roll","Sucker Punch"],"picked":"Terror"},{"not_picked":["Dagger Spray","Reflex"],"picked":"Dodge and Roll"},{"not_picked":["Expertise","Riddle With Holes"],"picked":"Backflip"},{"not_picked":["Underhanded Strike","Slice"],"picked":"Blade Dance"}],"player_experience":77532,"potions_floor_usage":[2,8,16,16,18,23,24,33,39,41,41,41],"damage_taken":[{"damage":1,"enemies":"Jaw Worm","floor":1,"turns":4},{"damage":2,"enemies":"2 Louse","floor":2,"turns":2},{"damage":2,"enemies":"Small Slimes","floor":4,"turns":4},{"damage":18,"enemies":"Gremlin Nob","floor":6,"turns":5},{"damage":11,"enemies":"Lagavulin","floor":8,"turns":6},{"damage":8,"enemies":"The Mushroom Lair","floor":10,"turns":4},{"damage":15,"enemies":"3 Sentries","floor":12,"turns":6},{"damage":1,"enemies":"3 Louse","floor":14,"turns":3},{"damage":2,"enemies":"Hexaghost","floor":16,"turns":9},{"damage":5,"enemies":"Spheric Guardian","floor":18,"turns":6},{"damage":2,"enemies":"Shell Parasite","floor":19,"turns":6},{"damage":31,"enemies":"Gremlin Leader","floor":23,"turns":6},{"damage":11,"enemies":"Centurion and Healer","floor":24,"turns":8},{"damage":21,"enemies":"Snake Plant","floor":30,"turns":3},{"damage":10,"enemies":"Book of Stabbing","floor":31,"turns":5},{"damage":17,"enemies":"Champ","floor":33,"turns":11},{"damage":1,"enemies":"3 Shapes","floor":35,"turns":7},{"damage":6,"enemies":"Orb Walker","floor":36,"turns":3},{"damage":26,"enemies":"Maw","floor":38,"turns":8},{"damage":44,"enemies":"3 Darklings","floor":39,"turns":5},{"damage":21,"enemies":"2 Orb Walkers","floor":41,"turns":2}],"event_choices":[{"event_name":"Mushrooms","player_choice":"Fought Mushrooms","floor":10,"damage_taken":0},{"event_name":"Golden Wing","player_choice":"Card Removal","floor":11,"damage_taken":0},{"event_name":"Shining Light","player_choice":"Ignored","floor":13,"damage_taken":0},{"event_name":"Drug Dealer","player_choice":"Got JAXXED","floor":20,"damage_taken":0},{"event_name":"Forgotten Altar","player_choice":"Shed Blood","floor":21,"damage_taken":0},{"event_name":"N\u0027loth","player_choice":"Traded a Kunai","floor":27,"damage_taken":0},{"event_name":"The Library","player_choice":"Read","floor":29,"damage_taken":0}],"boss_relics":[{"not_picked":["Philosopher\u0027s Stone","Sozu"],"picked":"Runic Pyramid"},{"not_picked":["Calling Bell","Velvet Choker"],"picked":"The Specimen"}],"potions_floor_spawned":[1,2,6,12,14,16,23,24,30,33,35,39],"seed_played":"8912948892290191337","killed_by":"2 Orb Walkers","ascension_level":2,"is_trial":false}