{"gold_per_floor":[119,119,119,194,194,194,46,63,63,63,63,77,77,107,107,181,181,201,49,49,49,59,59,85,85],"floor_reached":25,"playtime":623,"items_purged":["Strike_R","Regret"],"score":332,"play_id":"a6506fd8-9746-4484-9e65-67c442163e9c","local_time":"20190325213322","is_ascension_mode":true,"campfire_choices":[{"data":"True Grit","floor":6,"key":"SMITH"},{"data":"Bash","floor":13,"key":"SMITH"},{"floor":15,"key":"REST"},{"floor":23,"key":"REST"}],"neow_cost":"CURSE","seed_source_timestamp":70468501611815,"circlet_count":0,"master_deck":["AscendersBane","Strike_R","Strike_R","Strike_R","Strike_R","Defend_R","Defend_R","Defend_R","Bash+1","True Grit+1","Sword Boomerang+1","Rampage+1","Clash+1","Pommel Strike+1","Sentinel","Limit Break","Reaper+1","Thunderclap+1","Pummel+1","Headbutt+1"],"relics":["Burning Blood","Turnip","Molten Egg 2","Bottled Flame","Prayer Wheel","Potion Belt","Pocketwatch","Philosopher\u0027s Stone","Enchiridion","Smiling Mask"],"potions_floor_usage":[16,16,18,22,25],"damage_taken":[{"damage":12,"enemies":"Jaw Worm","floor":1,"turns":4},{"damage":1,"enemies":"2 Louse","floor":8,"turns":3},{"damage":6,"enemies":"Cultist","floor":12,"turns":3},{"damage":21,"enemies":"3 Sentries","floor":14,"turns":8},{"damage":31,"enemies":"The Guardian","floor":16,"turns":8},{"damage":29,"enemies":"Shell Parasite","floor":18,"turns":5},{"damage":27,"enemies":"3 Byrds","floor":22,"turns":4},{"damage":76,"enemies":"Slavers","floor":25,"turns":3}],"seed_played":"-1436220217736142986","potions_obtained":[{"floor":8,"key":"Weak Potion"},{"floor":14,"key":"Block Potion"},{"floor":16,"key":"Regen Potion"},{"floor":18,"key":"Strength Potion"},{"floor":22,"key":"Energy Potion"}],"is_trial":false,"path_per_floor":["M","?","?","?","?","R","$","M","T","?","T","M","R","E","R","B",null,"M","$","?","?","M","R","T","E"],"character_chosen":"IRONCLAD","items_purchased":["Rampage+1","Headbutt+1"],"campfire_rested":2,"item_purchase_floors":[7,19],"current_hp_per_floor":[62,55,48,37,37,37,37,42,42,42,42,42,42,27,49,24,62,57,57,43,27,30,54,54,0],"gold":85,"neow_bonus":"ONE_RARE_RELIC","is_prod":false,"is_daily":false,"chose_seed":false,"campfire_upgraded":2,"win_rate":0,"timestamp":1553517202,"path_taken":["M","?","?","?","?","R","$","?","T","?","?","M","R","E","R","BOSS","M","$","?","?","M","R","?","E"],"build_version":"2019-01-23","purchased_purges":2,"victory":false,"max_hp_per_floor":[75,75,75,75,75,75,75,75,75,75,75,75,75,75,75,75,75,75,75,80,80,80,80,80,80],"card_choices":[{"not_picked":["Twin Strike","Havoc"],"picked":"True Grit","floor":1},{"not_picked":["Perfected Strike+1","Combust"],"picked":"Clash+1","floor":8},{"not_picked":["Warcry","Clash+1"],"picked":"Pommel Strike+1","floor":12},{"not_picked":["Disarm","Rampage+1"],"picked":"Sentinel","floor":12},{"not_picked":["Sword Boomerang+1","Warcry"],"picked":"Limit Break","floor":14},{"not_picked":["Juggernaut","Feed+1"],"picked":"Reaper+1","floor":16},{"not_picked":["Clothesline+1","Pommel Strike+1"],"picked":"Thunderclap+1","floor":18},{"not_picked":["Thunderclap+1","Reaper+1"],"picked":"Pummel+1","floor":18},{"not_picked":["Perfected Strike+1","True Grit","Metallicize"],"picked":"SKIP","floor":22},{"not_picked":["Cleave+1","Dual Wield","Sword Boomerang+1"],"picked":"SKIP","floor":22}],"player_experience":621955,"relics_obtained":[{"floor":9,"key":"Bottled Flame"},{"floor":11,"key":"Potion Belt"},{"floor":14,"key":"Pocketwatch"},{"floor":21,"key":"Enchiridion"},{"floor":24,"key":"Smiling Mask"}],"event_choices":[{"cards_removed":["Decay"],"damage_healed":0,"gold_gain":0,"player_choice":"Card Removal","damage_taken":7,"max_hp_gain":0,"max_hp_loss":0,"event_name":"Golden Wing","floor":2,"gold_loss":0},{"damage_healed":0,"gold_gain":0,"player_choice":"Success","damage_taken":7,"relics_obtained":["Molten Egg 2"],"max_hp_gain":0,"max_hp_loss":0,"event_name":"Scrap Ooze","floor":3,"gold_loss":0},{"damage_healed":0,"gold_gain":75,"player_choice":"Gather Gold","damage_taken":11,"max_hp_gain":0,"max_hp_loss":0,"event_name":"World of Goop","floor":4,"gold_loss":0},{"damage_healed":0,"gold_gain":0,"cards_transformed":["Defend_R"],"player_choice":"Transformed","damage_taken":0,"max_hp_gain":0,"max_hp_loss":0,"event_name":"Transmorgrifier","floor":5,"gold_loss":0,"cards_obtained":["Sword Boomerang"]},{"damage_healed":0,"gold_gain":0,"player_choice":"Box","damage_taken":0,"relics_obtained":["Prayer Wheel"],"max_hp_gain":0,"max_hp_loss":0,"event_name":"Big Fish","floor":10,"gold_loss":0,"cards_obtained":["Regret"]},{"damage_healed":0,"gold_gain":0,"player_choice":"Shed Blood","damage_taken":19,"max_hp_gain":5,"max_hp_loss":0,"event_name":"Forgotten Altar","floor":20,"gold_loss":0},{"damage_healed":0,"gold_gain":0,"player_choice":"Obtained Book","damage_taken":16,"max_hp_gain":0,"max_hp_loss":0,"event_name":"Cursed Tome","floor":21,"gold_loss":0}],"is_beta":false,"boss_relics":[{"not_picked":["Lizard Tail","Coffee Dripper"],"picked":"Philosopher\u0027s Stone"}],"items_purged_floors":[7,19],"is_endless":false,"potions_floor_spawned":[8,14,16,18,22],"killed_by":"Slavers","ascension_level":14}