{"gold_per_floor":[212,232,307,325,174,202,202,237,237,237,269,269,54,73,73,150,150,170,186,201,43,43,43,68,68,68,86,99,111,111,122,122,193,193,208,219,219],"floor_reached":37,"playtime":1689,"items_purged":["Strike_G","Strike_G"],"score":822,"play_id":"56652ccc-78f4-4d2a-869c-32a187ae7b64","local_time":"20191008005431","is_ascension_mode":true,"campfire_choices":[{"floor":7.0,"key":"REST"},{"floor":12.0,"key":"REST"},{"data":"Caltrops","floor":15.0,"key":"SMITH"},{"floor":23.0,"key":"REST"},{"floor":25.0,"key":"REST"},{"floor":30.0,"key":"REST"},{"floor":32.0,"key":"REST"}],"neow_cost":"NONE","seed_source_timestamp":2171906981917100,"circlet_count":0,"master_deck":["AscendersBane","Strike_G","Strike_G","Defend_G","Defend_G","Defend_G","Defend_G","Defend_G","Survivor","Neutralize","Backstab","Flechettes","Dash","Poisoned Stab","Backflip","Quick Slash","Dash","Noxious Fumes","Caltrops+1","Predator","Deadly Poison","Glass Knife","PiercingWail","Blade Dance","Envenom","Neutralize","Crippling Poison+1","Corpse Explosion","Bouncing Flask+1","Malaise","Infinite Blades","Backstab","Blur+1"],"special_seed":0,"relics":["Ring of the Snake","Pear","Lantern","Kunai","Shovel","Philosopher\u0027s Stone","Blood Vial","Prayer Wheel","Ninja Scroll","Sozu"],"potions_floor_usage":[37],"damage_taken":[{"damage":6.0,"enemies":"Cultist","floor":1.0,"turns":4.0},{"damage":5.0,"enemies":"Jaw Worm","floor":2.0,"turns":4.0},{"damage":4.0,"enemies":"Small Slimes","floor":4.0,"turns":4.0},{"damage":16.0,"enemies":"Gremlin Nob","floor":6.0,"turns":4.0},{"damage":16.0,"enemies":"3 Sentries","floor":8.0,"turns":13.0},{"damage":14.0,"enemies":"Lagavulin","floor":11.0,"turns":6.0},{"damage":0.0,"enemies":"Gremlin Gang","floor":14.0,"turns":4.0},{"damage":29.0,"enemies":"Hexaghost","floor":16.0,"turns":10.0},{"damage":15.0,"enemies":"2 Thieves","floor":18.0,"turns":3.0},{"damage":6.0,"enemies":"3 Byrds","floor":19.0,"turns":6.0},{"damage":32.0,"enemies":"Cultist and Chosen","floor":20.0,"turns":6.0},{"damage":14.0,"enemies":"Slavers","floor":24.0,"turns":5.0},{"damage":9.0,"enemies":"Snecko","floor":27.0,"turns":4.0},{"damage":9.0,"enemies":"Centurion and Healer","floor":28.0,"turns":3.0},{"damage":18.0,"enemies":"Shelled Parasite and Fungi","floor":29.0,"turns":4.0},{"damage":11.0,"enemies":"Cultist and Chosen","floor":31.0,"turns":5.0},{"damage":33.0,"enemies":"Automaton","floor":33.0,"turns":9.0},{"damage":18.0,"enemies":"3 Darklings","floor":35.0,"turns":4.0},{"damage":10.0,"enemies":"3 Shapes","floor":36.0,"turns":4.0},{"damage":46,"enemies":"Spire Growth","floor":37,"turns":4}],"seed_played":"-5703731420348768655","potions_obtained":[{"floor":2.0,"key":"Regen Potion"},{"floor":4.0,"key":"Dexterity Potion"},{"floor":6.0,"key":"DuplicationPotion"},{"floor":11.0,"key":"Weak Potion"},{"floor":16.0,"key":"CunningPotion"},{"floor":24.0,"key":"Block Potion"},{"floor":29.0,"key":"Fire Potion"},{"floor":33.0,"key":"FearPotion"}],"is_trial":false,"path_per_floor":["M","M","?","M","$","E","R","E","T","?","E","R","$","M","R","B",null,"M","M","M","$","?","R","E","R","T","M","M","M","R","M","R","B",null,"M","M","M"],"character_chosen":"THE_SILENT","items_purchased":["Poisoned Stab","Backflip","Caltrops","Predator","Blood Vial"],"campfire_rested":6,"item_purchase_floors":[5,5,13,13,21],"current_hp_per_floor":[53,48,37,33,33,39,61,45,45,38,24,46,46,46,46,17,61,46,40,8,8,8,30,18,40,40,33,26,10,32,23,45,14,61,45,37,0],"gold":219,"neow_bonus":"HUNDRED_GOLD","is_prod":false,"is_daily":false,"chose_seed":false,"campfire_upgraded":1,"win_rate":0,"timestamp":1570521271,"path_taken":["M","M","?","M","$","E","R","E","T","?","E","R","?","M","R","BOSS","M","?","M","?","?","R","E","R","T","M","?","M","R","?","R","BOSS","M","M","M"],"build_version":"2019-10-07","purchased_purges":2,"victory":false,"max_hp_per_floor":[66,66,66,66,66,76,76,76,76,76,76,76,76,76,76,76,76,76,76,76,76,76,76,76,76,76,76,76,76,76,76,76,76,76,76,76,76],"card_choices":[{"not_picked":["Bane","Cloak And Dagger"],"picked":"Backstab","floor":1.0},{"not_picked":["Accuracy","Cloak And Dagger"],"picked":"Flechettes","floor":2.0},{"not_picked":["Deadly Poison","Deflect"],"picked":"Dash","floor":4.0},{"not_picked":["Sucker Punch","Blur"],"picked":"Quick Slash","floor":6.0},{"not_picked":["Dagger Throw","Accuracy"],"picked":"Dash","floor":8.0},{"not_picked":["Dagger Throw","Prepared"],"picked":"Noxious Fumes","floor":11.0},{"not_picked":["Expertise","PiercingWail"],"picked":"Deadly Poison","floor":14.0},{"not_picked":["Phantasmal Killer","Storm of Steel"],"picked":"Glass Knife","floor":16.0},{"not_picked":["Choke","Outmaneuver"],"picked":"PiercingWail","floor":18.0},{"not_picked":["Bane","Prepared","PiercingWail"],"picked":"SKIP","floor":19.0},{"not_picked":["Distraction","Prepared"],"picked":"Blade Dance","floor":20.0},{"not_picked":["Tactician","Bane"],"picked":"Crippling Poison+1","floor":24.0},{"not_picked":["Blur+1","Slice"],"picked":"Corpse Explosion","floor":27.0},{"not_picked":["Dash","Riddle With Holes","PiercingWail"],"picked":"SKIP","floor":27.0},{"not_picked":["Tactician","Deadly Poison","Dodge and Roll"],"picked":"SKIP","floor":28.0},{"not_picked":["Slice+1","Cloak And Dagger","Dagger Throw"],"picked":"SKIP","floor":28.0},{"not_picked":["Choke","Dagger Spray+1","Predator+1"],"picked":"SKIP","floor":29.0},{"not_picked":["Masterful Stab","Cloak And Dagger","Poisoned Stab"],"picked":"SKIP","floor":29.0},{"not_picked":["Backflip","Deflect"],"picked":"Bouncing Flask+1","floor":31.0},{"not_picked":["Underhanded Strike","Phantasmal Killer","Calculated Gamble"],"picked":"SKIP","floor":31.0},{"not_picked":["Adrenaline","Glass Knife"],"picked":"Malaise","floor":33.0},{"not_picked":["Dagger Throw+1","Poisoned Stab"],"picked":"Infinite Blades","floor":35.0},{"not_picked":["Prepared","Acrobatics"],"picked":"Backstab","floor":35.0},{"not_picked":["All Out Attack+1","Infinite Blades+1"],"picked":"Blur+1","floor":36.0},{"not_picked":["Flying Knee","Calculated Gamble","Slice"],"picked":"SKIP","floor":36.0}],"player_experience":1543903,"relics_obtained":[{"floor":6.0,"key":"Pear"},{"floor":8.0,"key":"Lantern"},{"floor":9.0,"key":"Kunai"},{"floor":11.0,"key":"Shovel"},{"floor":24.0,"key":"Prayer Wheel"},{"floor":26.0,"key":"Ninja Scroll"}],"event_choices":[{"damage_healed":0.0,"max_hp_gain":0.0,"max_hp_loss":0.0,"gold_gain":75.0,"event_name":"World of Goop","player_choice":"Gather Gold","floor":3.0,"gold_loss":0.0,"damage_taken":11.0},{"cards_removed":["Strike_G"],"damage_healed":0.0,"max_hp_gain":0.0,"max_hp_loss":0.0,"gold_gain":0.0,"event_name":"Golden Wing","player_choice":"Card Removal","floor":10.0,"gold_loss":0.0,"damage_taken":7.0},{"damage_healed":0.0,"max_hp_gain":0.0,"max_hp_loss":0.0,"gold_gain":0.0,"event_name":"Match and Keep!","player_choice":"2 cards matched","floor":22.0,"gold_loss":0.0,"damage_taken":0.0,"cards_obtained":["Envenom","Neutralize"]}],"is_beta":true,"boss_relics":[{"not_picked":["Black Star","Fusion Hammer"],"picked":"Philosopher\u0027s Stone"},{"not_picked":["Ring of the Serpent","Pandora\u0027s Box"],"picked":"Sozu"}],"items_purged_floors":[5,13],"is_endless":false,"potions_floor_spawned":[2,4,6,11,16,18,19,24,29,33,35],"killed_by":"Spire Growth","ascension_level":20}