{"gold_per_floor":[114,114,127,127,127,138,163,163,163,173,191,191,207,237,237,332,332,348,359,359],"floor_reached":20,"playtime":1925,"items_purged":[],"score":205,"play_id":"f8a3668d-8a45-41b2-90ca-cf30a923483d","local_time":"20190422130703","is_ascension_mode":true,"campfire_choices":[{"floor":12,"key":"RECALL"},{"data":"Uppercut","floor":15,"key":"SMITH"}],"neow_cost":"NONE","seed_source_timestamp":4473720306223049,"circlet_count":0,"master_deck":["Strike_R","Strike_R","Strike_R","Strike_R","Strike_R","Defend_R+1","Defend_R","Defend_R","Defend_R+1","Bash","Uppercut+1","Body Slam","Headbutt","Rage","Rage","Seeing Red","Cleave","Flex","Limit Break","Pommel Strike+1"],"relics":["Black Blood","NeowsBlessing","Paper Frog","War Paint","Ancient Tea Set","Vajra","Question Card"],"potions_floor_usage":[7,11,14,14],"damage_taken":[{"damage":0,"enemies":"Cultist","floor":1,"turns":1},{"damage":0,"enemies":"2 Louse","floor":3,"turns":1},{"damage":0,"enemies":"Jaw Worm","floor":6,"turns":1},{"damage":10,"enemies":"Gremlin Nob","floor":7,"turns":3},{"damage":11,"enemies":"2 Fungi Beasts","floor":10,"turns":3},{"damage":0,"enemies":"Looter","floor":11,"turns":1},{"damage":10,"enemies":"Exordium Wildlife","floor":13,"turns":5},{"damage":12,"enemies":"Lagavulin","floor":14,"turns":5},{"damage":35,"enemies":"Hexaghost","floor":16,"turns":8},{"damage":25,"enemies":"Shell Parasite","floor":18,"turns":7},{"damage":44,"enemies":"3 Byrds","floor":19,"turns":6},{"damage":54,"enemies":"3 Cultists","floor":20,"turns":6}],"seed_played":"2110643590888648985","potions_obtained":[{"floor":3,"key":"Energy Potion"},{"floor":6,"key":"Regen Potion"},{"floor":10,"key":"Energy Potion"},{"floor":11,"key":"Energy Potion"}],"is_trial":false,"path_per_floor":["M","$","M","T","?","M","E","?","T","M","M","R","M","E","R","B",null,"M","M","M"],"character_chosen":"IRONCLAD","items_purchased":[],"campfire_rested":0,"item_purchase_floors":[],"current_hp_per_floor":[80,80,80,80,85,85,81,78,78,73,79,79,75,83,83,54,85,70,36,0],"gold":359,"neow_bonus":"THREE_ENEMY_KILL","is_prod":false,"is_daily":false,"chose_seed":false,"campfire_upgraded":1,"win_rate":0,"timestamp":1555952823,"path_taken":["M","$","?","?","?","M","E","?","T","M","?","R","M","E","R","BOSS","M","M","M"],"build_version":"2019-01-23","purchased_purges":0,"victory":false,"max_hp_per_floor":[80,80,80,80,85,85,85,85,85,85,85,85,85,85,85,85,85,85,85,85],"card_choices":[{"not_picked":["Twin Strike","Feel No Pain"],"picked":"Uppercut","floor":1},{"not_picked":["Sword Boomerang","Wild Strike"],"picked":"Body Slam","floor":3},{"not_picked":["Sever Soul","Body Slam"],"picked":"Headbutt","floor":6},{"not_picked":["Intimidate","Twin Strike"],"picked":"Rage","floor":7},{"not_picked":["Shockwave","Battle Trance"],"picked":"Rage","floor":10},{"not_picked":["Dropkick","Second Wind"],"picked":"Seeing Red","floor":11},{"not_picked":["Body Slam","Anger"],"picked":"Cleave","floor":13},{"not_picked":["Evolve","Clash"],"picked":"Flex","floor":14},{"not_picked":["Fiend Fire","Juggernaut","Brutality"],"picked":"Limit Break","floor":16},{"not_picked":["Clothesline","Havoc+1","Iron Wave","True Grit"],"picked":"SKIP","floor":18},{"not_picked":["Anger","Perfected Strike","Iron Wave"],"picked":"Pommel Strike+1","floor":19}],"player_experience":175847,"relics_obtained":[{"floor":4,"key":"Paper Frog"},{"floor":7,"key":"War Paint"},{"floor":9,"key":"Vajra"},{"floor":14,"key":"Question Card"}],"event_choices":[{"damage_healed":0,"gold_gain":0,"player_choice":"Donut","damage_taken":0,"max_hp_gain":5,"max_hp_loss":0,"event_name":"Big Fish","floor":5,"gold_loss":0},{"damage_healed":0,"gold_gain":0,"player_choice":"Success","damage_taken":3,"relics_obtained":["Ancient Tea Set"],"max_hp_gain":0,"max_hp_loss":0,"event_name":"Scrap Ooze","floor":8,"gold_loss":0}],"is_beta":false,"boss_relics":[{"not_picked":["Lizard Tail","Eternal Feather"],"picked":"Black Blood"}],"items_purged_floors":[],"is_endless":false,"potions_floor_spawned":[3,6,10,11],"killed_by":"3 Cultists","ascension_level":2}