{"gold_per_floor":[115,115,115,115,129,154,173,186,186,186,209,128,128,128,128,225,225,235,235,249,263,275,275,304,146,146,163,174,74,74,88,88,189,189,206,86,97,97,97,122,137,137,137,150,150,10,30,44,44,44],"floor_reached":51,"playtime":3088,"items_purged":["Regret","Strike_B","Strike_B","Defend_B","Strike_B+1"],"score":724,"play_id":"abebcb11-8a26-4435-938a-f393fe0f65e5","local_time":"20181207180028","is_ascension_mode":false,"campfire_choices":[{"data":"Sweeping Beam","floor":10,"key":"SMITH"},{"data":"Leap","floor":13,"key":"SMITH"},{"data":"Zap","floor":15,"key":"SMITH"},{"data":"Leap","floor":23,"key":"SMITH"},{"data":"Stack","floor":30,"key":"SMITH"},{"floor":32,"key":"REST"},{"floor":42,"key":"REST"},{"floor":49,"key":"REST"}],"neow_cost":"NONE","seed_source_timestamp":1975067013497494,"circlet_count":0,"master_deck":["Defend_B+1","Defend_B+1","Defend_B+1","Zap+1","Sweeping Beam+1","Rebound+1","Streamline+1","Leap+1","Ball Lightning+1","Ball Lightning+1","Thunder Strike+1","Ball Lightning+1","FTL+1","Leap+1","Leap+1","Stack+1","Leap+1","Conserve Battery+1","FTL+1","Leap+1","Streamline+1","Double Energy+1","Hologram+1","Seek"],"relics":["Cracked Core","NeowsBlessing","Gambling Chip","Molten Egg 2","Bag of Marbles","The Courier","Odd Mushroom","Empty Cage","Bottled Flame","Mercury Hourglass","Fusion Hammer","Shuriken","Bottled Lightning","Mark of the Bloom"],"potions_floor_usage":[16,24,33,40,44,50,50,50,50,50,50],"damage_taken":[{"damage":0,"enemies":"2 Louse","floor":1,"turns":1},{"damage":0,"enemies":"Jaw Worm","floor":5,"turns":1},{"damage":0,"enemies":"Gremlin Nob","floor":6,"turns":1},{"damage":0,"enemies":"Small Slimes","floor":7,"turns":1},{"damage":8,"enemies":"Exordium Wildlife","floor":8,"turns":2},{"damage":3,"enemies":"The Mushroom Lair","floor":11,"turns":3},{"damage":41,"enemies":"Hexaghost","floor":16,"turns":6},{"damage":12,"enemies":"Shell Parasite","floor":18,"turns":3},{"damage":10,"enemies":"Chosen","floor":20,"turns":2},{"damage":9,"enemies":"Snake Plant","floor":21,"turns":3},{"damage":0,"enemies":"3 Cultists","floor":22,"turns":3},{"damage":10,"enemies":"Slavers","floor":24,"turns":5},{"damage":0,"enemies":"Chosen and Byrds","floor":27,"turns":4},{"damage":0,"enemies":"Snake Plant","floor":28,"turns":3},{"damage":0,"enemies":"Cultist and Chosen","floor":31,"turns":4},{"damage":31,"enemies":"Collector","floor":33,"turns":8},{"damage":25,"enemies":"3 Darklings","floor":35,"turns":4},{"damage":3,"enemies":"3 Shapes","floor":37,"turns":2},{"damage":38,"enemies":"Reptomancer","floor":40,"turns":7},{"damage":8,"enemies":"Sphere and 2 Shapes","floor":41,"turns":4},{"damage":9,"enemies":"Writhing Mass","floor":44,"turns":4},{"damage":0,"enemies":"3 Darklings","floor":47,"turns":4},{"damage":8,"enemies":"Spire Growth","floor":48,"turns":4},{"damage":17,"enemies":"Awakened One","floor":50,"turns":12}],"seed_played":"2824281553876610830","potions_obtained":[{"floor":1,"key":"Energy Potion"},{"floor":6,"key":"Fruit Juice"},{"floor":8,"key":"Weak Potion"},{"floor":16,"key":"Ancient Potion"},{"floor":18,"key":"Swift Potion"},{"floor":27,"key":"Regen Potion"},{"floor":33,"key":"EntropicBrew"},{"floor":40,"key":"PowerPotion"},{"floor":44,"key":"Swift Potion"}],"is_trial":false,"path_per_floor":["M","$","?","?","M","E","M","M","T","R","?","$","R","?","R","B",null,"M","?","M","M","M","R","E","$","T","M","M","$","R","M","R","B",null,"M","$","M","?","$","E","M","R","T","M","?","$","M","M","R","B",null],"character_chosen":"DEFECT","items_purchased":["Ball Lightning+1","Leap","Stack"],"campfire_rested":3,"item_purchase_floors":[12,25,25],"current_hp_per_floor":[75,75,68,68,68,68,68,60,60,60,57,57,57,57,57,21,80,68,68,58,49,49,49,39,39,39,39,39,39,39,39,63,32,80,55,55,52,52,52,28,20,44,44,35,35,35,35,27,27,10],"gold":44,"neow_bonus":"THREE_ENEMY_KILL","is_prod":false,"is_daily":false,"chose_seed":false,"campfire_upgraded":5,"win_rate":0.0,"timestamp":1544202028,"path_taken":["M","$","?","?","M","E","M","M","T","R","?","$","R","?","R","BOSS","M","?","M","M","?","R","E","$","T","M","M","?","R","M","R","BOSS","M","$","M","?","$","E","M","R","T","M","?","?","M","M","R","BOSS"],"build_version":"2018-12-06","purchased_purges":5,"victory":true,"max_hp_per_floor":[75,75,75,75,75,75,75,75,75,75,75,75,75,75,75,80,80,80,80,80,80,80,80,80,80,80,80,80,80,80,80,80,80,80,80,80,80,80,80,80,80,80,80,80,80,80,80,80,80,80],"card_choices":[{"not_picked":["Double Energy","Lockon"],"picked":"Sweeping Beam","floor":1},{"not_picked":["Coolheaded","Compile Driver+1"],"picked":"Rebound+1","floor":5},{"not_picked":["Ball Lightning+1","Doom and Gloom+1"],"picked":"Streamline+1","floor":6},{"not_picked":["Barrage+1","Chaos"],"picked":"Leap","floor":7},{"not_picked":["Fusion","Go for the Eyes+1","Tempest"],"picked":"SKIP","floor":8},{"not_picked":["Melter+1","Rainbow"],"picked":"Ball Lightning+1","floor":11},{"not_picked":["Reboot","Multi-Cast"],"picked":"Thunder Strike+1","floor":16},{"not_picked":["Hello World","Scrape+1"],"picked":"Ball Lightning+1","floor":18},{"not_picked":["Steam","Static Discharge"],"picked":"FTL+1","floor":20},{"not_picked":["Go for the Eyes+1","Force Field","Scrape+1"],"picked":"SKIP","floor":21},{"not_picked":["Conserve Battery","Double Energy"],"picked":"Leap","floor":22},{"not_picked":["Tempest","Beam Cell+1","Skim"],"picked":"SKIP","floor":24},{"not_picked":["Loop+1","Blizzard+1"],"picked":"Leap","floor":27},{"not_picked":["Ball Lightning+1","Barrage+1"],"picked":"Conserve Battery","floor":28},{"not_picked":["Hello World+1","Doom and Gloom+1"],"picked":"FTL+1","floor":31},{"not_picked":["Steam+1","Compile Driver+1"],"picked":"Leap+1","floor":35},{"not_picked":["Barrage+1","Scrape+1","Conserve Battery"],"picked":"SKIP","floor":37},{"not_picked":["Self Repair+1","Steam"],"picked":"Streamline+1","floor":40},{"not_picked":["Redo","Reboot"],"picked":"Double Energy+1","floor":41},{"not_picked":["Streamline+1","Conserve Battery"],"picked":"Hologram","floor":44},{"not_picked":["Chaos+1","Compile Driver+1","Fusion"],"picked":"SKIP","floor":47},{"not_picked":["Rip and Tear+1","Streamline+1"],"picked":"Seek","floor":48}],"player_experience":273603,"relics_obtained":[{"floor":6,"key":"Bag of Marbles"},{"floor":9,"key":"The Courier"},{"floor":11,"key":"Odd Mushroom"},{"floor":24,"key":"Bottled Flame"},{"floor":26,"key":"Mercury Hourglass"},{"floor":40,"key":"Shuriken"},{"floor":43,"key":"Bottled Lightning"}],"event_choices":[{"damage_healed":0,"gold_gain":0,"player_choice":"Success","damage_taken":7,"relics_obtained":["Gambling Chip"],"max_hp_gain":0,"max_hp_loss":0,"event_name":"Scrap Ooze","floor":3,"gold_loss":0},{"damage_healed":0,"gold_gain":0,"player_choice":"Box","damage_taken":0,"relics_obtained":["Molten Egg 2"],"max_hp_gain":0,"max_hp_loss":0,"event_name":"Big Fish","floor":4,"gold_loss":0,"cards_obtained":["Regret"]},{"damage_healed":0,"gold_gain":0,"player_choice":"Fought Mushrooms","damage_taken":0,"max_hp_gain":0,"max_hp_loss":0,"event_name":"Mushrooms","floor":11,"gold_loss":0},{"damage_healed":0,"gold_gain":0,"player_choice":"Ignored","damage_taken":0,"max_hp_gain":0,"max_hp_loss":0,"event_name":"Liars Game","floor":14,"gold_loss":0},{"damage_healed":0,"gold_gain":0,"player_choice":"Upgraded","damage_taken":0,"max_hp_gain":0,"max_hp_loss":0,"event_name":"Upgrade Shrine","floor":19,"gold_loss":0,"cards_upgraded":["Defend_B"]},{"damage_healed":0,"gold_gain":0,"player_choice":"Ignored","damage_taken":0,"max_hp_gain":0,"max_hp_loss":0,"event_name":"Tomb of Lord Red Mask","floor":38,"gold_loss":0},{"damage_healed":0,"gold_gain":0,"player_choice":"Upgrade","damage_taken":0,"relics_obtained":["Mark of the Bloom"],"max_hp_gain":0,"max_hp_loss":0,"event_name":"MindBloom","floor":45,"gold_loss":0,"cards_upgraded":["Strike_B","Defend_B","Defend_B","Leap","Leap","Conserve Battery","Hologram"]}],"is_beta":false,"boss_relics":[{"not_picked":["Runic Dome","Cursed Key"],"picked":"Empty Cage"},{"not_picked":["Black Star","Astrolabe"],"picked":"Fusion Hammer"}],"items_purged_floors":[12,25,29,36,46],"is_endless":false,"potions_floor_spawned":[1,6,8,16,18,27,28,33,35,40,44,47],"ascension_level":0}