{"gold_per_floor":[210,210,74,74,92,92,92,92,118,156,172,188,42,63,63,183,183,198,21,21,40,40,40,55,55,55,86,86,107,123,158,158,278,278,294,307,331,456,456,487,487,505,505,526,526,526,550,568,568,568],"floor_reached":51,"playtime":3353,"items_purged":["Strike_R"],"score":1012,"play_id":"f9ff41a3-a58c-410b-a440-771a5d70f75c","local_time":"20191001201555","is_ascension_mode":true,"campfire_choices":[{"data":"Uppercut","floor":6.0,"key":"SMITH"},{"data":"Blind","floor":8.0,"key":"SMITH"},{"data":"Demon Form","floor":15.0,"key":"SMITH"},{"data":"True Grit","floor":23,"key":"SMITH"},{"data":"Uppercut","floor":25,"key":"SMITH"},{"data":"Shockwave","floor":28,"key":"SMITH"},{"data":"Ghostly","floor":32,"key":"SMITH"},{"data":"Ghostly","floor":41,"key":"SMITH"},{"data":"Ghostly","floor":46,"key":"SMITH"},{"data":"Ghostly","floor":49,"key":"SMITH"}],"neow_cost":"NONE","seed_source_timestamp":0,"circlet_count":0,"master_deck":["Strike_R","Strike_R","Strike_R","Defend_R","Defend_R","Defend_R","Defend_R","Bash","Uppercut+1","Shrug It Off","Blind+1","Inflame","Uppercut+1","Demon Form+1","Sword Boomerang","Battle Trance+1","Cleave","Pummel","True Grit+1","Ghostly+1","Ghostly","Ghostly+1","Ghostly+1","Ghostly+1","Shockwave+1","True Grit+1","Feed","Shrug It Off","Corruption+1","Limit Break","Dropkick+1","Sentinel","Ghostly+1","Pommel Strike+1","Armaments+1","Heavy Blade+1"],"special_seed":0,"relics":["Burning Blood","Golden Idol","Ice Cream","Bronze Scales","Matryoshka","PreservedInsect","Sozu","MutagenicStrength","Potion Belt","Kunai","Nunchaku","Molten Egg 2","Lizard Tail","Girya","Du-Vu Doll","Boot","Bottled Lightning"],"potions_floor_usage":[18,50,50],"damage_taken":[{"damage":1.0,"enemies":"Jaw Worm","floor":1.0,"turns":5.0},{"damage":8.0,"enemies":"2 Louse","floor":5.0,"turns":3.0},{"damage":5.0,"enemies":"Lagavulin","floor":10.0,"turns":7.0},{"damage":0.0,"enemies":"Cultist","floor":11.0,"turns":3.0},{"damage":8.0,"enemies":"3 Louse","floor":12.0,"turns":4.0},{"damage":12.0,"enemies":"Lots of Slimes","floor":14.0,"turns":6.0},{"damage":20,"enemies":"Slime Boss","floor":16,"turns":5},{"damage":11,"enemies":"2 Thieves","floor":18,"turns":4},{"damage":0,"enemies":"Spheric Guardian","floor":21,"turns":3},{"damage":2,"enemies":"Centurion and Healer","floor":24,"turns":6},{"damage":10,"enemies":"Slavers","floor":27,"turns":6},{"damage":0,"enemies":"Snake Plant","floor":29,"turns":3},{"damage":4,"enemies":"3 Cultists","floor":30,"turns":4},{"damage":12,"enemies":"Book of Stabbing","floor":31,"turns":6},{"damage":30,"enemies":"Collector","floor":33,"turns":9},{"damage":0,"enemies":"3 Shapes","floor":35,"turns":6},{"damage":3,"enemies":"3 Darklings","floor":36,"turns":5},{"damage":34,"enemies":"Sphere and 2 Shapes","floor":37,"turns":6},{"damage":0,"enemies":"Mind Bloom Boss Battle","floor":38,"turns":4},{"damage":5,"enemies":"Nemesis","floor":40,"turns":7},{"damage":0,"enemies":"Maw","floor":42,"turns":10},{"damage":3,"enemies":"Writhing Mass","floor":44,"turns":8},{"damage":7,"enemies":"Transient","floor":47,"turns":5},{"damage":1,"enemies":"3 Darklings","floor":48,"turns":7},{"damage":23,"enemies":"Awakened One","floor":50,"turns":9}],"seed_played":"-3669675859975454380","potions_obtained":[{"floor":5.0,"key":"Ancient Potion"},{"floor":11.0,"key":"SteroidPotion"},{"floor":14.0,"key":"Strength Potion"},{"floor":16,"key":"Block Potion"}],"is_trial":false,"path_per_floor":["M","?","$","?","M","R","?","R","T","E","M","M","$","M","R","B",null,"M","$","?","M","?","R","M","R","T","E","R","M","M","E","R","B",null,"M","M","M","?","?","E","R","M","T","M","?","R","M","M","R","B",null],"character_chosen":"IRONCLAD","items_purchased":["Shrug It Off","Blind","PreservedInsect","Cleave","Pummel"],"campfire_rested":0,"item_purchase_floors":[3,3,13,19,19],"current_hp_per_floor":[77,57,57,54,52,52,45,45,45,46,52,50,50,44,44,30,68,63,63,63,69,40,40,40,40,40,36,36,40,40,34,34,10,33,39,40,15,24,24,25,25,34,34,37,37,37,36,41,41,27],"gold":568,"neow_bonus":"HUNDRED_GOLD","is_prod":false,"is_daily":false,"chose_seed":false,"campfire_upgraded":10,"win_rate":0,"timestamp":1569953755,"path_taken":["M","?","$","?","M","R","?","R","T","E","?","M","$","M","R","BOSS","M","$","?","M","?","R","M","R","T","E","R","M","M","E","R","BOSS","M","M","M","?","?","E","R","?","T","M","?","R","M","M","R","BOSS"],"build_version":"2019-07-17","purchased_purges":1,"victory":true,"max_hp_per_floor":[80,80,80,80,80,80,80,80,80,80,80,80,80,80,80,80,80,80,80,80,80,40,40,40,40,40,40,40,40,40,40,40,40,40,40,40,43,46,46,46,46,49,49,49,49,49,49,49,49,52],"card_choices":[{"not_picked":["Havoc","True Grit"],"picked":"Uppercut","floor":1.0},{"not_picked":["Havoc","Perfected Strike"],"picked":"Inflame","floor":5.0},{"not_picked":["Bloodletting","Body Slam"],"picked":"Uppercut","floor":10.0},{"not_picked":["Searing Blow","Infernal Blade"],"picked":"Demon Form","floor":11.0},{"not_picked":["Wild Strike","Headbutt","Thunderclap"],"picked":"SKIP","floor":12.0},{"not_picked":["Reckless Charge","Second Wind"],"picked":"Sword Boomerang","floor":14.0},{"not_picked":["Body Slam","Twin Strike+1"],"picked":"Battle Trance+1","floor":18},{"not_picked":["Clothesline","Feel No Pain"],"picked":"True Grit","floor":21},{"not_picked":["Anger+1","Cleave"],"picked":"Shockwave","floor":24},{"not_picked":["Wild Strike+1","Havoc"],"picked":"True Grit+1","floor":27},{"not_picked":["Twin Strike","Shrug It Off"],"picked":"Feed","floor":29},{"not_picked":["Second Wind+1","Body Slam"],"picked":"Shrug It Off","floor":30},{"not_picked":["Havoc+1","Body Slam"],"picked":"Corruption+1","floor":31},{"not_picked":["Brutality","Demon Form"],"picked":"Limit Break","floor":33},{"not_picked":["Body Slam+1","Twin Strike+1","Headbutt+1"],"picked":"SKIP","floor":35},{"not_picked":["Pommel Strike+1","Warcry+1"],"picked":"Dropkick+1","floor":36},{"not_picked":["Iron Wave+1","Carnage+1"],"picked":"Sentinel","floor":37},{"not_picked":["Perfected Strike+1","Battle Trance"],"picked":"Pommel Strike+1","floor":40},{"not_picked":["Hemokinesis+1","Limit Break","Warcry+1"],"picked":"SKIP","floor":42},{"not_picked":["Cleave+1","True Grit"],"picked":"Armaments+1","floor":44},{"not_picked":["True Grit+1","Flex","Armaments+1"],"picked":"SKIP","floor":47},{"not_picked":["Sever Soul+1","Shrug It Off+1"],"picked":"Heavy Blade+1","floor":48}],"player_experience":322951,"relics_obtained":[{"floor":9.0,"key":"Bronze Scales"},{"floor":10.0,"key":"Matryoshka"},{"floor":26,"key":"Potion Belt"},{"floor":26,"key":"Kunai"},{"floor":27,"key":"Nunchaku"},{"floor":31,"key":"Molten Egg 2"},{"floor":38,"key":"Girya"},{"floor":40,"key":"Du-Vu Doll"},{"floor":43,"key":"Boot"},{"floor":43,"key":"Bottled Lightning"}],"event_choices":[{"damage_healed":0.0,"max_hp_gain":0.0,"max_hp_loss":0.0,"gold_gain":0.0,"event_name":"Golden Idol","player_choice":"Take Damage","floor":2.0,"gold_loss":0.0,"damage_taken":20.0,"relics_obtained":["Golden Idol"]},{"damage_healed":0.0,"max_hp_gain":0.0,"max_hp_loss":0.0,"gold_gain":0.0,"event_name":"Scrap Ooze","player_choice":"Success","floor":4.0,"gold_loss":0.0,"damage_taken":3.0,"relics_obtained":["Ice Cream"]},{"cards_removed":["Strike_R"],"damage_healed":0.0,"max_hp_gain":0.0,"max_hp_loss":0.0,"gold_gain":0.0,"event_name":"Golden Wing","player_choice":"Card Removal","floor":7.0,"gold_loss":0.0,"damage_taken":7.0},{"damage_healed":0,"gold_gain":0,"player_choice":"Inject Mutagens","damage_taken":0,"relics_obtained":["MutagenicStrength"],"max_hp_gain":0,"max_hp_loss":0,"event_name":"Drug Dealer","floor":20,"gold_loss":0},{"damage_healed":0,"gold_gain":0,"player_choice":"Became a Ghost","damage_taken":0,"max_hp_gain":0,"max_hp_loss":40,"event_name":"Ghosts","floor":22,"gold_loss":0,"cards_obtained":["Ghostly","Ghostly","Ghostly","Ghostly","Ghostly"]},{"damage_healed":0,"gold_gain":0,"player_choice":"Fight","damage_taken":0,"max_hp_gain":0,"max_hp_loss":0,"event_name":"MindBloom","floor":38,"gold_loss":0},{"damage_healed":0,"gold_gain":0,"player_choice":"Copied","damage_taken":0,"max_hp_gain":0,"max_hp_loss":0,"event_name":"Duplicator","floor":39,"gold_loss":0,"cards_obtained":["Ghostly"]},{"damage_healed":0,"gold_gain":0,"player_choice":"Memory 1","damage_taken":0,"max_hp_gain":0,"max_hp_loss":0,"event_name":"SensoryStone","floor":45,"gold_loss":0}],"is_beta":false,"boss_relics":[{"not_picked":["Astrolabe","Empty Cage"],"picked":"Sozu"},{"not_picked":["Orrery","Snecko Eye"],"picked":"Lizard Tail"}],"items_purged_floors":[19],"is_endless":false,"potions_floor_spawned":[5,11,14,16,29,30,33,35,37,40,44],"ascension_level":7}