{"gold_per_floor":[110,110,35,47,47,74,87,113,139,139,155,155,230,230],"floor_reached":14,"playtime":1381,"items_purged":[],"score":234,"play_id":"72fcbe97-e246-4d08-b7bd-875ec68a852e","local_time":"20190125185849","is_ascension_mode":true,"campfire_choices":[{"data":"Infinite Blades","floor":10.0,"key":"SMITH"},{"data":"Cloak And Dagger","floor":12,"key":"SMITH"}],"neow_cost":"NONE","seed_source_timestamp":324764160853581,"circlet_count":0,"master_deck":["AscendersBane","Defend_G","Defend_G","Defend_G","Defend_G","Defend_G","Strike_G","Strike_G","Strike_G+1","Strike_G","Survivor","Neutralize+1","PiercingWail","Cloak And Dagger+1","Backflip","Dodge and Roll","Infinite Blades+1","PiercingWail"],"special_seed":0,"relics":["Ring of the Snake","NeowsBlessing","Strawberry","Whetstone","Regal Pillow"],"potions_floor_usage":[],"damage_taken":[{"damage":0.0,"enemies":"Cultist","floor":1.0,"turns":1.0},{"damage":0.0,"enemies":"2 Louse","floor":4.0,"turns":1.0},{"damage":0.0,"enemies":"Gremlin Nob","floor":6.0,"turns":1.0},{"damage":4.0,"enemies":"Jaw Worm","floor":7.0,"turns":5.0},{"damage":20.0,"enemies":"3 Sentries","floor":8.0,"turns":22.0},{"damage":1.0,"enemies":"Large Slime","floor":11.0,"turns":9.0},{"damage":40,"enemies":"Lagavulin","floor":14,"turns":10}],"seed_played":"5270168820544586498","potions_obtained":[{"floor":1.0,"key":"PowerPotion"},{"floor":7.0,"key":"Block Potion"}],"is_trial":false,"path_per_floor":["M","?","?","M","$","E","M","E","T","R","M","R","?","E"],"character_chosen":"THE_SILENT","items_purchased":[],"campfire_rested":0,"item_purchase_floors":[],"current_hp_per_floor":[59,64,64,64,64,71,67,47,47,47,46,46,35,0],"gold":230,"neow_bonus":"THREE_ENEMY_KILL","is_prod":false,"is_daily":false,"chose_seed":false,"campfire_upgraded":2,"win_rate":0,"timestamp":1548439129,"path_taken":["M","?","?","M","$","E","M","E","T","R","M","R","?","E"],"build_version":"2019-01-23","purchased_purges":0,"victory":false,"max_hp_per_floor":[66,71,71,71,71,78,78,78,78,78,78,78,78,78],"card_choices":[{"not_picked":["Bouncing Flask","Blade Dance"],"picked":"PiercingWail","floor":1.0},{"not_picked":["Underhanded Strike","Crippling Poison"],"picked":"Cloak And Dagger","floor":4.0},{"not_picked":["Underhanded Strike","Tactician"],"picked":"Backflip","floor":6.0},{"not_picked":["Outmaneuver","PiercingWail"],"picked":"Dodge and Roll","floor":7.0},{"not_picked":["PiercingWail","Choke"],"picked":"Infinite Blades","floor":8.0},{"not_picked":["Slice","Prepared"],"picked":"PiercingWail","floor":11}],"player_experience":547882,"relics_obtained":[{"floor":6.0,"key":"Strawberry"},{"floor":8.0,"key":"Whetstone"},{"floor":9.0,"key":"Regal Pillow"}],"event_choices":[{"damage_healed":0.0,"max_hp_gain":5.0,"max_hp_loss":0.0,"gold_gain":0.0,"event_name":"Big Fish","player_choice":"Donut","floor":2.0,"gold_loss":0.0,"damage_taken":0.0},{"cards_removed":["Strike_G"],"damage_healed":0.0,"max_hp_gain":0.0,"max_hp_loss":0.0,"gold_gain":0.0,"event_name":"The Cleric","player_choice":"Card Removal","floor":3.0,"gold_loss":75.0,"damage_taken":0.0},{"damage_healed":0,"gold_gain":75,"player_choice":"Gather Gold","damage_taken":11,"max_hp_gain":0,"max_hp_loss":0,"event_name":"World of Goop","floor":13,"gold_loss":0}],"is_beta":false,"boss_relics":[],"items_purged_floors":[],"is_endless":false,"potions_floor_spawned":[1,7],"killed_by":"Lagavulin","ascension_level":18}