{"gold_per_floor":[109,122,197,272,292,304,316,344,344,344,344],"floor_reached":11,"playtime":319,"items_purged":[],"score":116,"play_id":"451f3f5d-678e-40a0-baac-87ddf14d3b0d","local_time":"20181230235101","is_ascension_mode":true,"campfire_choices":[],"neow_cost":"NONE","seed_source_timestamp":868415887362473,"circlet_count":0,"master_deck":["AscendersBane","Strike_B","Strike_B","Strike_B","Defend_B","Defend_B","Defend_B","Defend_B","Zap","Dualcast","Chill","Cold Snap","Go for the Eyes","Defragment","Reboot"],"relics":["Cracked Core","NeowsBlessing","Boot","PreservedInsect"],"potions_floor_usage":[8,11],"damage_taken":[{"damage":0,"enemies":"Small Slimes","floor":1,"turns":1},{"damage":0,"enemies":"Jaw Worm","floor":2,"turns":1},{"damage":0,"enemies":"Cultist","floor":5,"turns":1},{"damage":4,"enemies":"Looter","floor":6,"turns":3},{"damage":13,"enemies":"3 Louse","floor":7,"turns":3},{"damage":16,"enemies":"3 Sentries","floor":8,"turns":8},{"damage":12,"enemies":"Exordium Thugs","floor":11,"turns":2}],"seed_played":"-7052568169645172033","potions_obtained":[{"floor":7,"key":"SpeedPotion"},{"floor":8,"key":"AttackPotion"}],"is_trial":false,"path_per_floor":["M","M","?","?","M","M","M","E","T","?","M"],"character_chosen":"DEFECT","items_purchased":[],"campfire_rested":0,"item_purchase_floors":[],"current_hp_per_floor":[68,68,57,50,50,46,33,17,17,10,0],"gold":344,"neow_bonus":"THREE_ENEMY_KILL","is_prod":false,"is_daily":false,"chose_seed":false,"campfire_upgraded":0,"win_rate":0,"timestamp":1546210261,"path_taken":["M","M","?","?","M","M","?","E","T","?","M"],"build_version":"2018-12-20","purchased_purges":0,"victory":false,"max_hp_per_floor":[75,75,75,75,75,75,75,75,75,75,75],"card_choices":[{"not_picked":["Stack","Streamline"],"picked":"Chill","floor":1},{"not_picked":["Melter","Conserve Battery"],"picked":"Cold Snap","floor":2},{"not_picked":["Redo","Streamline"],"picked":"Go for the Eyes","floor":5},{"not_picked":["Glacier","Heatsinks"],"picked":"Defragment","floor":6},{"not_picked":["Turbo","Chaos","Melter"],"picked":"SKIP","floor":7},{"not_picked":["Heatsinks","Sunder"],"picked":"Reboot","floor":8}],"player_experience":417825,"relics_obtained":[{"floor":8,"key":"Boot"},{"floor":9,"key":"PreservedInsect"}],"event_choices":[{"damage_healed":0,"gold_gain":75,"player_choice":"Gather Gold","damage_taken":11,"max_hp_gain":0,"max_hp_loss":0,"event_name":"World of Goop","floor":3,"gold_loss":0},{"damage_healed":0,"gold_gain":75,"player_choice":"Touch","damage_taken":7,"max_hp_gain":0,"max_hp_loss":0,"event_name":"FaceTrader","floor":4,"gold_loss":0},{"cards_removed":["Strike_B"],"damage_healed":0,"gold_gain":0,"player_choice":"Card Removal","damage_taken":7,"max_hp_gain":0,"max_hp_loss":0,"event_name":"Golden Wing","floor":10,"gold_loss":0}],"is_beta":false,"boss_relics":[],"items_purged_floors":[],"is_endless":false,"potions_floor_spawned":[7,8],"killed_by":"Exordium Thugs","ascension_level":11}