{"gold_per_floor":[114,128,128,152,0,0,34,0,0,35,53,76,0,25,25,156,156,170,170,170,186,204,204],"floor_reached":23,"playtime":1134,"items_purged":["Strike_R"],"score":228,"play_id":"b2002aa0-c49e-4ff5-bd7f-7073b317c298","local_time":"20190812135306","is_ascension_mode":false,"campfire_choices":[{"data":"Rupture","floor":6,"key":"SMITH"},{"floor":15,"key":"REST"}],"neow_cost":"NONE","seed_source_timestamp":90811069834576,"circlet_count":0,"master_deck":["Defend_R","Defend_R","Defend_R","Defend_R","Bash","Reaper","Pommel Strike","Rupture+1","Combust","Shrug It Off","Twin Strike","Demon Form","Reaper","Rupture","Bite","Bite","Bite","Bite","Bite"],"relics":["Burning Blood","Golden Idol","Letter Opener","Mercury Hourglass","Kunai","Philosopher\u0027s Stone"],"potions_floor_usage":[7,10,16,16,22,23],"damage_taken":[{"damage":9,"enemies":"2 Louse","floor":1,"turns":3},{"damage":1,"enemies":"Jaw Worm","floor":2,"turns":5},{"damage":10,"enemies":"Cultist","floor":4,"turns":4},{"damage":27,"enemies":"Gremlin Nob","floor":7,"turns":4},{"damage":29,"enemies":"Lagavulin","floor":10,"turns":6},{"damage":12,"enemies":"Large Slime","floor":11,"turns":5},{"damage":17,"enemies":"3 Louse","floor":12,"turns":3},{"damage":9,"enemies":"Blue Slaver","floor":14,"turns":3},{"damage":23,"enemies":"Hexaghost","floor":16,"turns":8},{"damage":51,"enemies":"3 Byrds","floor":18,"turns":4},{"damage":21,"enemies":"Spheric Guardian","floor":21,"turns":4},{"damage":20,"enemies":"Cultist and Chosen","floor":22,"turns":6},{"damage":41,"enemies":"Book of Stabbing","floor":23,"turns":3}],"seed_played":"5483173875310870478","potions_obtained":[{"floor":2,"key":"Poison Potion"},{"floor":7,"key":"EssenceOfSteel"},{"floor":11,"key":"Strength Potion"},{"floor":14,"key":"Weak Potion"},{"floor":18,"key":"GamblersBrew"},{"floor":21,"key":"Block Potion"}],"is_trial":false,"path_per_floor":["M","M","?","M","$","R","E","?","T","E","M","M","$","M","R","B",null,"M","?","?","M","M","E"],"character_chosen":"IRONCLAD","items_purchased":["Combust","Demon Form"],"campfire_rested":1,"item_purchase_floors":[5,13],"current_hp_per_floor":[77,80,60,60,60,60,45,45,45,22,22,18,18,16,40,23,80,41,41,41,32,30,0],"gold":204,"neow_bonus":"ONE_RANDOM_RARE_CARD","is_prod":false,"is_daily":false,"chose_seed":false,"campfire_upgraded":1,"win_rate":0,"timestamp":1565610786,"path_taken":["M","M","?","M","$","R","E","?","T","E","M","M","?","M","R","BOSS","M","?","?","M","M","E"],"build_version":"2019-07-17","purchased_purges":1,"victory":false,"max_hp_per_floor":[80,80,80,80,80,80,80,80,80,80,80,80,80,80,80,80,80,80,56,56,56,56,56],"card_choices":[{"not_picked":["Havoc","Headbutt"],"picked":"Pommel Strike","floor":1},{"not_picked":["Corruption","Perfected Strike"],"picked":"Rupture","floor":2},{"not_picked":["Seeing Red","Clothesline","Infernal Blade"],"picked":"SKIP","floor":4},{"not_picked":["Uppercut","Flex"],"picked":"Shrug It Off","floor":7},{"not_picked":["Iron Wave","Seeing Red","Body Slam"],"picked":"SKIP","floor":10},{"not_picked":["True Grit","Havoc","Clash"],"picked":"SKIP","floor":11},{"not_picked":["Second Wind","Wild Strike"],"picked":"Twin Strike","floor":12},{"not_picked":["Carnage","Second Wind","Anger"],"picked":"SKIP","floor":14},{"not_picked":["Barricade","Double Tap"],"picked":"Reaper","floor":16},{"not_picked":["True Grit","Sword Boomerang+1"],"picked":"Rupture","floor":18},{"not_picked":["True Grit","Fire Breathing+1","Carnage"],"picked":"SKIP","floor":21},{"not_picked":["Inflame","Entrench","Wild Strike+1"],"picked":"SKIP","floor":22}],"player_experience":195634,"relics_obtained":[{"floor":7,"key":"Letter Opener"},{"floor":9,"key":"Mercury Hourglass"},{"floor":10,"key":"Kunai"}],"event_choices":[{"damage_healed":0,"gold_gain":0,"player_choice":"Take Damage","damage_taken":20,"relics_obtained":["Golden Idol"],"max_hp_gain":0,"max_hp_loss":0,"event_name":"Golden Idol","floor":3,"gold_loss":0},{"damage_healed":0,"gold_gain":0,"player_choice":"Left Gold","damage_taken":0,"max_hp_gain":0,"max_hp_loss":0,"event_name":"World of Goop","floor":8,"gold_loss":34},{"damage_healed":0,"gold_gain":0,"player_choice":"Became a vampire","damage_taken":0,"max_hp_gain":0,"max_hp_loss":24,"event_name":"Vampires","floor":19,"gold_loss":0,"cards_obtained":["Bite","Bite","Bite","Bite","Bite"]},{"damage_healed":0,"gold_gain":0,"player_choice":"Ignored","damage_taken":0,"max_hp_gain":0,"max_hp_loss":0,"event_name":"Cursed Tome","floor":20,"gold_loss":0}],"is_beta":false,"boss_relics":[{"not_picked":["Mark of Pain","Black Blood"],"picked":"Philosopher\u0027s Stone"}],"items_purged_floors":[5],"is_endless":false,"potions_floor_spawned":[2,7,11,14,18,21],"killed_by":"Book of Stabbing","ascension_level":0}