{"gold_per_floor":[111,111,111,131,150,150,175,175,175,175,61,71,101,113,113,187,187,198,198,216,141,141,141,1,1,1,20,33,46,46,57,57,128,128,144,160,179,196,196,196,206,225,225,225,0,19,19,19,19,19,19],"floor_reached":52,"playtime":3223,"items_purged":["Pain"],"score":1711,"play_id":"1203c17c-5037-421a-b647-caeb34708575","local_time":"20191009012726","is_ascension_mode":true,"campfire_choices":[{"data":"Neutralize","floor":6.0,"key":"SMITH"},{"floor":8.0,"key":"REST"},{"floor":15.0,"key":"REST"},{"floor":23.0,"key":"REST"},{"floor":25.0,"key":"REST"},{"data":"Noxious Fumes","floor":30.0,"key":"SMITH"},{"data":"Endless Agony","floor":32.0,"key":"SMITH"},{"floor":40.0,"key":"REST"},{"data":"Dagger Spray","floor":44.0,"key":"SMITH"},{"data":"Poisoned Stab","floor":47.0,"key":"SMITH"},{"data":"Dagger Throw","floor":49.0,"key":"SMITH"}],"neow_cost":"NONE","seed_source_timestamp":2257941461400100,"circlet_count":0,"master_deck":["AscendersBane","Strike_G","Strike_G","Defend_G","Defend_G","Defend_G","Defend_G","Survivor","Neutralize+1","Dagger Spray+1","Dagger Throw+1","Die Die Die","Endless Agony+1","Catalyst+1","Catalyst+1","Blade Dance+1","Deflect+1","Bullet Time+1","Dodge and Roll+1","Leg Sweep+1","Noxious Fumes+1","Backflip+1","Malaise+1","PiercingWail+1","Blur+1","Corpse Explosion+1","Poisoned Stab+1"],"special_seed":0,"relics":["Runic Pyramid","Toxic Egg 2","Pantograph","Smiling Mask","Philosopher\u0027s Stone","Nloth\u0027s Gift","White Beast Statue","Busted Crown","Frozen Egg 2","Snake Skull"],"potions_floor_usage":[51],"damage_taken":[{"damage":0.0,"enemies":"Jaw Worm","floor":1.0,"turns":5.0},{"damage":2.0,"enemies":"2 Louse","floor":4.0,"turns":3.0},{"damage":0.0,"enemies":"Cultist","floor":5.0,"turns":3.0},{"damage":17.0,"enemies":"3 Sentries","floor":7.0,"turns":6.0},{"damage":6.0,"enemies":"Looter","floor":12.0,"turns":3.0},{"damage":30.0,"enemies":"Gremlin Nob","floor":13.0,"turns":4.0},{"damage":13.0,"enemies":"Exordium Thugs","floor":14.0,"turns":5.0},{"damage":14.0,"enemies":"The Guardian","floor":16.0,"turns":15.0},{"damage":15.0,"enemies":"Shell Parasite","floor":18.0,"turns":3.0},{"damage":28.0,"enemies":"2 Thieves","floor":20.0,"turns":5.0},{"damage":5.0,"enemies":"Snake Plant","floor":27.0,"turns":6.0},{"damage":0.0,"enemies":"Snecko","floor":28.0,"turns":6.0},{"damage":12.0,"enemies":"Sentry and Sphere","floor":29.0,"turns":6.0},{"damage":5.0,"enemies":"Centurion and Healer","floor":31.0,"turns":10.0},{"damage":1.0,"enemies":"Champ","floor":33.0,"turns":14.0},{"damage":16.0,"enemies":"3 Shapes","floor":35.0,"turns":4.0},{"damage":2.0,"enemies":"Orb Walker","floor":36.0,"turns":4.0},{"damage":5.0,"enemies":"Spire Growth","floor":37.0,"turns":5.0},{"damage":4.0,"enemies":"Writhing Mass","floor":38.0,"turns":4.0},{"damage":0.0,"enemies":"Transient","floor":39.0,"turns":1.0},{"damage":0.0,"enemies":"3 Darklings","floor":41.0,"turns":2.0},{"damage":1.0,"enemies":"4 Shapes","floor":42.0,"turns":6.0},{"damage":10.0,"enemies":"Maw","floor":46.0,"turns":4.0},{"damage":56.0,"enemies":"Donu and Deca","floor":50.0,"turns":6.0},{"damage":28,"enemies":"Awakened One","floor":51,"turns":14}],"seed_played":"-256294611851965941","potions_obtained":[{"floor":7.0,"key":"GamblersBrew"},{"floor":12.0,"key":"DuplicationPotion"},{"floor":13.0,"key":"Weak Potion"},{"floor":16.0,"key":"SteroidPotion"},{"floor":20.0,"key":"Block Potion"},{"floor":27.0,"key":"SpeedPotion"},{"floor":28.0,"key":"LiquidBronze"},{"floor":33.0,"key":"PowerPotion"},{"floor":35.0,"key":"SteroidPotion"},{"floor":37.0,"key":"GamblersBrew"},{"floor":38.0,"key":"SmokeBomb"},{"floor":41.0,"key":"SpeedPotion"},{"floor":42.0,"key":"Explosive Potion"},{"floor":46.0,"key":"Block Potion"}],"is_trial":false,"path_per_floor":["M","?","?","M","M","R","E","R","T","?","$","M","E","M","R","B",null,"M","?","M","?","?","R","$","R","T","M","M","M","R","M","R","B",null,"M","M","M","M","M","R","M","M","T","R","$","M","R","?","R","B","B",null],"character_chosen":"THE_SILENT","items_purchased":["Catalyst+1","Noxious Fumes","Backflip+1","Snake Skull","Poisoned Stab"],"campfire_rested":5,"item_purchase_floors":[11,24,24,45,45],"current_hp_per_floor":[59,52,52,50,50,50,33,52,52,52,52,46,16,3,22,33,58,43,43,15,15,15,34,34,53,53,48,48,36,36,31,31,55,63,47,45,40,36,36,55,55,54,54,54,54,44,44,44,44,10,7],"gold":19,"neow_bonus":"BOSS_RELIC","is_prod":false,"is_daily":false,"chose_seed":false,"campfire_upgraded":6,"win_rate":0,"timestamp":1570609646,"path_taken":["M","?","?","?","?","R","E","R","T","?","$","M","E","M","R","BOSS","M","?","M","?","?","R","$","R","T","?","M","M","R","M","R","BOSS","M","M","?","M","M","R","M","M","T","R","?","M","R","?","R","BOSS","BOSS"],"build_version":"2019-10-08","purchased_purges":1,"victory":true,"max_hp_per_floor":[66,66,66,66,66,66,66,66,66,66,66,66,66,66,66,66,66,66,66,66,66,66,66,66,66,66,66,66,66,66,66,66,66,66,66,66,66,66,66,66,66,66,66,66,66,66,66,66,66,66,66],"card_choices":[{"not_picked":["Deflect","Sucker Punch"],"picked":"Dagger Spray","floor":1.0},{"not_picked":["Prepared","Slice"],"picked":"Dagger Throw","floor":4.0},{"not_picked":["Masterful Stab","Reflex"],"picked":"Die Die Die","floor":5.0},{"not_picked":["Infinite Blades","Heel Hook"],"picked":"Endless Agony","floor":7.0},{"not_picked":["Poisoned Stab","Predator"],"picked":"Catalyst+1","floor":12.0},{"not_picked":["Escape Plan+1","Grand Finale"],"picked":"Blade Dance+1","floor":13.0},{"not_picked":["Slice","Bane"],"picked":"Deflect+1","floor":14.0},{"not_picked":["A Thousand Cuts","Night Terror+1"],"picked":"Bullet Time+1","floor":16.0},{"not_picked":["Skewer","PiercingWail+1"],"picked":"Dodge and Roll+1","floor":18.0},{"not_picked":["Backflip+1","Prepared+1"],"picked":"Leg Sweep+1","floor":20.0},{"not_picked":["PiercingWail+1","Eviscerate"],"picked":"Malaise+1","floor":27.0},{"not_picked":["Concentrate+1","Setup+1","A Thousand Cuts"],"picked":"SKIP","floor":28.0},{"not_picked":["Sucker Punch","Slice"],"picked":"PiercingWail+1","floor":29.0},{"not_picked":["Slice","Grand Finale"],"picked":"Blur+1","floor":31.0},{"not_picked":["Night Terror+1","Die Die Die"],"picked":"Corpse Explosion+1","floor":33.0},{"not_picked":["Heel Hook"],"picked":"SKIP","floor":35.0},{"not_picked":["Quick Slash"],"picked":"SKIP","floor":36.0},{"not_picked":["Flying Knee"],"picked":"SKIP","floor":37.0},{"not_picked":["Accuracy"],"picked":"SKIP","floor":38.0},{"not_picked":["Concentrate+1"],"picked":"SKIP","floor":41.0},{"not_picked":["Deflect+1"],"picked":"SKIP","floor":42.0},{"not_picked":["Eviscerate"],"picked":"SKIP","floor":46.0}],"player_experience":1551685,"relics_obtained":[{"floor":7.0,"key":"Toxic Egg 2"},{"floor":9.0,"key":"Pantograph"},{"floor":13.0,"key":"Smiling Mask"},{"floor":26.0,"key":"White Beast Statue"},{"floor":43.0,"key":"Frozen Egg 2"}],"event_choices":[{"cards_removed":["Strike_G"],"damage_healed":0.0,"max_hp_gain":0.0,"max_hp_loss":0.0,"gold_gain":0.0,"event_name":"Golden Wing","player_choice":"Card Removal","floor":2.0,"gold_loss":0.0,"damage_taken":7.0},{"cards_removed":["Strike_G"],"damage_healed":0.0,"max_hp_gain":0.0,"max_hp_loss":0.0,"gold_gain":0.0,"event_name":"Living Wall","player_choice":"Forget","floor":3.0,"gold_loss":0.0,"damage_taken":0.0},{"damage_healed":0.0,"max_hp_gain":0.0,"max_hp_loss":0.0,"gold_gain":0.0,"event_name":"Accursed Blacksmith","player_choice":"Rummage","floor":10.0,"gold_loss":0.0,"damage_taken":0.0,"relics_obtained":["WarpedTongs"],"cards_obtained":["Pain"]},{"damage_healed":0.0,"max_hp_gain":0.0,"max_hp_loss":0.0,"gold_gain":0.0,"event_name":"The Mausoleum","player_choice":"Ignored","floor":19.0,"gold_loss":0.0,"damage_taken":0.0},{"cards_removed":["Strike_G"],"damage_healed":0.0,"max_hp_gain":0.0,"max_hp_loss":0.0,"gold_gain":0.0,"event_name":"Beggar","player_choice":"Gave Gold","floor":21.0,"gold_loss":75.0,"damage_taken":0.0},{"damage_healed":0.0,"max_hp_gain":0.0,"max_hp_loss":0.0,"gold_gain":0.0,"event_name":"N\u0027loth","player_choice":"Traded Relic","floor":22.0,"relics_lost":["WarpedTongs"],"gold_loss":0.0,"damage_taken":0.0,"relics_obtained":["Nloth\u0027s Gift"]},{"cards_removed":["Defend_G"],"damage_healed":0.0,"max_hp_gain":0.0,"max_hp_loss":0.0,"gold_gain":0.0,"event_name":"Falling","player_choice":"Removed Skill","floor":48.0,"gold_loss":0.0,"damage_taken":0.0}],"is_beta":true,"boss_relics":[{"not_picked":["SlaversCollar","Ectoplasm"],"picked":"Philosopher\u0027s Stone"},{"not_picked":["Black Star","Pandora\u0027s Box"],"picked":"Busted Crown"}],"items_purged_floors":[11],"is_endless":false,"potions_floor_spawned":[7,12,13,16,20,27,28,29,31,33,35,36,37,38,39,41,42,46],"ascension_level":20}