{"gold_per_floor":[110,110,110,0,14,69,69,69,93,93,123,137,152,177,177,278,278,298,325,325,325,335,367,367,396,421,431,443,225,225,236,236,336,336,354,354,365,151,167,167,202,202,202,52,69,88,116,135,135,135],"floor_reached":51,"playtime":11608,"items_purged":["Strike_G","Strike_G","Strike_G","Strike_G"],"score":793,"play_id":"9a31c7ea-ea2b-4235-ba4e-b62a66e3aba9","local_time":"20181208173854","is_ascension_mode":true,"campfire_choices":[{"data":"Corpse Explosion","floor":7,"key":"SMITH"},{"data":"Neutralize","floor":10,"key":"SMITH"},{"data":"Infinite Blades","floor":15,"key":"SMITH"},{"data":"After Image","floor":24,"key":"SMITH"},{"data":"Footwork","floor":30,"key":"SMITH"},{"floor":32,"key":"REST"},{"data":"Concentrate","floor":40,"key":"SMITH"},{"data":"Catalyst","floor":42,"key":"SMITH"},{"floor":49,"key":"REST"}],"neow_cost":"NONE","seed_source_timestamp":2051613760549323,"circlet_count":0,"master_deck":["Defend_G","Defend_G","Defend_G","Survivor","Neutralize+1","Corpse Explosion+1","Infinite Blades+1","Backstab","Bane","Accuracy","After Image+1","Backstab","Setup+1","Leg Sweep","Catalyst+1","Concentrate+1","Footwork+1","Dodge and Roll","Deflect","Dodge and Roll","Corpse Explosion","Crippling Poison+1","Cloak And Dagger","Reflex","Dodge and Roll","Deflect+1","Parasite","Catalyst+1","Deflect+1","Blur+1"],"relics":["Ring of the Snake","Ornamental Fan","Tiny Chest","Art of War","Blood Vial","Anchor","Runic Pyramid","Strawberry","Enchiridion","FossilizedHelix","Pen Nib","Dream Catcher","WristBlade","Pantograph","Vajra","Toxic Egg 2","Du-Vu Doll"],"potions_floor_usage":[47,50],"damage_taken":[{"damage":3,"enemies":"Jaw Worm","floor":1,"turns":3},{"damage":0,"enemies":"2 Louse","floor":5,"turns":2},{"damage":20,"enemies":"Gremlin Nob","floor":6,"turns":5},{"damage":4,"enemies":"Lagavulin","floor":11,"turns":6},{"damage":0,"enemies":"Cultist","floor":12,"turns":2},{"damage":6,"enemies":"Red Slaver","floor":13,"turns":3},{"damage":9,"enemies":"The Guardian","floor":16,"turns":9},{"damage":0,"enemies":"Chosen","floor":18,"turns":5},{"damage":8,"enemies":"Spheric Guardian","floor":22,"turns":5},{"damage":12,"enemies":"Book of Stabbing","floor":23,"turns":6},{"damage":18,"enemies":"Slavers","floor":25,"turns":5},{"damage":0,"enemies":"Centurion and Healer","floor":27,"turns":4},{"damage":0,"enemies":"Sentry and Sphere","floor":28,"turns":5},{"damage":0,"enemies":"Chosen and Byrds","floor":31,"turns":5},{"damage":19,"enemies":"Champ","floor":33,"turns":19},{"damage":0,"enemies":"3 Shapes","floor":35,"turns":2},{"damage":0,"enemies":"3 Darklings","floor":37,"turns":4},{"damage":14,"enemies":"Jaw Worm Horde","floor":39,"turns":3},{"damage":0,"enemies":"Giant Head","floor":41,"turns":9},{"damage":0,"enemies":"Sphere and 2 Shapes","floor":45,"turns":4},{"damage":0,"enemies":"Writhing Mass","floor":46,"turns":5},{"damage":54,"enemies":"Reptomancer","floor":47,"turns":8},{"damage":0,"enemies":"4 Shapes","floor":48,"turns":3},{"damage":8,"enemies":"Donu and Deca","floor":50,"turns":9}],"seed_played":"397524671173464506","potions_obtained":[{"floor":1,"key":"GhostInAJar"},{"floor":5,"key":"Regen Potion"},{"floor":6,"key":"LiquidBronze"},{"floor":16,"key":"Strength Potion"},{"floor":18,"key":"Energy Potion"},{"floor":35,"key":"Dexterity Potion"},{"floor":45,"key":"Dexterity Potion"}],"is_trial":false,"path_per_floor":["M","?","?","$","M","E","R","$","T","R","E","M","M","T","R","B",null,"M","T","?","?","M","E","R","E","T","M","M","$","R","M","R","B",null,"M","T","M","$","M","R","E","R","T","$","M","M","E","M","R","B",null],"character_chosen":"THE_SILENT","items_purchased":["Infinite Blades","Footwork","Dodge and Roll","Reflex","Dodge and Roll"],"campfire_rested":2,"item_purchase_floors":[4,29,29,38,38],"current_hp_per_floor":[67,60,60,60,60,40,40,40,40,40,36,38,34,34,34,27,70,70,77,61,61,55,45,45,29,29,31,33,33,33,35,58,41,77,77,77,77,77,63,63,65,65,65,65,67,69,17,19,42,61],"gold":135,"neow_bonus":"TRANSFORM_CARD","is_prod":false,"is_daily":false,"chose_seed":false,"campfire_upgraded":7,"win_rate":0,"timestamp":1544287134,"path_taken":["M","?","?","$","?","E","R","?","T","R","E","M","M","?","R","BOSS","M","?","?","?","M","E","R","E","T","?","M","$","R","M","R","BOSS","M","?","M","$","M","R","E","R","T","$","M","M","E","M","R","BOSS"],"build_version":"2018-12-06","purchased_purges":4,"victory":true,"max_hp_per_floor":[70,70,70,70,70,70,70,70,70,70,70,70,70,70,70,70,70,70,77,77,77,77,77,77,77,77,77,77,77,77,77,77,77,77,77,77,77,77,77,77,77,77,77,77,77,77,77,77,77,77],"card_choices":[{"not_picked":["Expertise","Underhanded Strike","Eviscerate"],"picked":"SKIP","floor":1},{"not_picked":["Skewer","Quick Slash"],"picked":"Backstab","floor":5},{"not_picked":["Dagger Throw","Poisoned Stab"],"picked":"Bane","floor":6},{"not_picked":["A Thousand Cuts","Poisoned Stab","Predator"],"picked":"SKIP","floor":11},{"not_picked":["Eviscerate","Leg Sweep"],"picked":"Accuracy","floor":12},{"not_picked":["Flechettes","Deadly Poison","Flying Knee"],"picked":"SKIP","floor":13},{"not_picked":["Grand Finale","Venomology"],"picked":"After Image","floor":16},{"not_picked":["Crippling Poison","Dagger Throw"],"picked":"Backstab","floor":18},{"not_picked":["Prepared+1","Deflect"],"picked":"Setup+1","floor":22},{"not_picked":["Bane","Blade Dance"],"picked":"Leg Sweep","floor":23},{"not_picked":["PiercingWail","Endless Agony"],"picked":"Catalyst","floor":25},{"not_picked":["PiercingWail","Poisoned Stab"],"picked":"Concentrate","floor":27},{"not_picked":["Deflect","Prepared+1","Night Terror"],"picked":"SKIP","floor":28},{"not_picked":["Acrobatics","Dash"],"picked":"Deflect","floor":31},{"not_picked":["Sucker Punch","Deflect"],"picked":"Dodge and Roll","floor":32},{"not_picked":["Tools of the Trade","Night Terror"],"picked":"Corpse Explosion","floor":33},{"not_picked":["Deadly Poison","Sucker Punch+1"],"picked":"Crippling Poison+1","floor":35},{"not_picked":["Slice+1","Blade Dance"],"picked":"Cloak And Dagger","floor":37},{"not_picked":["Dagger Throw","Deadly Poison","Finisher"],"picked":"SKIP","floor":39},{"not_picked":["Caltrops+1","Flechettes+1","All Out Attack"],"picked":"SKIP","floor":41},{"not_picked":["Dagger Throw","Dagger Spray"],"picked":"Deflect+1","floor":45},{"not_picked":["Dagger Spray+1","Bane+1"],"picked":"Catalyst+1","floor":46},{"not_picked":["Masterful Stab+1","Skewer+1"],"picked":"Deflect+1","floor":47},{"not_picked":["Deadly Poison+1","Sucker Punch"],"picked":"Blur+1","floor":48}],"player_experience":280245,"relics_obtained":[{"floor":6,"key":"Tiny Chest"},{"floor":9,"key":"Art of War"},{"floor":11,"key":"Blood Vial"},{"floor":14,"key":"Anchor"},{"floor":19,"key":"Strawberry"},{"floor":20,"key":"Enchiridion"},{"floor":23,"key":"FossilizedHelix"},{"floor":25,"key":"Pen Nib"},{"floor":26,"key":"Dream Catcher"},{"floor":36,"key":"Pantograph"},{"floor":41,"key":"Vajra"},{"floor":43,"key":"Toxic Egg 2"},{"floor":47,"key":"Du-Vu Doll"}],"event_choices":[{"cards_removed":["Strike_G"],"damage_healed":0,"gold_gain":0,"player_choice":"Card Removal","damage_taken":7,"max_hp_gain":0,"max_hp_loss":0,"event_name":"Golden Wing","floor":2,"gold_loss":0},{"damage_healed":0,"gold_gain":0,"player_choice":"Gave Potion","damage_taken":0,"relics_obtained":["Ornamental Fan"],"max_hp_gain":0,"max_hp_loss":0,"event_name":"WeMeetAgain","floor":3,"gold_loss":0},{"damage_healed":0,"gold_gain":0,"player_choice":"Obtained Book","damage_taken":16,"max_hp_gain":0,"max_hp_loss":0,"event_name":"Cursed Tome","floor":20,"gold_loss":0},{"cards_removed":["Defend_G"],"damage_healed":0,"gold_gain":0,"player_choice":"Offered Basic","damage_taken":0,"max_hp_gain":0,"max_hp_loss":0,"event_name":"Bonfire Elementals","floor":21,"gold_loss":0}],"is_beta":false,"boss_relics":[{"not_picked":["Tiny House","Runic Dome"],"picked":"Runic Pyramid"},{"not_picked":["Lizard Tail","Ring of the Serpent"],"picked":"WristBlade"}],"items_purged_floors":[4,29,38,44],"is_endless":false,"potions_floor_spawned":[1,5,6,16,18,22,25,27,35,37,45,46],"ascension_level":1}