{"gold_per_floor":[109,34,34,53,9,9,19,19,66,66,97,116,150,167,167,242,242,257,15,15,15,35,35,35,35,80,107,117,117,117,133,133,206,206,221,321,338,355,224,256,256,276,300,331,42,42,59,59,59,59],"floor_reached":51,"playtime":3812,"items_purged":["Defend_G","Strike_G","Strike_G+1"],"score":1370,"play_id":"498df0d7-b33d-4fca-bd4e-12772117ae2b","local_time":"20190127140732","is_ascension_mode":true,"campfire_choices":[{"data":"Neutralize","floor":6,"key":"SMITH"},{"data":"Dagger Spray","floor":8,"key":"SMITH"},{"data":"Neutralize","floor":10,"key":"SMITH"},{"floor":15,"key":"REST"},{"data":"After Image","floor":23,"key":"SMITH"},{"floor":25,"key":"REST"},{"data":"A Thousand Cuts","floor":30,"key":"SMITH"},{"floor":32,"key":"REST"},{"floor":41,"key":"REST"},{"floor":49,"key":"REST"}],"neow_cost":"NONE","seed_source_timestamp":72649598695326,"circlet_count":0,"master_deck":["AscendersBane","Defend_G+1","Defend_G+1","Defend_G+1","Defend_G+1","Strike_G+1","Survivor","Neutralize+1","Leg Sweep","Neutralize+1","Backflip","Blur","Dash","Dagger Spray+1","Noxious Fumes+1","A Thousand Cuts+1","Backstab","After Image+1","Malaise","Blade Dance","Heel Hook+1","Catalyst+1","Noxious Fumes","Noxious Fumes+1","A Thousand Cuts","Bouncing Flask","Blur","Calculated Gamble","Infinite Blades","Infinite Blades","Well Laid Plans","After Image","Shame","Blur","Escape Plan"],"relics":["Ring of the Snake","Vajra","The Courier","Shuriken","Empty Cage","Strawberry","Tough Bandages","FossilizedHelix","Cursed Key","Pocketwatch","Ornamental Fan","Snake Skull","Bronze Scales","Oddly Smooth Stone"],"potions_floor_usage":[13,13,16,27,35,40,50,50,50,50],"damage_taken":[{"damage":2,"enemies":"2 Louse","floor":1,"turns":4},{"damage":17,"enemies":"Cultist","floor":4,"turns":7},{"damage":0,"enemies":"Small Slimes","floor":7,"turns":5},{"damage":24,"enemies":"3 Sentries","floor":11,"turns":8},{"damage":4,"enemies":"Blue Slaver","floor":12,"turns":3},{"damage":18,"enemies":"Gremlin Nob","floor":13,"turns":4},{"damage":6,"enemies":"Lots of Slimes","floor":14,"turns":4},{"damage":7,"enemies":"The Guardian","floor":16,"turns":13},{"damage":21,"enemies":"Spheric Guardian","floor":18,"turns":8},{"damage":0,"enemies":"Chosen","floor":22,"turns":6},{"damage":13,"enemies":"Book of Stabbing","floor":27,"turns":8},{"damage":4,"enemies":"3 Cultists","floor":28,"turns":5},{"damage":0,"enemies":"Cultist and Chosen","floor":31,"turns":5},{"damage":17,"enemies":"Champ","floor":33,"turns":10},{"damage":9,"enemies":"3 Darklings","floor":35,"turns":5},{"damage":0,"enemies":"Mind Bloom Boss Battle","floor":36,"turns":7},{"damage":0,"enemies":"Orb Walker","floor":37,"turns":4},{"damage":6,"enemies":"3 Darklings","floor":38,"turns":5},{"damage":20,"enemies":"Giant Head","floor":40,"turns":9},{"damage":12,"enemies":"Jaw Worm Horde","floor":42,"turns":4},{"damage":3,"enemies":"Nemesis","floor":44,"turns":7},{"damage":0,"enemies":"4 Shapes","floor":47,"turns":6},{"damage":55,"enemies":"Awakened One","floor":50,"turns":15}],"seed_played":"-376812306267162030","potions_obtained":[{"floor":1,"key":"Fire Potion"},{"floor":7,"key":"Weak Potion"},{"floor":12,"key":"Regen Potion"},{"floor":13,"key":"FearPotion"},{"floor":22,"key":"SteroidPotion"},{"floor":31,"key":"LiquidBronze"},{"floor":33,"key":"Dexterity Potion"},{"floor":38,"key":"PowerPotion"},{"floor":42,"key":"SkillPotion"},{"floor":46,"key":"EntropicBrew"}],"is_trial":false,"path_per_floor":["M","$","?","M","$","R","M","R","T","R","E","M","E","M","R","B",null,"M","$","?","?","M","R","$","R","T","E","M","T","R","M","R","B",null,"M","?","M","M","$","E","R","M","T","E","$","?","M","?","R","B",null],"character_chosen":"THE_SILENT","items_purchased":["Dash","Malaise","Blade Dance","Infinite Blades","Infinite Blades","Oddly Smooth Stone","Blur"],"campfire_rested":5,"item_purchase_floors":[5,19,19,39,39,45,45],"current_hp_per_floor":[63,63,63,46,46,46,46,46,46,46,22,18,12,6,27,20,59,38,38,38,38,38,38,38,59,66,53,49,49,49,49,72,55,73,64,64,64,58,58,38,61,49,49,46,46,46,46,46,69,14],"gold":59,"neow_bonus":"TEN_PERCENT_HP_BONUS","is_prod":false,"is_daily":false,"chose_seed":false,"campfire_upgraded":5,"win_rate":0,"timestamp":1548594452,"path_taken":["M","$","?","M","?","R","M","R","T","R","E","M","E","M","R","BOSS","M","$","?","?","?","R","$","R","T","E","M","?","R","M","R","BOSS","M","?","M","M","$","E","R","M","T","E","$","?","?","?","R","BOSS"],"build_version":"2019-01-23","purchased_purges":3,"victory":true,"max_hp_per_floor":[72,72,72,72,72,72,72,72,72,72,72,72,72,72,72,72,72,72,72,72,72,72,72,72,72,79,79,79,79,79,79,79,79,79,79,79,79,79,79,79,79,79,79,79,79,79,79,79,79,79],"card_choices":[{"not_picked":["Endless Agony","Flying Knee"],"picked":"Leg Sweep","floor":1},{"not_picked":["Slice","Finisher"],"picked":"Blur","floor":4},{"not_picked":["Deflect","Blade Dance"],"picked":"Dagger Spray","floor":7},{"not_picked":["Slice","Masterful Stab","Quick Slash"],"picked":"SKIP","floor":11},{"not_picked":["Dodge and Roll","Blade Dance"],"picked":"Noxious Fumes","floor":12},{"not_picked":["Riddle With Holes","Dagger Spray"],"picked":"A Thousand Cuts","floor":13},{"not_picked":["Poisoned Stab","Expertise"],"picked":"Backstab","floor":14},{"not_picked":["Tools of the Trade","Bullet Time"],"picked":"After Image","floor":16},{"not_picked":["Acrobatics","Quick Slash","Flechettes"],"picked":"SKIP","floor":18},{"not_picked":["Outmaneuver","Dash"],"picked":"Heel Hook+1","floor":22},{"not_picked":["Dodge and Roll","Backstab+1"],"picked":"Catalyst+1","floor":27},{"not_picked":["Flechettes","PiercingWail"],"picked":"Noxious Fumes","floor":28},{"not_picked":["Terror","Deadly Poison"],"picked":"Noxious Fumes+1","floor":31},{"not_picked":["Doppelganger","Phantasmal Killer"],"picked":"A Thousand Cuts","floor":33},{"not_picked":["Flying Knee","Deadly Poison"],"picked":"Bouncing Flask","floor":35},{"not_picked":["Dagger Spray","Poisoned Stab+1"],"picked":"Blur","floor":36},{"not_picked":["Slice+1","Sucker Punch","Dodge and Roll"],"picked":"SKIP","floor":37},{"not_picked":["Tactician","Deadly Poison"],"picked":"Calculated Gamble","floor":38},{"not_picked":["Setup","Quick Slash"],"picked":"Well Laid Plans","floor":40},{"not_picked":["Expertise","Poisoned Stab"],"picked":"After Image","floor":42},{"not_picked":["Slice","Poisoned Stab","Bouncing Flask"],"picked":"SKIP","floor":44},{"not_picked":["Calculated Gamble+1","All Out Attack"],"picked":"Escape Plan","floor":47}],"player_experience":562418,"relics_obtained":[{"floor":9,"key":"Vajra"},{"floor":11,"key":"The Courier"},{"floor":13,"key":"Shuriken"},{"floor":26,"key":"Strawberry"},{"floor":27,"key":"Tough Bandages"},{"floor":29,"key":"FossilizedHelix"},{"floor":36,"key":"Pocketwatch"},{"floor":40,"key":"Ornamental Fan"},{"floor":43,"key":"Snake Skull"},{"floor":44,"key":"Bronze Scales"}],"event_choices":[{"damage_healed":0,"gold_gain":0,"player_choice":"3 cards matched","damage_taken":0,"max_hp_gain":0,"max_hp_loss":0,"event_name":"Match and Keep!","floor":3,"gold_loss":0,"cards_obtained":["Doubt","Neutralize","Backflip"]},{"damage_healed":0,"gold_gain":0,"player_choice":"Simplicity","damage_taken":0,"max_hp_gain":0,"max_hp_loss":0,"event_name":"Back to Basics","floor":20,"gold_loss":0,"cards_upgraded":["Defend_G","Defend_G","Defend_G","Defend_G","Strike_G","Strike_G","Strike_G"]},{"damage_healed":0,"gold_gain":0,"player_choice":"Upgraded","damage_taken":0,"max_hp_gain":0,"max_hp_loss":0,"event_name":"Upgrade Shrine","floor":21,"gold_loss":0,"cards_upgraded":["Noxious Fumes"]},{"damage_healed":0,"gold_gain":0,"player_choice":"Fight","damage_taken":0,"max_hp_gain":0,"max_hp_loss":0,"event_name":"MindBloom","floor":36,"gold_loss":0},{"damage_healed":0,"gold_gain":0,"player_choice":"Got Potions","damage_taken":0,"max_hp_gain":0,"max_hp_loss":0,"event_name":"Lab","floor":46,"gold_loss":0},{"cards_removed":["Strike_G"],"damage_healed":0,"gold_gain":0,"player_choice":"Removed Attack","damage_taken":0,"max_hp_gain":0,"max_hp_loss":0,"event_name":"Falling","floor":48,"gold_loss":0}],"is_beta":false,"boss_relics":[{"not_picked":["Coffee Dripper","Busted Crown"],"picked":"Empty Cage"},{"not_picked":["White Beast Statue","Ring of the Serpent"],"picked":"Cursed Key"}],"items_purged_floors":[2,19,45],"is_endless":false,"potions_floor_spawned":[1,7,12,13,22,31,33,38,42,44,47],"ascension_level":18}