{"gold_per_floor":[116,116,129,129,33,68,93,18,95,115,159,159,159,202,202,331,331,351,351,251,176,176,176,199,199,199,45,88,88,111,126,126,255,255,279,293,307,332,347,347,472,212,212,212],"floor_reached":44,"playtime":2748,"items_purged":["Strike_B","Strike_B","Writhe"],"score":769,"play_id":"a341b1d1-d4bb-45f8-befc-dd5367cf390a","local_time":"20190104144544","is_ascension_mode":true,"campfire_choices":[{"floor":12,"key":"REST"},{"data":"Ball Lightning","floor":15,"key":"SMITH"},{"data":"Machine Learning","floor":23,"key":"SMITH"},{"data":"Dualcast","floor":25,"key":"SMITH"},{"data":"Coolheaded","floor":29,"key":"SMITH"},{"floor":32,"key":"REST"},{"floor":40,"key":"REST"}],"neow_cost":"NONE","seed_source_timestamp":1265272176319072,"circlet_count":0,"master_deck":["AscendersBane","Strike_B+1","Defend_B+1","Zap+1","Dualcast+1","Capacitor","Force Field","Ball Lightning+1","Self Repair","Coolheaded+1","FTL","Conserve Battery","Cold Snap","Machine Learning+1","Coolheaded","Leap+1","Electrodynamics","Hologram+1","Barrage+1","Conserve Battery+1","Biased Cognition","Redo+1","Hologram+1","Tempest+1","Steam","Coolheaded+1","Parasite","Ball Lightning+1","Hologram+1","Leap+1","Leap+1","Loop"],"relics":["Cracked Core","NeowsBlessing","Golden Idol","Happy Flower","Gremlin Horn","Whetstone","Sundial","Eternal Feather","DataDisk","War Paint","Kunai","Astrolabe","Nunchaku","Symbiotic Virus"],"potions_floor_usage":[11,14,14,24,28,36,39],"damage_taken":[{"damage":0,"enemies":"Jaw Worm","floor":1,"turns":1},{"damage":0,"enemies":"Cultist","floor":3,"turns":1},{"damage":0,"enemies":"Lagavulin","floor":6,"turns":1},{"damage":7,"enemies":"2 Louse","floor":7,"turns":2},{"damage":4,"enemies":"Looter","floor":10,"turns":4},{"damage":19,"enemies":"3 Sentries","floor":11,"turns":8},{"damage":0,"enemies":"Gremlin Nob","floor":14,"turns":3},{"damage":41,"enemies":"The Guardian","floor":16,"turns":9},{"damage":18,"enemies":"3 Byrds","floor":18,"turns":5},{"damage":12,"enemies":"Chosen","floor":24,"turns":4},{"damage":36,"enemies":"Slavers","floor":28,"turns":4},{"damage":30,"enemies":"Shelled Parasite and Fungi","floor":30,"turns":5},{"damage":15,"enemies":"Snecko","floor":31,"turns":6},{"damage":23,"enemies":"Champ","floor":33,"turns":13},{"damage":41,"enemies":"3 Darklings","floor":35,"turns":4},{"damage":14,"enemies":"3 Shapes","floor":36,"turns":4},{"damage":9,"enemies":"Writhing Mass","floor":37,"turns":7},{"damage":9,"enemies":"Sphere and 2 Shapes","floor":38,"turns":3},{"damage":17,"enemies":"3 Darklings","floor":39,"turns":3},{"damage":0,"enemies":"Mind Bloom Boss Battle","floor":41,"turns":5},{"damage":59,"enemies":"Giant Head","floor":44,"turns":8}],"seed_played":"-3943143092200209337","potions_obtained":[{"floor":7,"key":"Energy Potion"},{"floor":10,"key":"PowerPotion"},{"floor":11,"key":"SkillPotion"},{"floor":14,"key":"Ancient Potion"},{"floor":18,"key":"SpeedPotion"},{"floor":35,"key":"AttackPotion"},{"floor":38,"key":"Fire Potion"}],"is_trial":false,"path_per_floor":["M","?","M","?","$","E","M","$","T","M","E","R","?","E","R","B",null,"M","?","$","?","?","R","M","R","T","$","E","R","M","M","R","B",null,"M","M","M","M","M","R","?","$","T","E"],"character_chosen":"DEFECT","items_purchased":["Ball Lightning","Self Repair","Electrodynamics","Loop","Block Potion","SpeedPotion"],"campfire_rested":3,"item_purchase_floors":[5,5,27,42,42,42],"current_hp_per_floor":[68,68,68,50,50,50,43,43,43,46,34,56,56,63,63,29,64,53,53,53,53,53,62,57,69,69,69,40,52,29,21,55,39,66,32,25,23,21,11,51,58,58,58,0],"gold":212,"neow_bonus":"THREE_ENEMY_KILL","is_prod":false,"is_daily":false,"chose_seed":false,"campfire_upgraded":4,"win_rate":0,"timestamp":1546609544,"path_taken":["M","?","?","?","$","E","M","$","T","M","E","R","?","E","R","BOSS","M","?","$","?","?","R","M","R","T","$","E","R","M","?","R","BOSS","M","M","?","M","M","R","?","$","T","E"],"build_version":"2019-01-03v3","purchased_purges":3,"victory":false,"max_hp_per_floor":[75,75,75,75,75,75,75,75,75,75,75,75,75,75,75,75,75,75,75,75,75,75,75,75,75,75,75,75,75,75,75,75,75,75,75,75,75,75,75,75,75,75,75,75],"card_choices":[{"not_picked":["Go for the Eyes","Streamline"],"picked":"Capacitor","floor":1},{"not_picked":["Gash","Sweeping Beam"],"picked":"Force Field","floor":3},{"not_picked":["Amplify","Rip and Tear"],"picked":"Coolheaded","floor":6},{"not_picked":["Heatsinks","Static Discharge"],"picked":"FTL","floor":7},{"not_picked":["Steam","Scrape"],"picked":"Conserve Battery","floor":10},{"not_picked":["Stack","Steam"],"picked":"Cold Snap","floor":11},{"not_picked":["Stack","Sweeping Beam","Redo"],"picked":"SKIP","floor":14},{"not_picked":["Reboot","Rainbow"],"picked":"Machine Learning","floor":16},{"not_picked":["Rebound","Stack"],"picked":"Coolheaded","floor":18},{"not_picked":["Sweeping Beam","Gash"],"picked":"Leap","floor":24},{"not_picked":["Conserve Battery","Leap+1"],"picked":"Hologram+1","floor":28},{"not_picked":["Reprogram","Streamline+1"],"picked":"Barrage+1","floor":30},{"not_picked":["Skim","Sweeping Beam"],"picked":"Conserve Battery+1","floor":31},{"not_picked":["Electrodynamics","Meteor Strike"],"picked":"Biased Cognition","floor":33},{"not_picked":["Static Discharge","Genetic Algorithm+1"],"picked":"Steam","floor":35},{"not_picked":["Hello World+1","Beam Cell+1"],"picked":"Coolheaded+1","floor":36},{"not_picked":["Leap+1","Streamline"],"picked":"Ball Lightning+1","floor":37},{"not_picked":["Streamline+1","Doom and Gloom+1"],"picked":"Hologram+1","floor":38},{"not_picked":["Steam+1","Beam Cell"],"picked":"Leap+1","floor":39},{"not_picked":["Gash","Blizzard"],"picked":"Leap+1","floor":41}],"player_experience":437942,"relics_obtained":[{"floor":6,"key":"Happy Flower"},{"floor":9,"key":"Gremlin Horn"},{"floor":11,"key":"Whetstone"},{"floor":14,"key":"Sundial"},{"floor":26,"key":"War Paint"},{"floor":28,"key":"Kunai"},{"floor":41,"key":"Nunchaku"},{"floor":43,"key":"Symbiotic Virus"}],"event_choices":[{"damage_healed":0,"gold_gain":0,"player_choice":"Forge","damage_taken":0,"max_hp_gain":0,"max_hp_loss":0,"event_name":"Accursed Blacksmith","floor":2,"gold_loss":0,"cards_upgraded":["Zap"]},{"damage_healed":0,"gold_gain":0,"player_choice":"Take Damage","damage_taken":18,"relics_obtained":["Golden Idol"],"max_hp_gain":0,"max_hp_loss":0,"event_name":"Golden Idol","floor":4,"gold_loss":0},{"damage_healed":0,"gold_gain":0,"cards_transformed":["Defend_B"],"player_choice":"Change","damage_taken":0,"max_hp_gain":0,"max_hp_loss":0,"event_name":"Living Wall","floor":13,"gold_loss":0,"cards_obtained":["Darkness"]},{"damage_healed":0,"gold_gain":0,"player_choice":"Ignored","damage_taken":0,"max_hp_gain":0,"max_hp_loss":0,"event_name":"Vampires","floor":19,"gold_loss":0},{"cards_removed":["Defend_B"],"damage_healed":0,"gold_gain":0,"player_choice":"Gave Gold","damage_taken":0,"max_hp_gain":0,"max_hp_loss":0,"event_name":"Beggar","floor":21,"gold_loss":75},{"damage_healed":0,"gold_gain":0,"player_choice":"Opened","damage_taken":0,"relics_obtained":["DataDisk"],"max_hp_gain":0,"max_hp_loss":0,"event_name":"The Mausoleum","floor":22,"gold_loss":0,"cards_obtained":["Writhe"]},{"damage_healed":0,"gold_gain":0,"player_choice":"Fight","damage_taken":0,"max_hp_gain":0,"max_hp_loss":0,"event_name":"MindBloom","floor":41,"gold_loss":0}],"is_beta":false,"boss_relics":[{"not_picked":["Lizard Tail","Runic Dome"],"picked":"Eternal Feather"},{"not_picked":["Calling Bell","Black Star"],"picked":"Astrolabe"}],"items_purged_floors":[8,20,42],"is_endless":false,"potions_floor_spawned":[7,10,11,14,18,35,38],"killed_by":"Giant Head","ascension_level":11}