{"gold_per_floor":[112,112,123,139,166,191,203,237,284,313,313,313,313,333,333,427,427,440,440,440,19,44,80,80,80,80,80,103,103,103,203,203,298,298,312,437,462,462,562,562,578,591,665,678,701,715,746,117,117,117],"floor_reached":51,"playtime":1884,"items_purged":["Strike_R","Strike_R"],"score":1197,"play_id":"fe9707cb-8458-4bd7-8536-27d15c92f7c8","local_time":"20190325045126","is_ascension_mode":true,"campfire_choices":[{"floor":11,"key":"REST"},{"data":"Shockwave","floor":15,"key":"SMITH"},{"data":"True Grit","floor":27,"key":"SMITH"},{"data":"Whirlwind","floor":29,"key":"SMITH"},{"floor":32,"key":"REST"},{"data":"Flex","floor":40,"key":"SMITH"},{"data":"Madness","floor":49,"key":"SMITH"}],"neow_cost":"PERCENT_DAMAGE","seed_source_timestamp":9083399393865,"circlet_count":0,"master_deck":["AscendersBane","Strike_R+1","Defend_R","Defend_R","Bash+1","Clothesline","Flex+1","Shrug It Off","Cleave","Bludgeon","Thunderclap","Shockwave+1","Shrug It Off","Reaper","True Grit+1","Feel No Pain","Headbutt","Sadistic Nature","Whirlwind+1","Shrug It Off","Flex","Madness+1","Madness","Flame Barrier","Panache"],"relics":["Burning Blood","Omamori","Mummified Hand","Ancient Tea Set","Whetstone","Mango","Orichalcum","Golden Idol","Mark of Pain","Necronomicon","Vajra","Bottled Tornado","Boot","Champion Belt","Regal Pillow","Lizard Tail","Ice Cream","Kunai","Question Card","Lee\u0027s Waffle","Bag of Marbles"],"potions_floor_usage":[6,6,10,23,24,33,42,46,50,50],"damage_taken":[{"damage":10,"enemies":"2 Louse","floor":1,"turns":3},{"damage":0,"enemies":"Cultist","floor":3,"turns":3},{"damage":8,"enemies":"Small Slimes","floor":4,"turns":3},{"damage":22,"enemies":"Lagavulin","floor":6,"turns":7},{"damage":14,"enemies":"2 Fungi Beasts","floor":7,"turns":4},{"damage":30,"enemies":"Gremlin Nob","floor":8,"turns":4},{"damage":25,"enemies":"Lagavulin","floor":10,"turns":5},{"damage":6,"enemies":"3 Louse","floor":14,"turns":3},{"damage":22,"enemies":"Slime Boss","floor":16,"turns":10},{"damage":12,"enemies":"Chosen","floor":18,"turns":5},{"damage":6,"enemies":"Spheric Guardian","floor":22,"turns":3},{"damage":25,"enemies":"Book of Stabbing","floor":23,"turns":4},{"damage":0,"enemies":"Colosseum Slavers","floor":24,"turns":3},{"damage":12,"enemies":"Snake Plant","floor":28,"turns":3},{"damage":42,"enemies":"Champ","floor":33,"turns":8},{"damage":40,"enemies":"3 Shapes","floor":35,"turns":2},{"damage":6,"enemies":"Mind Bloom Boss Battle","floor":36,"turns":5},{"damage":3,"enemies":"Orb Walker","floor":37,"turns":2},{"damage":26,"enemies":"3 Darklings","floor":41,"turns":4},{"damage":6,"enemies":"Sphere and 2 Shapes","floor":42,"turns":4},{"damage":10,"enemies":"Jaw Worm Horde","floor":44,"turns":3},{"damage":9,"enemies":"4 Shapes","floor":45,"turns":6},{"damage":16,"enemies":"Sphere and 2 Shapes","floor":46,"turns":1},{"damage":49,"enemies":"Nemesis","floor":47,"turns":7},{"damage":95,"enemies":"Awakened One","floor":50,"turns":13}],"seed_played":"-9111336796889407422","potions_obtained":[{"floor":3,"key":"Energy Potion"},{"floor":4,"key":"Fire Potion"},{"floor":8,"key":"Weak Potion"},{"floor":14,"key":"Ancient Potion"},{"floor":22,"key":"LiquidBronze"},{"floor":23,"key":"Weak Potion"},{"floor":33,"key":"LiquidBronze"},{"floor":35,"key":"Weak Potion"},{"floor":44,"key":"FearPotion"},{"floor":47,"key":"Weak Potion"}],"is_trial":false,"path_per_floor":["M","?","M","M","T","E","M","E","T","E","R","?","?","M","R","B",null,"M","?","?","$","M","E","?","?","T","R","M","R","T","?","R","B",null,"M","?","M","?","?","R","M","M","T","M","M","M","E","$","R","B",null],"character_chosen":"IRONCLAD","items_purchased":["Sadistic Nature","Vajra","Lee\u0027s Waffle","Bag of Marbles","Panache"],"campfire_rested":2,"item_purchase_floors":[21,21,48,48,48],"current_hp_per_floor":[47,80,80,78,78,62,54,30,30,25,53,53,53,53,53,37,75,73,73,57,57,57,38,44,44,44,44,38,38,38,38,79,43,76,53,53,56,45,45,45,25,25,25,63,84,74,31,94,94,12],"gold":117,"neow_bonus":"TRANSFORM_TWO_CARDS","is_prod":false,"is_daily":false,"chose_seed":false,"campfire_upgraded":5,"win_rate":0,"timestamp":1553457086,"path_taken":["M","?","M","?","?","E","M","E","T","E","R","?","?","M","R","BOSS","M","?","?","$","M","E","?","?","T","R","M","R","?","?","R","BOSS","M","?","M","?","?","R","?","M","T","M","M","?","E","$","R","BOSS"],"build_version":"2019-01-23","purchased_purges":2,"victory":true,"max_hp_per_floor":[80,80,80,80,80,80,80,80,80,94,94,94,87,87,87,87,87,87,87,87,87,87,87,87,87,87,87,87,87,87,87,87,87,87,87,87,87,87,87,87,87,87,87,87,87,87,87,94,94,94],"card_choices":[{"not_picked":["Bloodletting","Metallicize"],"picked":"Flex","floor":1},{"not_picked":["Perfected Strike","Evolve"],"picked":"Shrug It Off","floor":3},{"not_picked":["Shrug It Off","Burning Pact"],"picked":"Cleave","floor":4},{"not_picked":["Juggernaut","Headbutt"],"picked":"Bludgeon","floor":6},{"not_picked":["Sword Boomerang","Twin Strike","Metallicize"],"picked":"SKIP","floor":7},{"not_picked":["Cleave","Metallicize"],"picked":"Thunderclap","floor":8},{"not_picked":["Dropkick","Armaments"],"picked":"Shockwave","floor":10},{"not_picked":["Flex","Impervious"],"picked":"Shrug It Off","floor":14},{"not_picked":["Fiend Fire","Bludgeon"],"picked":"Reaper","floor":16},{"not_picked":["Anger+1","Headbutt"],"picked":"True Grit","floor":18},{"not_picked":["Havoc","True Grit","Perfected Strike"],"picked":"SKIP","floor":22},{"not_picked":["Anger","Twin Strike","Hemokinesis"],"picked":"SKIP","floor":23},{"not_picked":["Perfected Strike","Sentinel"],"picked":"Whirlwind","floor":28},{"not_picked":["Searing Blow","Thunderclap"],"picked":"Shrug It Off","floor":35},{"not_picked":["Havoc+1","Anger+1"],"picked":"Flex","floor":37},{"not_picked":["Armaments+1","Rupture","Hemokinesis+1"],"picked":"SKIP","floor":41},{"not_picked":["True Grit","Reckless Charge+1","Thunderclap"],"picked":"SKIP","floor":42},{"not_picked":["Sword Boomerang","Clash","True Grit+1"],"picked":"SKIP","floor":44},{"not_picked":["Clash","Reckless Charge","Sword Boomerang"],"picked":"SKIP","floor":45},{"not_picked":["Entrench","Hemokinesis","Body Slam"],"picked":"SKIP","floor":46},{"not_picked":["Shrug It Off","Body Slam"],"picked":"Flame Barrier","floor":47}],"player_experience":613332,"relics_obtained":[{"floor":5,"key":"Omamori"},{"floor":6,"key":"Mummified Hand"},{"floor":8,"key":"Ancient Tea Set"},{"floor":9,"key":"Whetstone"},{"floor":10,"key":"Mango"},{"floor":20,"key":"Necronomicon"},{"floor":23,"key":"Bottled Tornado"},{"floor":26,"key":"Champion Belt"},{"floor":30,"key":"Regal Pillow"},{"floor":36,"key":"Ice Cream"},{"floor":43,"key":"Kunai"},{"floor":47,"key":"Question Card"}],"event_choices":[{"cards_removed":["Dual Wield"],"damage_healed":33,"gold_gain":0,"player_choice":"Offered Uncommon","damage_taken":0,"max_hp_gain":0,"max_hp_loss":0,"event_name":"Bonfire Elementals","floor":2,"gold_loss":0},{"damage_healed":0,"gold_gain":0,"player_choice":"Searched \u00272\u0027 times","damage_taken":0,"relics_obtained":["Orichalcum"],"max_hp_gain":0,"max_hp_loss":0,"event_name":"Dead Adventurer","floor":12,"gold_loss":0},{"damage_healed":0,"gold_gain":0,"player_choice":"Lose Max HP","damage_taken":0,"relics_obtained":["Golden Idol"],"max_hp_gain":0,"max_hp_loss":7,"event_name":"Golden Idol","floor":13,"gold_loss":0},{"damage_healed":0,"gold_gain":0,"cards_transformed":["Strike_R","Defend_R"],"player_choice":"Became Test Subject","damage_taken":0,"max_hp_gain":0,"max_hp_loss":0,"event_name":"Drug Dealer","floor":19,"gold_loss":0,"cards_obtained":["Feel No Pain","Headbutt"]},{"damage_healed":0,"gold_gain":0,"player_choice":"Obtained Book","damage_taken":16,"max_hp_gain":0,"max_hp_loss":0,"event_name":"Cursed Tome","floor":20,"gold_loss":0},{"damage_healed":0,"gold_gain":0,"player_choice":"Fight","damage_taken":0,"max_hp_gain":0,"max_hp_loss":0,"event_name":"Colosseum","floor":24,"gold_loss":0},{"damage_healed":0,"gold_gain":0,"player_choice":"Fled From Nobs","damage_taken":0,"max_hp_gain":0,"max_hp_loss":0,"event_name":"Colosseum","floor":24,"gold_loss":0},{"damage_healed":0,"gold_gain":0,"player_choice":"Opened","damage_taken":0,"relics_obtained":["Boot"],"max_hp_gain":0,"max_hp_loss":0,"event_name":"The Mausoleum","floor":25,"gold_loss":0},{"damage_healed":0,"gold_gain":100,"player_choice":"Pray","damage_taken":0,"max_hp_gain":0,"max_hp_loss":0,"event_name":"Golden Shrine","floor":31,"gold_loss":0},{"damage_healed":0,"gold_gain":0,"player_choice":"Fight","damage_taken":0,"max_hp_gain":0,"max_hp_loss":0,"event_name":"MindBloom","floor":36,"gold_loss":0},{"damage_healed":0,"gold_gain":0,"player_choice":"Embrace Madness","damage_taken":11,"max_hp_gain":0,"max_hp_loss":0,"event_name":"Winding Halls","floor":38,"gold_loss":0,"cards_obtained":["Madness","Madness"]},{"damage_healed":0,"gold_gain":100,"player_choice":"Pray","damage_taken":0,"max_hp_gain":0,"max_hp_loss":0,"event_name":"Golden Shrine","floor":39,"gold_loss":0}],"is_beta":false,"boss_relics":[{"not_picked":["Busted Crown","Calling Bell"],"picked":"Mark of Pain"},{"not_picked":["Tiny House","Velvet Choker"],"picked":"Lizard Tail"}],"items_purged_floors":[21,48],"is_endless":false,"potions_floor_spawned":[3,4,8,14,22,23,33,35,36,44,47],"ascension_level":13}