{"gold_per_floor":[117,128,128,140,156,156,174,174,201,126,126,26,61,72,72,149,149,161,176,98,23,39,39,39,39,39,39,57,67,126,136,136,213,213,225,239,254,254,254,254,285,297,371,371,389,400,28,48,48,48,48,48,48,48,48],"floor_reached":55,"playtime":4049,"items_purged":["Strike_B","Defend_B","Strike_B"],"score":1771,"play_id":"2edc6968-9a26-4f5d-a7f6-511cf9a97172","local_time":"20190201224822","is_ascension_mode":true,"campfire_choices":[{"data":"Defragment","floor":6.0,"key":"SMITH"},{"data":"Zap","floor":8.0,"key":"SMITH"},{"data":"Hologram","floor":15.0,"key":"SMITH"},{"data":"Defragment","floor":23.0,"key":"SMITH"},{"floor":25.0,"key":"REST"},{"data":"Capacitor","floor":27.0,"key":"SMITH"},{"floor":32.0,"key":"REST"},{"data":"Defragment","floor":40.0,"key":"SMITH"},{"floor":44.0,"key":"RECALL"},{"data":"Defragment","floor":49.0,"key":"SMITH"},{"data":"Creative AI","floor":53.0,"key":"SMITH"}],"neow_cost":"NONE","seed_source_timestamp":0,"circlet_count":0,"master_deck":["AscendersBane","Strike_B","Defend_B","Defend_B","Defend_B","Zap+1","Dualcast","Defragment+1","Conserve Battery","Coolheaded","Cold Snap","Ball Lightning","Hologram+1","Electrodynamics","Reboot","Chill+1","Cold Snap","Defragment+1","Leap+1","Capacitor+1","Blizzard","Hologram+1","Go for the Eyes","Defragment+1","Capacitor","Creative AI+1","Leap+1","Secret Weapon","Capacitor","Hologram+1","Barrage","Go for the Eyes","Defragment+1"],"special_seed":0,"relics":["FrozenCore","NeowsBlessing","Dream Catcher","Lantern","Velvet Choker","Bottled Tornado","Tiny Chest","DataDisk","Singing Bowl","Lee\u0027s Waffle"],"potions_floor_usage":[],"damage_taken":[{"damage":0.0,"enemies":"2 Louse","floor":1.0,"turns":1.0},{"damage":0.0,"enemies":"Cultist","floor":2.0,"turns":1.0},{"damage":0.0,"enemies":"Small Slimes","floor":4.0,"turns":1.0},{"damage":7.0,"enemies":"Exordium Thugs","floor":5.0,"turns":5.0},{"damage":6.0,"enemies":"3 Louse","floor":7.0,"turns":5.0},{"damage":12.0,"enemies":"3 Sentries","floor":13.0,"turns":6.0},{"damage":8.0,"enemies":"Looter","floor":14.0,"turns":2.0},{"damage":7.0,"enemies":"The Guardian","floor":16.0,"turns":12.0},{"damage":15.0,"enemies":"Spheric Guardian","floor":18.0,"turns":4.0},{"damage":0.0,"enemies":"3 Byrds","floor":19.0,"turns":3.0},{"damage":0.0,"enemies":"3 Cultists","floor":22.0,"turns":4.0},{"damage":0.0,"enemies":"Centurion and Healer","floor":28.0,"turns":5.0},{"damage":15.0,"enemies":"Shelled Parasite and Fungi","floor":29.0,"turns":6.0},{"damage":4.0,"enemies":"Gremlin Leader","floor":30.0,"turns":6.0},{"damage":3.0,"enemies":"Snake Plant","floor":31.0,"turns":5.0},{"damage":1.0,"enemies":"Champ","floor":33.0,"turns":14.0},{"damage":0.0,"enemies":"Orb Walker","floor":35.0,"turns":4.0},{"damage":4.0,"enemies":"3 Darklings","floor":36.0,"turns":4.0},{"damage":9.0,"enemies":"Maw","floor":37.0,"turns":8.0},{"damage":1.0,"enemies":"Giant Head","floor":41.0,"turns":11.0},{"damage":0.0,"enemies":"Sphere and 2 Shapes","floor":42.0,"turns":5.0},{"damage":2.0,"enemies":"Jaw Worm Horde","floor":45.0,"turns":4.0},{"damage":7.0,"enemies":"Writhing Mass","floor":46.0,"turns":7.0},{"damage":5.0,"enemies":"3 Darklings","floor":48.0,"turns":5.0},{"damage":21.0,"enemies":"Time Eater","floor":50.0,"turns":18.0},{"damage":2.0,"enemies":"Donu and Deca","floor":51.0,"turns":8.0},{"damage":81,"enemies":"Shield and Spear","floor":55,"turns":5}],"seed_played":"6227989692357871141","potions_obtained":[{"floor":1.0,"key":"EssenceOfSteel"},{"floor":4.0,"key":"Swift Potion"},{"floor":5.0,"key":"PowerPotion"},{"floor":11.0,"key":"Energy Potion"},{"floor":11.0,"key":"Fire Potion"},{"floor":13.0,"key":"Energy Potion"},{"floor":14.0,"key":"FocusPotion"},{"floor":31.0,"key":"AttackPotion"},{"floor":37.0,"key":"Block Potion"}],"is_trial":false,"path_per_floor":["M","M","?","M","M","R","M","R","T","$","?","$","E","M","R","B",null,"M","M","$","?","M","R","?","R","T","R","M","M","E","M","R","B",null,"M","M","M","?","T","R","E","M","T","R","M","M","$","M","R","B","B",null,"R","$","E"],"character_chosen":"DEFECT","items_purchased":["Defragment","Go for the Eyes","Lee\u0027s Waffle"],"campfire_rested":2,"item_purchase_floors":[20,47,47],"current_hp_per_floor":[64,64,71,71,64,64,58,58,58,58,58,58,46,38,38,31,61,46,46,46,46,46,46,26,48,48,48,48,33,29,26,48,47,69,69,65,56,51,51,51,50,52,52,52,50,43,85,80,80,59,57,78,78,78,0],"gold":48,"neow_bonus":"THREE_ENEMY_KILL","is_prod":false,"is_daily":false,"chose_seed":false,"campfire_upgraded":8,"win_rate":0,"timestamp":1549057702,"path_taken":["M","M","?","M","?","R","M","R","T","$","?","$","E","M","R","BOSS","M","M","$","?","M","R","?","R","T","R","M","M","E","M","R","BOSS","M","M","M","?","?","R","E","M","T","R","M","M","$","M","R","BOSS","BOSS","R","$","E"],"build_version":"2019-01-23","purchased_purges":3,"victory":false,"max_hp_per_floor":[71,71,71,71,71,71,71,71,71,71,71,71,71,71,71,71,71,71,71,71,71,71,71,76,76,76,76,76,76,76,76,76,76,76,76,76,76,76,76,76,76,78,78,78,78,78,85,85,85,85,85,85,85,85,85],"card_choices":[{"not_picked":["BootSequence","Leap"],"picked":"Defragment","floor":1.0},{"not_picked":["Hologram","BootSequence"],"picked":"Conserve Battery","floor":2.0},{"not_picked":["Hologram","Gash"],"picked":"Coolheaded","floor":4.0},{"not_picked":["Turbo","Doom and Gloom"],"picked":"Cold Snap","floor":5.0},{"not_picked":["Skim","Go for the Eyes"],"picked":"Ball Lightning","floor":7.0},{"not_picked":["Redo","Sunder"],"picked":"Hologram","floor":13.0},{"not_picked":["Ball Lightning","Steam Power"],"picked":"Electrodynamics","floor":14.0},{"not_picked":["Fission","Multi-Cast"],"picked":"Reboot","floor":16.0},{"not_picked":["Coolheaded","Leap"],"picked":"Chill+1","floor":18.0},{"not_picked":["Coolheaded","Beam Cell"],"picked":"Cold Snap","floor":19.0},{"not_picked":["Chaos","Skim"],"picked":"Leap+1","floor":22.0},{"not_picked":["Barrage","Hologram"],"picked":"Capacitor","floor":25.0},{"not_picked":["Hologram","Chaos"],"picked":"Blizzard","floor":28.0},{"not_picked":["Sweeping Beam","Sunder+1"],"picked":"Hologram+1","floor":29.0},{"not_picked":["Reprogram","Turbo"],"picked":"Go for the Eyes","floor":30.0},{"not_picked":["Go for the Eyes+1","Loop"],"picked":"Defragment","floor":31.0},{"not_picked":["Scrape","Aggregate"],"picked":"Capacitor","floor":32.0},{"not_picked":["Reboot","Hyperbeam"],"picked":"Creative AI","floor":33.0},{"not_picked":["Steam Power+1","Streamline","Heatsinks"],"picked":"SKIP","floor":35.0},{"not_picked":["Compile Driver","Tempest","Gash"],"picked":"SKIP","floor":36.0},{"not_picked":["Redo+1","Doom and Gloom"],"picked":"Leap+1","floor":37.0},{"not_picked":["Madness","Enlightenment"],"picked":"Secret Weapon","floor":38.0},{"not_picked":["Melter","Leap"],"picked":"Capacitor","floor":41.0},{"not_picked":["Rebound","Steam+1","Conserve Battery+1"],"picked":"Singing Bowl","floor":42.0},{"not_picked":["White Noise","Gash"],"picked":"Hologram+1","floor":45.0},{"not_picked":["Rip and Tear","Compile Driver"],"picked":"Barrage","floor":46.0},{"not_picked":["Conserve Battery","Gash"],"picked":"Defragment","floor":48.0}],"player_experience":584813,"relics_obtained":[{"floor":9.0,"key":"Dream Catcher"},{"floor":13.0,"key":"Lantern"},{"floor":26.0,"key":"Bottled Tornado"},{"floor":30.0,"key":"Tiny Chest"},{"floor":39.0,"key":"DataDisk"},{"floor":41.0,"key":"Singing Bowl"}],"event_choices":[{"damage_healed":7.0,"max_hp_gain":0.0,"max_hp_loss":0.0,"gold_gain":0.0,"event_name":"Wheel of Change","player_choice":"Full Heal","floor":3.0,"gold_loss":0.0,"damage_taken":0.0},{"damage_healed":0.0,"max_hp_gain":0.0,"max_hp_loss":0.0,"gold_gain":0.0,"event_name":"Lab","player_choice":"Got Potions","floor":11.0,"gold_loss":0.0,"damage_taken":0.0},{"cards_removed":["Strike_B"],"damage_healed":0.0,"max_hp_gain":0.0,"max_hp_loss":0.0,"gold_gain":0.0,"event_name":"Beggar","player_choice":"Gave Gold","floor":21.0,"gold_loss":75.0,"damage_taken":0.0},{"damage_healed":0.0,"max_hp_gain":5.0,"max_hp_loss":0.0,"gold_gain":0.0,"event_name":"Forgotten Altar","player_choice":"Shed Blood","floor":24.0,"gold_loss":0.0,"damage_taken":25.0},{"damage_healed":0.0,"max_hp_gain":0.0,"max_hp_loss":0.0,"gold_gain":0.0,"event_name":"SensoryStone","player_choice":"Memory 2","floor":38.0,"gold_loss":0.0,"damage_taken":5.0}],"is_beta":false,"boss_relics":[{"not_picked":["Coffee Dripper","Eternal Feather"],"picked":"Velvet Choker"},{"not_picked":["Astrolabe","Philosopher\u0027s Stone"],"picked":"FrozenCore"}],"items_purged_floors":[10,12,47],"is_endless":false,"potions_floor_spawned":[1,4,5,13,14,18,22,28,31,37,42,45],"killed_by":"Shield and Spear","ascension_level":20}