{"gold_per_floor":[109,125,125,138,152,152,170,170,170,195,195,216,216,236,236,334,334,352,363,383,383,23,23,23,23,23,23,36,63,117,151,151,246,246,260,278,278,278,291,326,326,204,204,220,220],"floor_reached":45,"playtime":3557,"items_purged":["Strike_G","Normality"],"score":508,"play_id":"993677fe-ffd6-45f4-91d7-5c1ff0ad8f04","local_time":"20190725171217","is_ascension_mode":false,"campfire_choices":[{"data":"Phantasmal Killer","floor":6,"key":"SMITH"},{"data":"Neutralize","floor":8,"key":"SMITH"},{"data":"Dodge and Roll","floor":11,"key":"SMITH"},{"data":"Leg Sweep","floor":15,"key":"SMITH"},{"data":"Finisher","floor":23,"key":"SMITH"},{"data":"Infinite Blades","floor":25,"key":"SMITH"},{"data":"Tools of the Trade","floor":32,"key":"SMITH"},{"data":"Skewer","floor":41,"key":"SMITH"}],"neow_cost":"NONE","seed_source_timestamp":262920408814108,"circlet_count":0,"master_deck":["Strike_G","Strike_G","Defend_G","Defend_G","Defend_G","Defend_G","Survivor","Neutralize+1","Phantasmal Killer+1","Backstab","Infinite Blades+1","Finesse","Leg Sweep+1","Flying Knee","Dodge and Roll+1","Backflip","Finisher+1","Venomology","Infinite Blades","Flying Knee","Terror","Doubt","Tools of the Trade+1","Cloak And Dagger","Doppelganger","Prepared+1","Dash+1","Skewer+1","Riddle With Holes+1","Normality","Escape Plan+1"],"relics":["Ring of the Snake","Potion Belt","Lantern","Odd Mushroom","Cursed Key","Anchor","MutagenicStrength","Pear","Paper Crane","Mango","Empty Cage","Smiling Mask","Orichalcum"],"potions_floor_usage":[10,12,28,28,29,29,33,33,36,39,39,39,40,40,44,45,45],"damage_taken":[{"damage":0,"enemies":"Small Slimes","floor":1,"turns":2},{"damage":0,"enemies":"Cultist","floor":2,"turns":3},{"damage":0,"enemies":"2 Louse","floor":4,"turns":2},{"damage":3,"enemies":"Looter","floor":5,"turns":4},{"damage":5,"enemies":"Exordium Wildlife","floor":7,"turns":3},{"damage":11,"enemies":"Gremlin Nob","floor":10,"turns":4},{"damage":0,"enemies":"The Mushroom Lair","floor":12,"turns":5},{"damage":0,"enemies":"Blue Slaver","floor":14,"turns":3},{"damage":16,"enemies":"Hexaghost","floor":16,"turns":13},{"damage":0,"enemies":"Shell Parasite","floor":18,"turns":7},{"damage":5,"enemies":"Chosen","floor":19,"turns":7},{"damage":3,"enemies":"Shelled Parasite and Fungi","floor":20,"turns":6},{"damage":0,"enemies":"3 Cultists","floor":28,"turns":6},{"damage":36,"enemies":"Slavers","floor":29,"turns":8},{"damage":3,"enemies":"Book of Stabbing","floor":31,"turns":7},{"damage":22,"enemies":"Collector","floor":33,"turns":9},{"damage":2,"enemies":"Orb Walker","floor":35,"turns":4},{"damage":30,"enemies":"3 Shapes","floor":36,"turns":5},{"damage":8,"enemies":"3 Darklings","floor":39,"turns":5},{"damage":13,"enemies":"Reptomancer","floor":40,"turns":7},{"damage":22,"enemies":"Writhing Mass","floor":44,"turns":3},{"damage":37,"enemies":"Nemesis","floor":45,"turns":9}],"seed_played":"548840485390150387","potions_obtained":[{"floor":1,"key":"Strength Potion"},{"floor":4,"key":"Weak Potion"},{"floor":7,"key":"Poison Potion"},{"floor":16,"key":"Energy Potion"},{"floor":18,"key":"SpeedPotion"},{"floor":29,"key":"AttackPotion"},{"floor":31,"key":"Block Potion"},{"floor":36,"key":"Energy Potion"},{"floor":40,"key":"Weak Potion"},{"floor":44,"key":"FearPotion"}],"is_trial":false,"path_per_floor":["M","M","?","M","M","R","M","R","T","E","R","?","?","M","R","B",null,"M","M","M","?","$","R","?","R","T","$","M","E","T","E","R","B",null,"M","M","?","?","M","E","R","$","T","M","E"],"character_chosen":"THE_SILENT","items_purchased":["Flying Knee","Terror","Anchor","GhostInAJar"],"campfire_rested":0,"item_purchase_floors":[22,22,22,42],"current_hp_per_floor":[70,70,70,70,67,67,62,62,62,51,51,51,51,51,51,35,70,70,65,62,49,49,49,49,49,59,59,59,38,38,49,49,27,99,97,67,67,67,59,46,46,46,46,24,0],"gold":220,"neow_bonus":"ONE_RANDOM_RARE_CARD","is_prod":false,"is_daily":false,"chose_seed":false,"campfire_upgraded":8,"win_rate":0,"timestamp":1564067537,"path_taken":["M","M","?","M","M","R","?","R","T","E","R","?","?","M","R","BOSS","M","?","M","?","$","R","?","R","T","?","M","E","?","E","R","BOSS","M","M","?","?","M","E","R","$","T","M","E"],"build_version":"2019-07-17","purchased_purges":2,"victory":false,"max_hp_per_floor":[70,70,70,70,70,70,70,70,70,70,70,70,70,70,70,70,70,70,70,70,75,75,75,75,75,85,85,85,85,85,99,99,99,99,99,99,99,99,99,99,99,99,99,99,99],"card_choices":[{"not_picked":["Dagger Throw","Bane"],"picked":"Backstab","floor":1},{"not_picked":["All Out Attack","Noxious Fumes","Slice"],"picked":"SKIP","floor":2},{"not_picked":["Blade Dance","Underhanded Strike"],"picked":"Leg Sweep","floor":4},{"not_picked":["Caltrops","Finisher"],"picked":"Flying Knee","floor":5},{"not_picked":["PiercingWail","Endless Agony"],"picked":"Dodge and Roll","floor":7},{"not_picked":["Distraction","Blur"],"picked":"Backflip","floor":10},{"not_picked":["Backstab","Slice"],"picked":"Finisher","floor":14},{"not_picked":["A Thousand Cuts","Unload"],"picked":"Venomology","floor":16},{"not_picked":["Prepared","Calculated Gamble"],"picked":"Infinite Blades","floor":18},{"not_picked":["Bane","Dagger Throw","PiercingWail"],"picked":"SKIP","floor":19},{"not_picked":["Prepared","Dagger Throw"],"picked":"Infinite Blades","floor":20},{"not_picked":["Endless Agony","Blade Dance+1","Bane"],"picked":"SKIP","floor":28},{"not_picked":["PiercingWail","Prepared"],"picked":"Tools of the Trade","floor":29},{"not_picked":["Distraction","Bouncing Flask"],"picked":"Cloak And Dagger","floor":31},{"not_picked":["Wraith Form v2","A Thousand Cuts"],"picked":"Doppelganger","floor":33},{"not_picked":["Bane+1","Leg Sweep"],"picked":"Prepared+1","floor":35},{"not_picked":["Dagger Throw","Cloak And Dagger"],"picked":"Dash+1","floor":36},{"not_picked":["Infinite Blades","Crippling Poison"],"picked":"Skewer","floor":39},{"not_picked":["Flying Knee","Slice+1"],"picked":"Riddle With Holes+1","floor":40},{"not_picked":["Flying Knee+1","Dagger Spray"],"picked":"Escape Plan+1","floor":44}],"player_experience":117538,"relics_obtained":[{"floor":9,"key":"Potion Belt"},{"floor":10,"key":"Lantern"},{"floor":12,"key":"Odd Mushroom"},{"floor":26,"key":"Pear"},{"floor":29,"key":"Paper Crane"},{"floor":31,"key":"Mango"},{"floor":40,"key":"Smiling Mask"},{"floor":43,"key":"Orichalcum"}],"event_choices":[{"damage_healed":0,"gold_gain":0,"player_choice":"2 cards matched","damage_taken":0,"max_hp_gain":0,"max_hp_loss":0,"event_name":"Match and Keep!","floor":3,"gold_loss":0,"cards_obtained":["Infinite Blades","Finesse"]},{"damage_healed":0,"gold_gain":0,"player_choice":"Fought Mushrooms","damage_taken":0,"max_hp_gain":0,"max_hp_loss":0,"event_name":"Mushrooms","floor":12,"gold_loss":0},{"cards_removed":["Strike_G"],"damage_healed":0,"gold_gain":0,"player_choice":"Purged","damage_taken":0,"max_hp_gain":0,"max_hp_loss":0,"event_name":"Purifier","floor":13,"gold_loss":0},{"damage_healed":0,"gold_gain":0,"player_choice":"Shed Blood","damage_taken":18,"max_hp_gain":5,"max_hp_loss":0,"event_name":"Forgotten Altar","floor":21,"gold_loss":0},{"damage_healed":0,"gold_gain":0,"player_choice":"Inject Mutagens","damage_taken":0,"relics_obtained":["MutagenicStrength"],"max_hp_gain":0,"max_hp_loss":0,"event_name":"Drug Dealer","floor":24,"gold_loss":0},{"damage_healed":0,"gold_gain":0,"player_choice":"Ignored","damage_taken":0,"max_hp_gain":0,"max_hp_loss":0,"event_name":"Tomb of Lord Red Mask","floor":37,"gold_loss":0},{"cards_removed":["Infinite Blades"],"damage_healed":0,"gold_gain":0,"player_choice":"Removed Power","damage_taken":0,"max_hp_gain":0,"max_hp_loss":0,"event_name":"Falling","floor":38,"gold_loss":0}],"is_beta":false,"boss_relics":[{"not_picked":["HoveringKite","Fusion Hammer"],"picked":"Cursed Key"},{"not_picked":["Coffee Dripper","Tiny House"],"picked":"Empty Cage"}],"items_purged_floors":[22,42],"is_endless":false,"potions_floor_spawned":[1,4,7,16,18,29,31,36,40,44],"killed_by":"Nemesis","ascension_level":0}