{"gold_per_floor":[18,18,93,116,141,141,157,200,200,223,246,262,262,276,276,407,407,427,342,342,362,67,67,101,114,162,162,183,204,204,222,222,222],"floor_reached":33,"playtime":1938,"items_purged":[],"score":298,"play_id":"d3c0661d-80ea-480a-99c9-b136bda6477e","local_time":"20190809183242","is_ascension_mode":false,"campfire_choices":[{"data":"Rampage","floor":6,"key":"SMITH"},{"data":"Dual Wield","floor":13,"key":"SMITH"},{"floor":15,"key":"REST"},{"data":"Berserk","floor":23,"key":"SMITH"},{"data":"Seeing Red","floor":27,"key":"SMITH"},{"floor":30,"key":"REST"},{"data":"Metallicize","floor":32,"key":"SMITH"}],"neow_cost":"NO_GOLD","seed_source_timestamp":261963200982789,"circlet_count":0,"master_deck":["Strike_R","Strike_R","Strike_R","Strike_R","Strike_R","Defend_R","Defend_R","Defend_R","Defend_R","Bash","Berserk+1","Rampage+1","Battle Trance","Shrug It Off","Headbutt","Disarm+1","Dual Wield+1","Pommel Strike","Offering","Metallicize+1","Seeing Red+1","Intimidate+1","Spot Weakness+1","Flame Barrier","Flame Barrier"],"relics":["Burning Blood","Golden Idol","Pen Nib","Strawberry","Runic Cube","Letter Opener","Mango","War Paint"],"potions_floor_usage":[8,8,25,33],"damage_taken":[{"damage":6,"enemies":"2 Louse","floor":1,"turns":3},{"damage":20,"enemies":"Small Slimes","floor":4,"turns":4},{"damage":1,"enemies":"Jaw Worm","floor":5,"turns":3},{"damage":19,"enemies":"Exordium Thugs","floor":7,"turns":5},{"damage":21,"enemies":"3 Sentries","floor":8,"turns":6},{"damage":14,"enemies":"Large Slime","floor":10,"turns":6},{"damage":11,"enemies":"Exordium Wildlife","floor":11,"turns":5},{"damage":4,"enemies":"3 Louse","floor":12,"turns":5},{"damage":12,"enemies":"Blue Slaver","floor":14,"turns":3},{"damage":22,"enemies":"Hexaghost","floor":16,"turns":7},{"damage":13,"enemies":"Shell Parasite","floor":18,"turns":4},{"damage":19,"enemies":"Chosen","floor":21,"turns":5},{"damage":31,"enemies":"Book of Stabbing","floor":24,"turns":5},{"damage":30,"enemies":"Snake Plant","floor":25,"turns":4},{"damage":9,"enemies":"Cultist and Chosen","floor":28,"turns":3},{"damage":19,"enemies":"3 Cultists","floor":29,"turns":5},{"damage":18,"enemies":"Centurion and Healer","floor":31,"turns":4},{"damage":64,"enemies":"Automaton","floor":33,"turns":6}],"seed_played":"-1965367972894560443","potions_obtained":[{"floor":4,"key":"FearPotion"},{"floor":5,"key":"PowerPotion"},{"floor":7,"key":"BloodPotion"},{"floor":8,"key":"SkillPotion"},{"floor":14,"key":"Regen Potion"},{"floor":18,"key":"Energy Potion"},{"floor":31,"key":"FearPotion"}],"is_trial":false,"path_per_floor":["M","?","?","M","M","R","M","E","T","M","M","M","R","M","R","B",null,"M","?","?","M","$","R","E","M","T","R","M","M","R","M","R","B"],"character_chosen":"IRONCLAD","items_purchased":["Mango"],"campfire_rested":2,"item_purchase_floors":[22],"current_hp_per_floor":[80,60,49,35,40,40,27,32,39,31,26,28,28,22,48,32,87,80,80,80,67,81,81,56,44,44,44,41,28,58,46,46,0],"gold":222,"neow_bonus":"THREE_RARE_CARDS","is_prod":false,"is_daily":false,"chose_seed":false,"campfire_upgraded":5,"win_rate":0,"timestamp":1565368362,"path_taken":["M","?","?","M","M","R","M","E","T","M","M","M","R","M","R","BOSS","M","?","?","M","$","R","E","M","T","R","?","M","R","M","R","BOSS"],"build_version":"2019-07-17","purchased_purges":0,"victory":false,"max_hp_per_floor":[80,80,80,80,80,80,80,80,87,87,87,87,87,87,87,87,87,87,87,87,87,101,101,101,101,101,101,101,101,101,101,101,101],"card_choices":[{"not_picked":["Juggernaut","Double Tap"],"picked":"Berserk","floor":0},{"not_picked":["Body Slam","Spot Weakness"],"picked":"Rampage","floor":1},{"not_picked":["Disarm","Sever Soul"],"picked":"Battle Trance","floor":4},{"not_picked":["Reckless Charge","Twin Strike"],"picked":"Shrug It Off","floor":5},{"not_picked":["Intimidate","Flex"],"picked":"Headbutt","floor":7},{"not_picked":["Bloodletting","Heavy Blade"],"picked":"Disarm","floor":8},{"not_picked":["True Grit","Seeing Red"],"picked":"Dual Wield","floor":10},{"not_picked":["Evolve","Cleave","Power Through"],"picked":"SKIP","floor":11},{"not_picked":["Thunderclap","True Grit","Reckless Charge"],"picked":"SKIP","floor":12},{"not_picked":["Clothesline","Shrug It Off"],"picked":"Pommel Strike","floor":14},{"not_picked":["Double Tap","Berserk"],"picked":"Offering","floor":16},{"not_picked":["Anger","Cleave"],"picked":"Metallicize","floor":18},{"not_picked":["Reckless Charge+1","Pommel Strike"],"picked":"Intimidate","floor":21},{"not_picked":["Thunderclap","Entrench","Sword Boomerang+1"],"picked":"SKIP","floor":24},{"not_picked":["Sword Boomerang","Intimidate","Flex+1"],"picked":"SKIP","floor":25},{"not_picked":["Reckless Charge","Armaments+1"],"picked":"Spot Weakness+1","floor":28},{"not_picked":["Cleave","Shrug It Off"],"picked":"Flame Barrier","floor":29},{"not_picked":["Rupture","Spot Weakness"],"picked":"Flame Barrier","floor":31}],"player_experience":165270,"relics_obtained":[{"floor":8,"key":"Pen Nib"},{"floor":9,"key":"Strawberry"},{"floor":24,"key":"War Paint"}],"event_choices":[{"damage_healed":0,"gold_gain":0,"player_choice":"Take Damage","damage_taken":20,"relics_obtained":["Golden Idol"],"max_hp_gain":0,"max_hp_loss":0,"event_name":"Golden Idol","floor":2,"gold_loss":0},{"damage_healed":0,"gold_gain":75,"player_choice":"Gather Gold","damage_taken":11,"max_hp_gain":0,"max_hp_loss":0,"event_name":"World of Goop","floor":3,"gold_loss":0},{"damage_healed":0,"gold_gain":0,"player_choice":"Obtained Relic","damage_taken":0,"relics_obtained":["Letter Opener"],"max_hp_gain":0,"max_hp_loss":0,"event_name":"Addict","floor":19,"gold_loss":85},{"damage_healed":0,"gold_gain":0,"player_choice":"1 cards matched","damage_taken":0,"max_hp_gain":0,"max_hp_loss":0,"event_name":"Match and Keep!","floor":20,"gold_loss":0,"cards_obtained":["Seeing Red"]}],"is_beta":false,"boss_relics":[{"not_picked":["Orrery","Black Blood"],"picked":"Runic Cube"}],"items_purged_floors":[],"is_endless":false,"potions_floor_spawned":[4,5,7,8,14,18,24,31],"killed_by":"Automaton","ascension_level":0}