{"gold_per_floor":[113,123,142,16,16,16,91,125,179,197,197,216,216,234,234,313,313,326,344,744,744,758,758,758,758,827,840,840,840,856,884,884,884],"floor_reached":33,"playtime":1901,"items_purged":["Strike_G"],"score":507,"play_id":"75b052d5-935c-49ae-b1b9-54731163bd9c","local_time":"20190121010347","is_ascension_mode":true,"campfire_choices":[{"data":"Crippling Poison","floor":6.0,"key":"SMITH"},{"data":"Neutralize","floor":11.0,"key":"SMITH"},{"floor":13.0,"key":"REST"},{"data":"Terror","floor":15.0,"key":"SMITH"},{"floor":23,"key":"REST"},{"floor":25,"key":"REST"},{"floor":29,"key":"REST"},{"floor":32,"key":"REST"}],"neow_cost":"NONE","seed_source_timestamp":0,"circlet_count":0,"master_deck":["AscendersBane","Defend_G","Defend_G","Defend_G","Defend_G","Defend_G","Strike_G","Strike_G","Strike_G","Strike_G","Survivor","Neutralize+1","Crippling Poison+1","PiercingWail","Deflect","Poisoned Stab","Terror+1","Backflip","Glass Knife","Dodge and Roll","Backflip+1","Cloak And Dagger","Deadly Poison","Blade Dance","Unload"],"special_seed":0,"relics":["Ring of the Snake","NeowsBlessing","Pen Nib","Omamori","Fusion Hammer","Old Coin","Kunai","Art of War","Mercury Hourglass","Pear","Mummified Hand"],"potions_floor_usage":[20,20,31,33,33],"damage_taken":[{"damage":0.0,"enemies":"Cultist","floor":1.0,"turns":1.0},{"damage":0.0,"enemies":"Small Slimes","floor":2.0,"turns":1.0},{"damage":0.0,"enemies":"Jaw Worm","floor":3.0,"turns":1.0},{"damage":17.0,"enemies":"Gremlin Nob","floor":8.0,"turns":4.0},{"damage":4.0,"enemies":"Large Slime","floor":10.0,"turns":6.0},{"damage":3.0,"enemies":"Looter","floor":12.0,"turns":3.0},{"damage":7.0,"enemies":"2 Fungi Beasts","floor":14.0,"turns":4.0},{"damage":34.0,"enemies":"Hexaghost","floor":16.0,"turns":11.0},{"damage":0,"enemies":"Chosen","floor":18,"turns":4},{"damage":8,"enemies":"Spheric Guardian","floor":19,"turns":4},{"damage":5,"enemies":"Colosseum Slavers","floor":20,"turns":5},{"damage":17,"enemies":"Colosseum Nobs","floor":20,"turns":5},{"damage":3,"enemies":"Centurion and Healer","floor":22,"turns":7},{"damage":20,"enemies":"Snecko","floor":27,"turns":8},{"damage":18,"enemies":"Cultist and Chosen","floor":30,"turns":6},{"damage":25,"enemies":"Slavers","floor":31,"turns":8},{"damage":95,"enemies":"Automaton","floor":33,"turns":12}],"seed_played":"5958246980197513632","potions_obtained":[{"floor":1.0,"key":"Poison Potion"},{"floor":10.0,"key":"SmokeBomb"},{"floor":12.0,"key":"Weak Potion"},{"floor":16.0,"key":"GhostInAJar"},{"floor":19,"key":"PowerPotion"},{"floor":22,"key":"Fire Potion"},{"floor":27,"key":"Block Potion"},{"floor":31,"key":"Energy Potion"}],"is_trial":false,"path_per_floor":["M","M","M","$","$","R","?","E","T","M","R","M","R","M","R","B",null,"M","M","?","?","M","R","?","R","T","M","T","R","M","E","R","B"],"character_chosen":"THE_SILENT","items_purchased":["Poisoned Stab"],"campfire_rested":5,"item_purchase_floors":[4],"current_hp_per_floor":[59,59,59,59,59,59,48,31,31,27,27,24,43,36,36,2,50,50,42,20,20,17,36,36,55,55,35,45,67,49,24,46,0],"gold":884,"neow_bonus":"THREE_ENEMY_KILL","is_prod":false,"is_daily":false,"chose_seed":false,"campfire_upgraded":3,"win_rate":0,"timestamp":1548029027,"path_taken":["M","?","M","?","$","R","?","E","T","?","R","M","R","M","R","BOSS","M","M","?","?","M","R","?","R","T","?","?","R","M","E","R","BOSS"],"build_version":"2019-01-17v2","purchased_purges":1,"victory":false,"max_hp_per_floor":[66,66,66,66,66,66,66,66,66,66,66,66,66,66,66,66,66,66,66,66,66,66,66,66,66,66,66,76,76,76,76,76,76],"card_choices":[{"not_picked":["Poisoned Stab","Dagger Throw"],"picked":"Crippling Poison","floor":1.0},{"not_picked":["Poisoned Stab","Expertise"],"picked":"PiercingWail","floor":2.0},{"not_picked":["Catalyst","Acrobatics"],"picked":"Deflect","floor":3.0},{"not_picked":["Outmaneuver","Dash"],"picked":"Terror","floor":8.0},{"not_picked":["Distraction","Bouncing Flask","Outmaneuver"],"picked":"SKIP","floor":10.0},{"not_picked":["Heel Hook","Choke","Dagger Spray"],"picked":"SKIP","floor":12.0},{"not_picked":["Quick Slash","Blade Dance"],"picked":"Backflip","floor":14.0},{"not_picked":["Storm of Steel","Doppelganger"],"picked":"Glass Knife","floor":16.0},{"not_picked":["Sucker Punch","Expertise"],"picked":"Dodge and Roll","floor":18},{"not_picked":["Blade Dance","Dash"],"picked":"Backflip+1","floor":19},{"not_picked":["Quick Slash","Bane"],"picked":"Cloak And Dagger","floor":22},{"not_picked":["Sucker Punch","Underhanded Strike"],"picked":"Deadly Poison","floor":27},{"not_picked":["Skewer","Endless Agony"],"picked":"Blade Dance","floor":30},{"not_picked":["Flying Knee","Quick Slash"],"picked":"Unload","floor":31}],"player_experience":537745,"relics_obtained":[{"floor":8.0,"key":"Pen Nib"},{"floor":9.0,"key":"Omamori"},{"floor":20,"key":"Old Coin"},{"floor":20,"key":"Kunai"},{"floor":26,"key":"Mercury Hourglass"},{"floor":28,"key":"Pear"},{"floor":31,"key":"Mummified Hand"}],"event_choices":[{"damage_healed":0.0,"max_hp_gain":0.0,"max_hp_loss":0.0,"gold_gain":75.0,"event_name":"World of Goop","player_choice":"Gather Gold","floor":7.0,"gold_loss":0.0,"damage_taken":11.0},{"damage_healed":0,"gold_gain":0,"player_choice":"Fight","damage_taken":0,"max_hp_gain":0,"max_hp_loss":0,"event_name":"Colosseum","floor":20,"gold_loss":0},{"damage_healed":0,"gold_gain":0,"player_choice":"Fought Nobs","damage_taken":0,"max_hp_gain":0,"max_hp_loss":0,"event_name":"Colosseum","floor":20,"gold_loss":0},{"damage_healed":0,"gold_gain":0,"player_choice":"Smashed Altar","damage_taken":0,"max_hp_gain":0,"max_hp_loss":0,"event_name":"Forgotten Altar","floor":21,"gold_loss":0,"cards_obtained":["Decay"]},{"damage_healed":0,"gold_gain":0,"player_choice":"Opened","damage_taken":0,"relics_obtained":["Art of War"],"max_hp_gain":0,"max_hp_loss":0,"event_name":"The Mausoleum","floor":24,"gold_loss":0,"cards_obtained":["Writhe"]}],"is_beta":false,"boss_relics":[{"not_picked":["Tiny House","Pandora\u0027s Box"],"picked":"Fusion Hammer"}],"items_purged_floors":[4],"is_endless":false,"potions_floor_spawned":[1,10,12,16,19,22,27,31],"killed_by":"Automaton","ascension_level":18}