{"gold_per_floor":[113,126,126,54,68,97,97,123,177,177,177,56,68,97,97,195,195,210,226,244,258,277,277,202,202,229,262,262,262,262,295,295,395,395,407,424,448,448,465,465,497,511,511,511,536,547,557,197,197,197],"floor_reached":51,"playtime":4197,"items_purged":["Defend_R","Strike_R"],"score":1037,"play_id":"0341236b-a4cd-48dc-a648-0f55ba3346ea","local_time":"20190523235912","is_ascension_mode":true,"campfire_choices":[{"data":"True Grit","floor":7.0,"key":"SMITH"},{"data":"Spot Weakness","floor":11.0,"key":"SMITH"},{"floor":15.0,"key":"REST"},{"data":"Limit Break","floor":23.0,"key":"SMITH"},{"floor":25.0,"key":"REST"},{"data":"Inflame","floor":30.0,"key":"SMITH"},{"data":"Spot Weakness","floor":32.0,"key":"SMITH"},{"floor":40,"key":"REST"},{"floor":44,"key":"DIG"},{"floor":49,"key":"DIG"}],"neow_cost":"NONE","seed_source_timestamp":0,"circlet_count":0,"master_deck":["Strike_R","Strike_R","Strike_R","Defend_R+1","Bash","Rage+1","Flame Barrier","Spot Weakness+1","True Grit+1","Inflame+1","Spot Weakness+1","Iron Wave","Pommel Strike","Reaper","Metallicize","Twin Strike+1","Sword Boomerang","Limit Break+1","Battle Trance","Pommel Strike","Whirlwind","Thunderclap","Impervious","Shrug It Off+1","Flex","Reaper","True Grit+1","Limit Break+1","Sword Boomerang"],"special_seed":0,"relics":["Velvet Choker","Art of War","Tiny Chest","Sundial","Sozu","Juzu Bracelet","Kunai","Nloth\u0027s Gift","Anchor","Runic Dome","Vajra","Shovel","Ginger","PreservedInsect","Orichalcum","StoneCalendar","DollysMirror","Blood Vial"],"potions_floor_usage":[50],"damage_taken":[{"damage":12.0,"enemies":"Small Slimes","floor":1.0,"turns":3.0},{"damage":0.0,"enemies":"2 Louse","floor":2.0,"turns":3.0},{"damage":1.0,"enemies":"Cultist","floor":5.0,"turns":3.0},{"damage":25.0,"enemies":"3 Sentries","floor":6.0,"turns":8.0},{"damage":3.0,"enemies":"Gremlin Nob","floor":8.0,"turns":4.0},{"damage":10.0,"enemies":"Exordium Wildlife","floor":13.0,"turns":3.0},{"damage":8.0,"enemies":"Lagavulin","floor":14.0,"turns":5.0},{"damage":6.0,"enemies":"Slime Boss","floor":16.0,"turns":9.0},{"damage":12.0,"enemies":"3 Byrds","floor":18.0,"turns":4.0},{"damage":9.0,"enemies":"Chosen","floor":19.0,"turns":4.0},{"damage":32.0,"enemies":"Snake Plant","floor":20.0,"turns":4.0},{"damage":0.0,"enemies":"Centurion and Healer","floor":21.0,"turns":8.0},{"damage":13.0,"enemies":"Snecko","floor":22.0,"turns":5.0},{"damage":28.0,"enemies":"Book of Stabbing","floor":27.0,"turns":4.0},{"damage":23.0,"enemies":"Gremlin Leader","floor":31.0,"turns":3.0},{"damage":54.0,"enemies":"Collector","floor":33.0,"turns":6.0},{"damage":50,"enemies":"3 Darklings","floor":35,"turns":5},{"damage":18,"enemies":"3 Shapes","floor":36,"turns":4},{"damage":2,"enemies":"Sphere and 2 Shapes","floor":39,"turns":4},{"damage":29,"enemies":"Reptomancer","floor":41,"turns":4},{"damage":1,"enemies":"4 Shapes","floor":42,"turns":3},{"damage":2,"enemies":"Nemesis","floor":45,"turns":3},{"damage":24,"enemies":"Spire Growth","floor":46,"turns":4},{"damage":13,"enemies":"Sphere and 2 Shapes","floor":47,"turns":4},{"damage":88,"enemies":"Time Eater","floor":50,"turns":8}],"seed_played":"-3126667510926880971","potions_obtained":[{"floor":1.0,"key":"Ancient Potion"},{"floor":2.0,"key":"SpeedPotion"},{"floor":6.0,"key":"SpeedPotion"},{"floor":8.0,"key":"Strength Potion"}],"is_trial":false,"path_per_floor":["M","M","?","$","M","E","R","E","T","?","R","$","M","E","R","B",null,"M","M","M","M","M","R","?","R","T","E","?","?","R","E","R","B",null,"M","M","T","T","M","R","E","M","T","R","E","M","M","$","R","B",null],"character_chosen":"IRONCLAD","items_purchased":["Spot Weakness","Iron Wave","DollysMirror","Sword Boomerang"],"campfire_rested":3,"item_purchase_floors":[4,12,48,48],"current_hp_per_floor":[60,60,60,60,59,34,34,31,31,31,31,31,21,13,37,31,68,63,62,39,51,38,38,38,62,62,56,56,56,56,69,69,15,64,14,8,8,8,6,30,1,52,52,52,51,57,65,65,65,25],"gold":197,"neow_bonus":"BOSS_RELIC","is_prod":false,"is_daily":false,"chose_seed":false,"campfire_upgraded":5,"win_rate":0,"timestamp":1558648752,"path_taken":["M","M","?","$","M","E","R","E","T","?","R","$","?","E","R","BOSS","M","M","M","M","M","R","?","R","T","E","?","?","R","E","R","BOSS","M","M","?","?","M","R","E","M","T","R","E","M","M","$","R","BOSS"],"build_version":"2019-01-23","purchased_purges":2,"victory":true,"max_hp_per_floor":[80,80,80,80,80,80,80,80,80,80,80,80,80,80,80,80,80,80,80,80,80,80,80,80,80,80,80,80,80,80,80,80,80,80,80,80,80,80,80,80,80,80,80,80,80,80,80,80,80,80],"card_choices":[{"not_picked":["Warcry","Infernal Blade"],"picked":"Rage","floor":1.0},{"not_picked":["Intimidate","Reckless Charge"],"picked":"Flame Barrier","floor":2.0},{"not_picked":["Rupture","Cleave"],"picked":"True Grit","floor":5.0},{"not_picked":["Havoc","Anger"],"picked":"Inflame","floor":6.0},{"not_picked":["Body Slam","Combust","Infernal Blade"],"picked":"SKIP","floor":8.0},{"not_picked":["Anger","Cleave","Second Wind"],"picked":"SKIP","floor":13.0},{"not_picked":["Flex","Rage"],"picked":"Pommel Strike","floor":14.0},{"not_picked":["Offering","Bludgeon"],"picked":"Reaper","floor":16.0},{"not_picked":["Anger","Inflame"],"picked":"Metallicize","floor":18.0},{"not_picked":["Dual Wield","Wild Strike"],"picked":"Twin Strike+1","floor":19.0},{"not_picked":["Burning Pact+1","Cleave"],"picked":"Sword Boomerang","floor":20.0},{"not_picked":["Pommel Strike+1","Clash+1"],"picked":"Limit Break","floor":21.0},{"not_picked":["Cleave+1","Rupture"],"picked":"Battle Trance","floor":22.0},{"not_picked":["Fire Breathing","Barricade"],"picked":"Pommel Strike","floor":27.0},{"not_picked":["Feed","Anger+1"],"picked":"Thunderclap","floor":31.0},{"not_picked":["Exhume","Bludgeon"],"picked":"Impervious","floor":33.0},{"not_picked":["Cleave+1","True Grit"],"picked":"Shrug It Off+1","floor":35},{"not_picked":["Thunderclap+1","Headbutt","Blood for Blood+1"],"picked":"SKIP","floor":36},{"not_picked":["Perfected Strike+1","Warcry"],"picked":"Flex","floor":39},{"not_picked":["Burning Pact+1","Wild Strike"],"picked":"Reaper","floor":41},{"not_picked":["Armaments","Headbutt+1","True Grit+1"],"picked":"SKIP","floor":42},{"not_picked":["Reckless Charge+1","Bludgeon","Dark Embrace"],"picked":"SKIP","floor":45},{"not_picked":["Warcry+1","Thunderclap+1"],"picked":"True Grit+1","floor":46},{"not_picked":["Anger+1","Juggernaut","Rupture+1"],"picked":"SKIP","floor":47}],"player_experience":628143,"relics_obtained":[{"floor":6.0,"key":"Art of War"},{"floor":8.0,"key":"War Paint"},{"floor":9.0,"key":"Tiny Chest"},{"floor":14.0,"key":"Sundial"},{"floor":26.0,"key":"Juzu Bracelet"},{"floor":27.0,"key":"Kunai"},{"floor":31.0,"key":"Anchor"},{"floor":37,"key":"Vajra"},{"floor":38,"key":"Shovel"},{"floor":41,"key":"Ginger"},{"floor":43,"key":"PreservedInsect"},{"floor":44,"key":"Orichalcum"},{"floor":45,"key":"StoneCalendar"},{"floor":49,"key":"Blood Vial"}],"event_choices":[{"cards_removed":["Defend_R"],"damage_healed":0.0,"max_hp_gain":0.0,"max_hp_loss":0.0,"gold_gain":0.0,"event_name":"Living Wall","player_choice":"Forget","floor":3.0,"gold_loss":0.0,"damage_taken":0.0},{"damage_healed":0.0,"max_hp_gain":0.0,"max_hp_loss":0.0,"gold_gain":0.0,"cards_transformed":["Defend_R"],"event_name":"Transmorgrifier","player_choice":"Transformed","floor":10.0,"gold_loss":0.0,"damage_taken":0.0,"cards_obtained":["Spot Weakness"]},{"cards_removed":["Strike_R"],"damage_healed":0.0,"max_hp_gain":0.0,"max_hp_loss":0.0,"gold_gain":0.0,"event_name":"Beggar","player_choice":"Gave Gold","floor":24.0,"gold_loss":75.0,"damage_taken":0.0},{"damage_healed":0.0,"max_hp_gain":0.0,"max_hp_loss":0.0,"gold_gain":0.0,"event_name":"The Library","player_choice":"Read","floor":28.0,"gold_loss":0.0,"damage_taken":0.0,"cards_obtained":["Whirlwind"]},{"damage_healed":0.0,"max_hp_gain":0.0,"max_hp_loss":0.0,"gold_gain":0.0,"event_name":"N\u0027loth","player_choice":"Traded Relic","floor":29.0,"relics_lost":["War Paint"],"gold_loss":0.0,"damage_taken":0.0,"relics_obtained":["Nloth\u0027s Gift"]}],"is_beta":false,"boss_relics":[{"not_picked":["Busted Crown","Cursed Key"],"picked":"Sozu"},{"not_picked":["Coffee Dripper","Astrolabe"],"picked":"Runic Dome"}],"items_purged_floors":[12,48],"is_endless":false,"potions_floor_spawned":[1,2,6,8,20,21,33,35,41,42],"ascension_level":9}