{"path_per_floor":["M","M","?","?","T","E","R","E","T","E","M","$","$","E","R","B",null,"M","M","M","$","?","R","E","R","T","M","?","M","?"],"character_chosen":"IRONCLAD","items_purchased":["Limit Break","Inflame","Oddly Smooth Stone","Regen Potion"],"gold_per_floor":[116,136,136,136,163,192,192,227,227,254,269,36,36,66,66,168,168,185,205,216,17,47,47,76,76,76,90,90,101,16,16],"floor_reached":31,"campfire_rested":2,"playtime":1466,"current_hp_per_floor":[80,80,80,68,68,76,76,69,69,43,51,51,51,24,48,16,64,60,63,35,35,35,35,18,42,49,12,41,26,26,0],"items_purged":[],"gold":16,"score":383,"play_id":"06e04246-1292-4d2b-9677-816de7fa3532","local_time":"20180406211459","is_prod":false,"is_daily":false,"is_ascension_mode":true,"campfire_upgraded":2,"timestamp":1523042099,"path_taken":["M","M","?","?","?","E","R","E","T","E","M","?","$","E","R","BOSS","M","M","M","$","?","R","E","R","T","?","?","M","?","E"],"build_version":"2018-04-05v2","purchased_purges":0,"victory":false,"master_deck":["Strike_R","Strike_R","Strike_R","Strike_R","Strike_R","Defend_R","Defend_R","Defend_R","Defend_R","Bash","Armaments+1","Flex","Limit Break+1","Inflame","Thunderclap","Berserk","Headbutt","Heavy Blade","Sword Boomerang+1","Writhe","Decay","Heavy Blade+1"],"max_hp_per_floor":[80,80,80,80,80,80,80,80,80,80,80,80,80,80,80,80,80,80,80,80,80,80,80,80,80,87,87,87,87,87,87],"relics":["Burning Blood","NeowsBlessing","Dodecahedron","Blood Vial","Art of War","Prayer Wheel","Unceasing Top","Orichalcum","Bronze Scales","Cursed Key","Oddly Smooth Stone","Tiny Chest","Matryoshka","Ancient Tea Set","Strawberry","Ornamental Fan"],"card_choices":[{"not_picked":["Fire Breathing","Wild Strike"],"picked":"Armaments","floor":6.0},{"not_picked":["Second Wind","Sever Soul"],"picked":"Flex","floor":11.0},{"not_picked":["Headbutt","Fire Breathing"],"picked":"Thunderclap","floor":14.0},{"not_picked":["Immolate","Exhume"],"picked":"Berserk","floor":16.0},{"not_picked":["Perfected Strike","Twin Strike"],"picked":"Headbutt","floor":18},{"not_picked":["Anger","Clothesline"],"picked":"Heavy Blade","floor":19},{"not_picked":["Perfected Strike","Fire Breathing"],"picked":"Sword Boomerang","floor":20},{"not_picked":["Combust","Clash"],"picked":"Heavy Blade","floor":29}],"player_experience":232192,"potions_floor_usage":[18,19,20,24,27],"damage_taken":[{"damage":0.0,"enemies":"Small Slimes","floor":1.0,"turns":1.0},{"damage":0.0,"enemies":"2 Louse","floor":2.0,"turns":1.0},{"damage":0.0,"enemies":"Lagavulin","floor":6.0,"turns":1.0},{"damage":20.0,"enemies":"Gremlin Nob","floor":8.0,"turns":4.0},{"damage":34.0,"enemies":"3 Sentries","floor":10.0,"turns":11.0},{"damage":0.0,"enemies":"Jaw Worm","floor":11.0,"turns":3.0},{"damage":35.0,"enemies":"Lagavulin","floor":14.0,"turns":7.0},{"damage":40.0,"enemies":"The Guardian","floor":16.0,"turns":10.0},{"damage":12,"enemies":"Shell Parasite","floor":18,"turns":5},{"damage":5,"enemies":"Spheric Guardian","floor":19,"turns":4},{"damage":36,"enemies":"Snake Plant","floor":20,"turns":4},{"damage":37,"enemies":"Slavers","floor":24,"turns":5},{"damage":45,"enemies":"3 Cultists","floor":27,"turns":6},{"damage":23,"enemies":"Cultist and Chosen","floor":29,"turns":4},{"damage":31,"enemies":"Gremlin Leader","floor":31,"turns":3}],"event_choices":[{"event_name":"Liars Game","player_choice":"disagreed","floor":3.0,"damage_taken":0.0},{"event_name":"Scrap Ooze","player_choice":"success","floor":4.0,"damage_taken":12.0},{"event_name":"The Mausoleum","player_choice":"Yes","floor":22,"damage_taken":0},{"event_name":"The Library","player_choice":"Heal","floor":28,"damage_taken":0},{"event_name":"Addict","player_choice":"Obtained Relic","floor":30,"damage_taken":0}],"boss_relics":[{"not_picked":["Philosopher\u0027s Stone","White Beast Statue"],"picked":"Cursed Key"}],"potions_floor_spawned":[1,8,10,16,18,19,24],"seed_played":"6348265945771794156","killed_by":"Gremlin Leader","ascension_level":5,"is_trial":false}