{"gold_per_floor":[112,112,127,139,154,154,171,171,171,171,185,185,195,224,224,323,323,336,355,355,373,384,384,384],"floor_reached":24,"playtime":1317,"items_purged":[],"score":202,"play_id":"d5950334-aacc-49de-9188-875bdebc65ab","local_time":"20190811232642","is_ascension_mode":false,"campfire_choices":[{"data":"Dualcast","floor":6,"key":"SMITH"},{"data":"Static Discharge","floor":8,"key":"SMITH"},{"data":"Auto Shields","floor":10,"key":"SMITH"},{"floor":12,"key":"REST"},{"floor":15,"key":"REST"},{"data":"Fission","floor":23,"key":"SMITH"}],"neow_cost":"NONE","seed_source_timestamp":38638897243113,"circlet_count":0,"master_deck":["Strike_B","Strike_B","Strike_B","Defend_B","Defend_B","Defend_B","Defend_B","Zap+1","Dualcast+1","Defragment+1","Hello World","Static Discharge+1","Auto Shields+1","Hologram","Fission+1","Ball Lightning","Buffer","Genetic Algorithm","Sunder+1"],"relics":["Cracked Core","PreservedInsect","Inserter"],"potions_floor_usage":[5,14,14,16,19,22],"damage_taken":[{"damage":3,"enemies":"Jaw Worm","floor":1,"turns":3},{"damage":5,"enemies":"Small Slimes","floor":3,"turns":3},{"damage":0,"enemies":"Cultist","floor":4,"turns":3},{"damage":31,"enemies":"Gremlin Gang","floor":5,"turns":5},{"damage":4,"enemies":"Blue Slaver","floor":7,"turns":3},{"damage":12,"enemies":"Exordium Wildlife","floor":11,"turns":4},{"damage":6,"enemies":"3 Louse","floor":13,"turns":3},{"damage":4,"enemies":"Lagavulin","floor":14,"turns":5},{"damage":33,"enemies":"Hexaghost","floor":16,"turns":8},{"damage":10,"enemies":"Shell Parasite","floor":18,"turns":4},{"damage":12,"enemies":"3 Byrds","floor":19,"turns":5},{"damage":35,"enemies":"3 Cultists","floor":21,"turns":5},{"damage":5,"enemies":"Chosen and Byrds","floor":22,"turns":6},{"damage":16,"enemies":"Centurion and Healer","floor":24,"turns":1}],"seed_played":"1311579157317165525","potions_obtained":[{"floor":1,"key":"Strength Potion"},{"floor":3,"key":"SteroidPotion"},{"floor":7,"key":"Ancient Potion"},{"floor":13,"key":"Block Potion"},{"floor":18,"key":"AttackPotion"},{"floor":21,"key":"Poison Potion"}],"is_trial":false,"path_per_floor":["M","?","M","M","M","R","M","R","T","R","M","R","M","E","R","B",null,"M","M","?","M","M","R","M"],"character_chosen":"DEFECT","items_purchased":[],"campfire_rested":2,"item_purchase_floors":[],"current_hp_per_floor":[72,72,67,67,36,36,32,32,32,32,20,42,36,32,54,21,75,65,53,53,18,13,13,0],"gold":384,"neow_bonus":"UPGRADE_CARD","is_prod":false,"is_daily":false,"chose_seed":false,"campfire_upgraded":4,"win_rate":0,"timestamp":1565558802,"path_taken":["M","?","M","M","M","R","M","R","T","R","M","R","M","E","R","BOSS","M","M","?","M","M","R","?"],"build_version":"2019-07-17","purchased_purges":0,"victory":false,"max_hp_per_floor":[75,75,75,75,75,75,75,75,75,75,75,75,75,75,75,75,75,75,75,75,75,75,75,75],"card_choices":[{"not_picked":["BootSequence","Hello World"],"picked":"Defragment","floor":1},{"not_picked":["Streamline","Redo"],"picked":"Hello World","floor":3},{"not_picked":["Fusion","Sweeping Beam","Recycle"],"picked":"SKIP","floor":4},{"not_picked":["Sunder","Conserve Battery"],"picked":"Static Discharge","floor":5},{"not_picked":["Melter","Rebound"],"picked":"Auto Shields","floor":7},{"not_picked":["Rebound","Blizzard"],"picked":"Hologram","floor":11},{"not_picked":["Barrage","Gash","Steam Power"],"picked":"SKIP","floor":13},{"not_picked":["Steam","Aggregate","Rip and Tear"],"picked":"SKIP","floor":14},{"not_picked":["Seek","Meteor Strike"],"picked":"Fission","floor":16},{"not_picked":["Sweeping Beam","Barrage"],"picked":"Ball Lightning","floor":18},{"not_picked":["Stack","Conserve Battery","Sweeping Beam+1"],"picked":"SKIP","floor":19},{"not_picked":["Cold Snap","Ball Lightning"],"picked":"Genetic Algorithm","floor":21},{"not_picked":["Gash","Go for the Eyes+1"],"picked":"Sunder+1","floor":22}],"player_experience":191387,"relics_obtained":[{"floor":14,"key":"PreservedInsect"}],"event_choices":[{"damage_healed":0,"gold_gain":0,"player_choice":"Grow","damage_taken":0,"max_hp_gain":0,"max_hp_loss":0,"event_name":"Living Wall","floor":2,"gold_loss":0,"cards_upgraded":["Defragment"]},{"damage_healed":0,"gold_gain":0,"cards_transformed":["Strike_B"],"player_choice":"Transformed","damage_taken":0,"max_hp_gain":0,"max_hp_loss":0,"event_name":"Transmorgrifier","floor":20,"gold_loss":0,"cards_obtained":["Buffer"]}],"is_beta":false,"boss_relics":[{"not_picked":["Black Star","White Beast Statue"],"picked":"Inserter"}],"items_purged_floors":[],"is_endless":false,"potions_floor_spawned":[1,3,7,13,18,21],"killed_by":"Centurion and Healer","ascension_level":0}