{"gold_per_floor":[117,131,131,131,143,143,4,33,33,68,81,81,101,121,121,225,225,225],"floor_reached":18,"playtime":1076,"items_purged":[],"score":181,"play_id":"2557ac22-0b21-4fae-b70e-75edd66279fa","local_time":"20190814210948","is_ascension_mode":true,"campfire_choices":[{"data":"Flame Barrier","floor":6,"key":"SMITH"},{"data":"True Grit","floor":12,"key":"SMITH"},{"data":"Pommel Strike","floor":15,"key":"SMITH"}],"neow_cost":"NONE","seed_source_timestamp":289897111422042,"circlet_count":0,"master_deck":["Bash","Dark Embrace+1","Shrug It Off","Flame Barrier+1","Feel No Pain","Disarm","True Grit+1","Pommel Strike+1","Demon Form","Blood for Blood","Barricade","Sever Soul","Battle Trance","Evolve","Juggernaut","Bloodletting","Armaments"],"relics":["Burning Blood","Bottled Tornado","Blue Candle","Red Skull","Pandora\u0027s Box"],"potions_floor_usage":[10,16],"damage_taken":[{"damage":9,"enemies":"2 Louse","floor":1,"turns":3},{"damage":5,"enemies":"Small Slimes","floor":2,"turns":4},{"damage":0,"enemies":"Cultist","floor":5,"turns":3},{"damage":16,"enemies":"3 Sentries","floor":8,"turns":11},{"damage":27,"enemies":"Lagavulin","floor":10,"turns":11},{"damage":16,"enemies":"Blue Slaver","floor":11,"turns":5},{"damage":5,"enemies":"Red Slaver","floor":13,"turns":5},{"damage":11,"enemies":"Large Slime","floor":14,"turns":5},{"damage":29,"enemies":"The Guardian","floor":16,"turns":10},{"damage":11,"enemies":"Shell Parasite","floor":18,"turns":3}],"seed_played":"-8148024886568214867","potions_obtained":[{"floor":5,"key":"Weak Potion"},{"floor":11,"key":"SpeedPotion"},{"floor":13,"key":"AttackPotion"},{"floor":14,"key":"EntropicBrew"},{"floor":16,"key":"Dexterity Potion"}],"is_trial":false,"path_per_floor":["M","M","?","?","M","R","$","E","T","E","M","R","M","M","R","B",null,"M"],"character_chosen":"IRONCLAD","items_purchased":["Feel No Pain","Disarm"],"campfire_rested":0,"item_purchase_floors":[7,7],"current_hp_per_floor":[77,78,83,83,85,85,85,75,75,54,44,44,45,40,40,17,85,74],"gold":225,"neow_bonus":"TRANSFORM_CARD","is_prod":false,"is_daily":false,"chose_seed":false,"campfire_upgraded":3,"win_rate":0,"timestamp":1565809788,"path_taken":["M","M","?","?","?","R","$","E","T","E","M","R","M","M","R","BOSS","M"],"build_version":"2019-07-17","purchased_purges":0,"victory":false,"max_hp_per_floor":[80,80,85,85,85,85,85,85,85,85,85,85,85,85,85,85,85,85],"card_choices":[{"not_picked":["Headbutt","Whirlwind"],"picked":"Shrug It Off","floor":1},{"not_picked":["Iron Wave","Anger"],"picked":"Flame Barrier","floor":2},{"not_picked":["Thunderclap","Battle Trance","Rupture"],"picked":"SKIP","floor":5},{"not_picked":["Bloodletting","Flex","Iron Wave"],"picked":"SKIP","floor":8},{"not_picked":["Thunderclap","Fire Breathing"],"picked":"True Grit","floor":10},{"not_picked":["Heavy Blade","Rampage"],"picked":"Pommel Strike","floor":11},{"not_picked":["Body Slam","Berserk","Headbutt"],"picked":"SKIP","floor":13},{"not_picked":["Rage","Anger","Clothesline"],"picked":"SKIP","floor":14},{"not_picked":["Bludgeon","Offering"],"picked":"Demon Form","floor":16}],"player_experience":204580,"relics_obtained":[{"floor":8,"key":"Bottled Tornado"},{"floor":9,"key":"Blue Candle"},{"floor":10,"key":"Red Skull"}],"event_choices":[{"damage_healed":0,"gold_gain":0,"player_choice":"Donut","damage_taken":0,"max_hp_gain":5,"max_hp_loss":0,"event_name":"Big Fish","floor":3,"gold_loss":0},{"damage_healed":0,"gold_gain":0,"player_choice":"Upgraded","damage_taken":0,"max_hp_gain":0,"max_hp_loss":0,"event_name":"Upgrade Shrine","floor":4,"gold_loss":0,"cards_upgraded":["Dark Embrace"]}],"is_beta":false,"boss_relics":[{"not_picked":["Runic Cube","Empty Cage"],"picked":"Pandora\u0027s Box"}],"items_purged_floors":[],"is_endless":false,"potions_floor_spawned":[5,11,13,14,16],"killed_by":"Shell Parasite","ascension_level":1}