{"gold_per_floor":[19,19,30,49,65,65,93,93,93,93,93,93,117,135,135,258,258,281,281,28,42,60,60,75,75,75,75,99,139,160,160,160,281,281,301,301,128,144,477,477,71,71,71,106,116,16,26,36,36,36],"floor_reached":51,"playtime":1955,"items_purged":["Strike_R","Strike_R","Strike_R"],"score":918,"play_id":"131ac9f1-9e23-4a1a-854b-7644e022d258","local_time":"20190921015228","is_ascension_mode":true,"campfire_choices":[{"data":"1","floor":6,"key":"LIFT"},{"data":"2","floor":8,"key":"LIFT"},{"data":"3","floor":12,"key":"LIFT"},{"data":"Heavy Blade","floor":15,"key":"SMITH"},{"floor":23,"key":"REST"},{"floor":25,"key":"REST"},{"floor":27,"key":"REST"},{"floor":32,"key":"REST"},{"floor":40,"key":"REST"},{"floor":42,"key":"RECALL"},{"floor":49,"key":"REST"}],"neow_cost":"NO_GOLD","seed_source_timestamp":726643543664741,"circlet_count":0,"master_deck":["Strike_R+1","Strike_R+1","Defend_R","Defend_R","Defend_R","Defend_R","Bash","Shrug It Off","Twin Strike","Heavy Blade+1","Limit Break","Pommel Strike","Flex","Master of Strategy","Ghostly Armor","Headbutt+1","Flex+1","Heavy Blade","True Grit+1","Spot Weakness","Impervious","Power Through","Necronomicurse","Clothesline+1","Impervious","Uppercut","Metallicize","Pommel Strike+1","Offering","Limit Break","Metallicize+1","Impervious","Pummel+1","Limit Break"],"relics":["Burning Blood","Girya","Dream Catcher","Question Card","Calling Bell","Bronze Scales","Paper Frog","StoneCalendar","Shuriken","The Courier","Necronomicon","Fusion Hammer","DollysMirror","Omamori","Blue Candle"],"potions_floor_usage":[7,16,22,28,29,48,50,50],"damage_taken":[{"damage":0,"enemies":"Small Slimes","floor":1,"turns":3},{"damage":1,"enemies":"Cultist","floor":3,"turns":3},{"damage":8,"enemies":"Jaw Worm","floor":4,"turns":4},{"damage":9,"enemies":"2 Fungi Beasts","floor":5,"turns":4},{"damage":8,"enemies":"Gremlin Nob","floor":7,"turns":3},{"damage":1,"enemies":"Exordium Thugs","floor":13,"turns":3},{"damage":15,"enemies":"Gremlin Gang","floor":14,"turns":3},{"damage":25,"enemies":"Hexaghost","floor":16,"turns":8},{"damage":25,"enemies":"2 Thieves","floor":18,"turns":3},{"damage":1,"enemies":"Spheric Guardian","floor":21,"turns":3},{"damage":43,"enemies":"Shelled Parasite and Fungi","floor":22,"turns":7},{"damage":21,"enemies":"Centurion and Healer","floor":24,"turns":4},{"damage":0,"enemies":"Snake Plant","floor":28,"turns":2},{"damage":29,"enemies":"Slavers","floor":29,"turns":4},{"damage":12,"enemies":"Snecko","floor":30,"turns":5},{"damage":81,"enemies":"Automaton","floor":33,"turns":7},{"damage":0,"enemies":"Orb Walker","floor":35,"turns":2},{"damage":0,"enemies":"3 Shapes","floor":38,"turns":4},{"damage":6,"enemies":"Nemesis","floor":44,"turns":3},{"damage":19,"enemies":"Spire Growth","floor":45,"turns":2},{"damage":11,"enemies":"Writhing Mass","floor":47,"turns":3},{"damage":9,"enemies":"Maw","floor":48,"turns":5},{"damage":41,"enemies":"Time Eater","floor":50,"turns":4}],"seed_played":"-5534006993783095812","potions_obtained":[{"floor":1,"key":"Ancient Potion"},{"floor":2,"key":"Fire Potion"},{"floor":2,"key":"LiquidBronze"},{"floor":2,"key":"Fire Potion"},{"floor":5,"key":"FairyPotion"},{"floor":7,"key":"PowerPotion"},{"floor":14,"key":"Swift Potion"},{"floor":18,"key":"Explosive Potion"},{"floor":21,"key":"SpeedPotion"},{"floor":24,"key":"GamblersBrew"},{"floor":33,"key":"SkillPotion"},{"floor":35,"key":"SkillPotion"},{"floor":44,"key":"FearPotion"},{"floor":48,"key":"Dexterity Potion"}],"is_trial":false,"path_per_floor":["M","?","M","M","M","R","E","R","T","?","?","R","M","M","R","B",null,"M","?","$","M","M","R","M","R","T","R","M","E","M","?","R","B",null,"M","?","$","M","?","R","$","R","T","E","M","$","M","M","R","B",null],"character_chosen":"IRONCLAD","items_purchased":["Flex","Master of Strategy","Ghostly Armor","Uppercut","Metallicize","Offering","DollysMirror","Weak Potion"],"campfire_rested":6,"item_purchase_floors":[20,20,20,37,37,41,41,41],"current_hp_per_floor":[80,80,80,78,75,75,73,73,73,53,37,37,42,33,33,14,64,45,45,45,50,13,37,22,46,46,70,76,53,47,31,55,14,64,70,70,70,76,76,80,80,80,80,80,67,67,62,59,80,45],"gold":36,"neow_bonus":"ONE_RARE_RELIC","is_prod":false,"is_daily":false,"chose_seed":false,"campfire_upgraded":1,"win_rate":0,"timestamp":1569023548,"path_taken":["M","?","M","?","M","R","E","R","T","?","?","R","M","?","R","BOSS","M","?","$","M","?","R","M","R","T","R","M","E","M","?","R","BOSS","M","?","$","?","?","R","$","R","T","E","M","$","M","M","R","BOSS"],"build_version":"2019-07-17","purchased_purges":3,"victory":true,"max_hp_per_floor":[80,80,80,80,80,80,80,80,80,80,80,80,80,80,80,80,80,80,80,80,80,80,80,80,80,80,80,80,80,80,80,80,80,80,80,80,80,80,80,80,80,80,80,80,80,80,80,80,80,80],"card_choices":[{"not_picked":["Dual Wield","Headbutt","Thunderclap"],"picked":"SKIP","floor":1},{"not_picked":["Body Slam","Dropkick"],"picked":"Shrug It Off","floor":3},{"not_picked":["Power Through","Shrug It Off"],"picked":"Twin Strike","floor":4},{"not_picked":["True Grit","Fire Breathing","Carnage"],"picked":"SKIP","floor":5},{"not_picked":["Hemokinesis","Clothesline","Feel No Pain"],"picked":"SKIP","floor":7},{"not_picked":["Headbutt","Clash","Reckless Charge","Sever Soul"],"picked":"SKIP","floor":13},{"not_picked":["Cleave","Perfected Strike","Thunderclap"],"picked":"Heavy Blade","floor":14},{"not_picked":["Fiend Fire","Barricade","Bludgeon"],"picked":"Limit Break","floor":16},{"not_picked":["Evolve+1","Bloodletting","Thunderclap"],"picked":"Pommel Strike","floor":18},{"not_picked":["Anger","Berserk","Perfected Strike+1"],"picked":"Headbutt+1","floor":21},{"not_picked":["Body Slam","Thunderclap","Power Through"],"picked":"Flex+1","floor":22},{"not_picked":["Armaments","Wild Strike+1","Pommel Strike"],"picked":"Heavy Blade","floor":24},{"not_picked":["Pommel Strike","Havoc","Headbutt"],"picked":"True Grit+1","floor":25},{"not_picked":["Havoc+1","Sever Soul","Twin Strike"],"picked":"Spot Weakness","floor":27},{"not_picked":["Cleave","Shockwave","Reckless Charge"],"picked":"Impervious","floor":28},{"not_picked":["Shrug It Off","Clothesline+1","Immolate"],"picked":"Power Through","floor":29},{"not_picked":["Headbutt","Shrug It Off","Fire Breathing+1","Warcry"],"picked":"SKIP","floor":30},{"not_picked":["Combust","Feel No Pain","Reckless Charge+1"],"picked":"Clothesline+1","floor":32},{"not_picked":["Exhume","Barricade","Immolate"],"picked":"Impervious","floor":33},{"not_picked":["Iron Wave+1","Havoc","Sword Boomerang+1","Pommel Strike+1"],"picked":"SKIP","floor":35},{"not_picked":["Fire Breathing+1","Pommel Strike","Infernal Blade","Rupture+1"],"picked":"SKIP","floor":38},{"not_picked":["Entrench","Wild Strike","Combust+1"],"picked":"Pommel Strike+1","floor":40},{"not_picked":["Rupture+1","Power Through","Iron Wave+1"],"picked":"Metallicize+1","floor":44},{"not_picked":["Wild Strike+1","Heavy Blade+1","Flex+1"],"picked":"Impervious","floor":45},{"not_picked":["Anger","Twin Strike+1","Rampage"],"picked":"Pummel+1","floor":47},{"not_picked":["Ghostly Armor","Twin Strike+1","Sentinel+1","Pommel Strike+1"],"picked":"SKIP","floor":48},{"not_picked":["Flex+1","Wild Strike","Armaments+1"],"picked":"Limit Break","floor":49}],"player_experience":281527,"relics_obtained":[{"floor":7,"key":"Dream Catcher"},{"floor":9,"key":"Question Card"},{"floor":17,"key":"Bronze Scales"},{"floor":17,"key":"Paper Frog"},{"floor":17,"key":"StoneCalendar"},{"floor":26,"key":"Shuriken"},{"floor":29,"key":"The Courier"},{"floor":31,"key":"Necronomicon"},{"floor":43,"key":"Omamori"},{"floor":44,"key":"Blue Candle"}],"event_choices":[{"damage_healed":0,"gold_gain":0,"player_choice":"Got Potions","damage_taken":0,"max_hp_gain":0,"max_hp_loss":0,"event_name":"Lab","floor":2,"gold_loss":0},{"damage_healed":0,"gold_gain":0,"player_choice":"Take Damage","damage_taken":20,"relics_obtained":["Golden Idol"],"max_hp_gain":0,"max_hp_loss":0,"event_name":"Golden Idol","floor":10,"gold_loss":0},{"damage_healed":0,"gold_gain":0,"player_choice":"Entered Light","damage_taken":16,"max_hp_gain":0,"max_hp_loss":0,"event_name":"Shining Light","floor":11,"gold_loss":0,"cards_upgraded":["Strike_R","Strike_R"]},{"cards_removed":["Decay","Regret","Injury"],"damage_healed":0,"gold_gain":0,"player_choice":"Removed Curses","damage_taken":0,"max_hp_gain":0,"max_hp_loss":0,"event_name":"Fountain of Cleansing","floor":19,"gold_loss":0},{"damage_healed":0,"gold_gain":0,"player_choice":"Obtained Book","damage_taken":16,"max_hp_gain":0,"max_hp_loss":0,"event_name":"Cursed Tome","floor":31,"gold_loss":0},{"damage_healed":0,"gold_gain":0,"player_choice":"Ignored","damage_taken":0,"max_hp_gain":0,"max_hp_loss":0,"event_name":"SecretPortal","floor":36,"gold_loss":0},{"damage_healed":0,"gold_gain":333,"player_choice":"Gave Idol","damage_taken":0,"max_hp_gain":0,"max_hp_loss":0,"event_name":"The Moai Head","floor":39,"relics_lost":["Golden Idol"],"gold_loss":0}],"is_beta":false,"boss_relics":[{"not_picked":["Coffee Dripper","Astrolabe"],"picked":"Calling Bell"},{"not_picked":["Runic Cube","Snecko Eye"],"picked":"Fusion Hammer"}],"items_purged_floors":[37,41,46],"is_endless":false,"potions_floor_spawned":[1,5,7,14,18,21,24,33,35,44,48],"ascension_level":5}