{"path_per_floor":["M","?","$","M","M","R","E","R","T","R","E","M","?","M","R","B",null,"M","?","?","$","M","E","M","M","T","R","E","M","$","M","R","B",null,"M","$","M","T","M","?","R","E","T","R","E","$","M","M","R","B"],"character_chosen":"THE_SILENT","items_purchased":["Noxious Fumes","Caltrops","Dodge and Roll","Apotheosis"],"gold_per_floor":[115,190,37,48,62,62,90,90,116,116,149,163,163,173,173,274,274,285,285,200,100,118,148,162,181,181,181,214,226,9,20,20,119,119,129,129,146,223,234,234,234,261,307,307,365,28,48,60,60,60],"floor_reached":51,"campfire_rested":4,"playtime":3019,"current_hp_per_floor":[63,52,52,52,50,50,43,43,43,63,44,43,63,63,63,54,61,60,60,60,60,60,60,42,40,40,40,21,21,21,21,54,46,57,57,57,42,42,42,42,42,18,18,51,53,53,35,30,60,19],"items_purged":["Strike_G","Strike_G","Parasite","Strike_G"],"gold":60,"score":1047,"play_id":"75019662-8828-42db-8abe-606c1026d905","local_time":"20180314180516","is_prod":false,"is_daily":false,"is_ascension_mode":true,"campfire_upgraded":5,"timestamp":1521047116,"path_taken":["M","?","$","M","M","R","E","R","T","R","E","M","?","M","R","BOSS","M","?","?","$","M","E","M","?","T","R","E","M","$","M","R","BOSS","M","$","M","?","M","?","R","E","T","R","E","$","?","M","R","BOSS"],"build_version":"2018-03-09","purchased_purges":4,"victory":true,"master_deck":["Defend_G","Defend_G","Defend_G","Defend_G","Defend_G","Strike_G","Strike_G","Survivor","Neutralize+1","Poisoned Stab","Noxious Fumes+1","Noxious Fumes+1","Adrenaline","Leg Sweep","Escape Plan","Catalyst+1","Blur","Concentrate+1","Backflip+1","Quick Slash","Footwork+1","Dash","Caltrops","Dodge and Roll","Adrenaline","Backflip","Clumsy","Clumsy","Infinite Blades","Apotheosis","Catalyst"],"max_hp_per_floor":[63,63,63,63,63,63,63,63,63,63,63,63,63,63,63,63,63,63,63,63,63,63,63,63,63,63,63,63,63,60,60,60,60,60,60,60,60,60,60,60,60,60,60,60,60,60,60,60,60,60],"relics":["Ring of the Snake","Sundial","Bronze Scales","Regal Pillow","Paper Crane","Cursed Key","Vajra","Orichalcum","Mummified Hand","Bag of Preparation","Sozu","Molten Egg 2","Happy Flower","Blood Vial","Tiny Chest"],"card_choices":[{"not_picked":["Deflect","Slice"],"picked":"Poisoned Stab"},{"not_picked":["Riddle With Holes","Backstab"],"picked":"Noxious Fumes"},{"not_picked":["Bane","Bouncing Flask"],"picked":"Adrenaline"},{"not_picked":["Accuracy","Distraction"],"picked":"Leg Sweep"},{"not_picked":["Acrobatics","Dodge and Roll"],"picked":"Escape Plan"},{"not_picked":["Riddle With Holes","Poisoned Stab"],"picked":"Catalyst"},{"not_picked":["Eviscerate","Dagger Throw"],"picked":"Blur"},{"not_picked":["Poisoned Stab","Underhanded Strike"],"picked":"Concentrate"},{"not_picked":["Skewer","Prepared"],"picked":"Backflip"},{"not_picked":["Acrobatics","Terror"],"picked":"Quick Slash"},{"not_picked":["Unload","Outmaneuver"],"picked":"Footwork"},{"not_picked":["Flying Knee","Quick Slash"],"picked":"Dash"},{"not_picked":["After Image","Doppelganger"],"picked":"Adrenaline"},{"not_picked":["PiercingWail","Bane"],"picked":"Backflip"},{"not_picked":["Setup","Cloak And Dagger"],"picked":"Infinite Blades"},{"not_picked":["Flying Knee","Prepared"],"picked":"Catalyst"}],"player_experience":212420,"potions_floor_usage":[14,23,24,31,33,39,48,50],"damage_taken":[{"damage":0,"enemies":"Jaw Worm","floor":1,"turns":6},{"damage":0,"enemies":"Small Slimes","floor":4,"turns":3},{"damage":2,"enemies":"2 Louse","floor":5,"turns":4},{"damage":7,"enemies":"3 Sentries","floor":7,"turns":6},{"damage":19,"enemies":"Lagavulin","floor":11,"turns":6},{"damage":1,"enemies":"2 Fungi Beasts","floor":12,"turns":3},{"damage":0,"enemies":"Large Slime","floor":14,"turns":5},{"damage":9,"enemies":"Slime Boss","floor":16,"turns":8},{"damage":1,"enemies":"3 Byrds","floor":18,"turns":3},{"damage":0,"enemies":"2 Thieves","floor":22,"turns":4},{"damage":0,"enemies":"Gremlin Leader","floor":23,"turns":6},{"damage":18,"enemies":"Snake Plant","floor":24,"turns":3},{"damage":2,"enemies":"3 Cultists","floor":25,"turns":5},{"damage":19,"enemies":"Slavers","floor":28,"turns":5},{"damage":0,"enemies":"Sentry and Sphere","floor":29,"turns":5},{"damage":0,"enemies":"Chosen and Byrds","floor":31,"turns":7},{"damage":8,"enemies":"Collector","floor":33,"turns":8},{"damage":0,"enemies":"Orb Walker","floor":35,"turns":4},{"damage":15,"enemies":"3 Darklings","floor":37,"turns":4},{"damage":0,"enemies":"Maw","floor":39,"turns":8},{"damage":24,"enemies":"2 Orb Walkers","floor":42,"turns":5},{"damage":0,"enemies":"Giant Head","floor":45,"turns":9},{"damage":20,"enemies":"4 Shapes","floor":47,"turns":5},{"damage":7,"enemies":"Sphere and 2 Shapes","floor":48,"turns":5},{"damage":41,"enemies":"Awakened One","floor":50,"turns":15}],"event_choices":[{"event_name":"World of Goop","player_choice":"Gather Gold","floor":2,"damage_taken":0},{"event_name":"Big Fish","player_choice":"Banana","floor":13,"damage_taken":0},{"event_name":"Vampires","player_choice":"Ignored","floor":19,"damage_taken":0},{"event_name":"Addict","player_choice":"Obtained Relic","floor":20,"damage_taken":0},{"event_name":"The Lab","player_choice":"Got Potions","floor":40,"damage_taken":0}],"boss_relics":[{"not_picked":["White Beast Statue","Snecko Eye"],"picked":"Cursed Key"},{"not_picked":["Calling Bell","Eternal Feather"],"picked":"Sozu"}],"potions_floor_spawned":[5,7,11,14,23,29,31,33,35,42,48],"seed_played":"-1981864737763139850","ascension_level":7,"is_trial":false}