{"gold_per_floor":[119,129,56,73,91,118,118,118,118,138,138,151,151,181,181,283,283,294,294,294,98,98,98,132,132,158,170,202,202,217,61,61,161,161,176,195,240,252,252,284,284,311,311,339,371,383,395,427,439,451],"floor_reached":51,"playtime":2327,"items_purged":["Defend_R"],"score":1101,"play_id":"a0cae06f-ae24-44f6-b404-9ee605babd4e","local_time":"20191004230104","is_ascension_mode":true,"campfire_choices":[{"data":"Double Tap","floor":8,"key":"SMITH"},{"data":"Intimidate","floor":11,"key":"SMITH"},{"data":"Perfected Strike","floor":15,"key":"SMITH"},{"data":"Perfected Strike","floor":23,"key":"SMITH"},{"data":"Perfected Strike","floor":25,"key":"SMITH"},{"data":"Whirlwind","floor":32,"key":"SMITH"},{"data":"Shockwave","floor":41,"key":"SMITH"},{"data":"Offering","floor":46,"key":"SMITH"},{"data":"Ghostly","floor":49,"key":"SMITH"}],"neow_cost":"TEN_PERCENT_HP_LOSS","seed_source_timestamp":514709937486644,"circlet_count":0,"master_deck":["Strike_R+1","Strike_R+1","Strike_R","Strike_R","Strike_R","Defend_R","Defend_R","Bash","Bludgeon+1","Perfected Strike+1","Double Tap+1","Perfected Strike+1","Shrug It Off","Intimidate+1","Shockwave+1","Perfected Strike+1","Offering+1","Ghostly","Ghostly","Ghostly","Ghostly","Ghostly+1","Whirlwind+1"],"relics":["Burning Blood","Meat on the Bone","Ornamental Fan","Pear","Omamori","Busted Crown","Blood Vial","Ginger","Strawberry","Ice Cream","Velvet Choker","Girya","Centennial Puzzle","Whetstone","Question Card","MawBank"],"potions_floor_usage":[6,16,24,28,44,48,50,50],"damage_taken":[{"damage":8,"enemies":"Jaw Worm","floor":1,"turns":4},{"damage":0,"enemies":"Cultist","floor":2,"turns":2},{"damage":0,"enemies":"Small Slimes","floor":4,"turns":2},{"damage":11,"enemies":"Looter","floor":5,"turns":4},{"damage":20,"enemies":"3 Sentries","floor":6,"turns":7},{"damage":8,"enemies":"Blue Slaver","floor":10,"turns":2},{"damage":0,"enemies":"Large Slime","floor":12,"turns":4},{"damage":8,"enemies":"Gremlin Nob","floor":14,"turns":3},{"damage":43,"enemies":"Hexaghost","floor":16,"turns":7},{"damage":3,"enemies":"Chosen","floor":18,"turns":3},{"damage":15,"enemies":"Slavers","floor":24,"turns":4},{"damage":6,"enemies":"3 Byrds","floor":27,"turns":4},{"damage":21,"enemies":"Book of Stabbing","floor":28,"turns":4},{"damage":3,"enemies":"Shelled Parasite and Fungi","floor":30,"turns":4},{"damage":7,"enemies":"Collector","floor":33,"turns":7},{"damage":3,"enemies":"3 Darklings","floor":35,"turns":3},{"damage":6,"enemies":"3 Shapes","floor":36,"turns":4},{"damage":10,"enemies":"2 Orb Walkers","floor":37,"turns":4},{"damage":5,"enemies":"Sphere and 2 Shapes","floor":38,"turns":6},{"damage":2,"enemies":"Giant Head","floor":40,"turns":6},{"damage":5,"enemies":"Reptomancer","floor":42,"turns":4},{"damage":23,"enemies":"Nemesis","floor":44,"turns":5},{"damage":8,"enemies":"Maw","floor":45,"turns":4},{"damage":6,"enemies":"Jaw Worm Horde","floor":48,"turns":1},{"damage":43,"enemies":"Donu and Deca","floor":50,"turns":7}],"seed_played":"-1532949644424691856","potions_obtained":[{"floor":1,"key":"Explosive Potion"},{"floor":4,"key":"Dexterity Potion"},{"floor":12,"key":"LiquidBronze"},{"floor":16,"key":"BloodPotion"},{"floor":27,"key":"EssenceOfSteel"},{"floor":30,"key":"Regen Potion"},{"floor":35,"key":"Energy Potion"},{"floor":38,"key":"Energy Potion"},{"floor":45,"key":"Explosive Potion"}],"is_trial":false,"path_per_floor":["M","M","$","M","M","E","?","R","T","M","R","M","?","E","R","B",null,"M","?","?","$","?","R","E","R","T","M","E","?","M","$","R","B",null,"M","M","?","M","?","E","R","E","T","E","M","R","?","M","R","B",null],"character_chosen":"IRONCLAD","items_purchased":["Perfected Strike","Shrug It Off","Blood Vial","Block Potion","Whirlwind"],"campfire_rested":0,"item_purchase_floors":[3,3,21,21,31],"current_hp_per_floor":[70,72,72,72,67,53,53,53,53,51,51,57,67,65,65,40,72,75,59,59,59,59,59,52,52,59,61,71,47,47,47,47,46,47,47,47,43,46,46,47,47,47,47,42,42,42,42,44,44,21],"gold":463,"neow_bonus":"THREE_RARE_CARDS","is_prod":false,"is_daily":false,"chose_seed":false,"campfire_upgraded":9,"win_rate":0,"timestamp":1570222864,"path_taken":["M","M","$","M","M","E","?","R","T","?","R","M","?","E","R","BOSS","M","?","?","?","?","R","E","R","T","M","E","?","M","?","R","BOSS","M","M","?","M","?","E","R","E","T","E","M","R","?","M","R","BOSS"],"build_version":"2019-07-17","purchased_purges":1,"victory":true,"max_hp_per_floor":[72,72,72,72,72,72,72,72,72,72,72,72,82,82,82,82,82,82,87,87,87,87,87,87,87,94,94,94,47,47,47,47,47,47,47,47,47,47,47,47,47,47,47,47,47,47,47,47,47,47],"card_choices":[{"not_picked":["Dark Embrace","Brutality"],"picked":"Bludgeon","floor":0},{"not_picked":["Reckless Charge","Heavy Blade"],"picked":"Perfected Strike","floor":1},{"not_picked":["Body Slam","Metallicize"],"picked":"Double Tap","floor":2},{"not_picked":["Spot Weakness","Clash"],"picked":"Intimidate","floor":4},{"not_picked":["Cleave","Havoc","Iron Wave"],"picked":"SKIP","floor":5},{"not_picked":["True Grit","Carnage"],"picked":"Shockwave","floor":6},{"not_picked":["Shockwave","Pummel"],"picked":"Perfected Strike","floor":10},{"not_picked":["Sever Soul","Iron Wave","Thunderclap"],"picked":"SKIP","floor":12},{"not_picked":["Searing Blow","Hemokinesis","Body Slam"],"picked":"SKIP","floor":14},{"not_picked":["Impervious","Immolate"],"picked":"Offering","floor":16},{"not_picked":["Headbutt"],"picked":"SKIP","floor":18},{"not_picked":["Heavy Blade+1"],"picked":"SKIP","floor":24},{"not_picked":["Pummel"],"picked":"SKIP","floor":27},{"not_picked":["Wild Strike"],"picked":"SKIP","floor":28},{"not_picked":["Armaments"],"picked":"SKIP","floor":30},{"not_picked":["Body Slam"],"picked":"SKIP","floor":35},{"not_picked":["Havoc"],"picked":"SKIP","floor":36},{"not_picked":["Twin Strike+1"],"picked":"SKIP","floor":38},{"not_picked":["Twin Strike+1"],"picked":"SKIP","floor":38},{"not_picked":["Twin Strike+1"],"picked":"SKIP","floor":38},{"not_picked":["Perfected Strike"],"picked":"SKIP","floor":40},{"not_picked":["Havoc+1"],"picked":"SKIP","floor":42},{"not_picked":["Havoc+1"],"picked":"SKIP","floor":42},{"not_picked":["Fiend Fire","Metallicize"],"picked":"SKIP","floor":44},{"not_picked":["Combust","Dropkick"],"picked":"SKIP","floor":45},{"not_picked":["Dropkick+1","Twin Strike"],"picked":"SKIP","floor":48}],"player_experience":349179,"relics_obtained":[{"floor":6,"key":"Meat on the Bone"},{"floor":9,"key":"Ornamental Fan"},{"floor":14,"key":"Omamori"},{"floor":24,"key":"Ginger"},{"floor":26,"key":"Strawberry"},{"floor":28,"key":"Ice Cream"},{"floor":37,"key":"Girya"},{"floor":40,"key":"Centennial Puzzle"},{"floor":42,"key":"Whetstone"},{"floor":43,"key":"Question Card"},{"floor":44,"key":"MawBank"}],"event_choices":[{"damage_healed":0,"gold_gain":0,"player_choice":"Upgraded","damage_taken":0,"max_hp_gain":0,"max_hp_loss":0,"event_name":"Upgrade Shrine","floor":7,"gold_loss":0,"cards_upgraded":["Bludgeon"]},{"damage_healed":0,"gold_gain":0,"player_choice":"Searched \u00271\u0027 times","damage_taken":0,"relics_obtained":["Pear"],"max_hp_gain":0,"max_hp_loss":0,"event_name":"Dead Adventurer","floor":13,"gold_loss":0},{"damage_healed":0,"gold_gain":0,"player_choice":"Shed Blood","damage_taken":21,"max_hp_gain":5,"max_hp_loss":0,"event_name":"Forgotten Altar","floor":19,"gold_loss":0},{"damage_healed":0,"gold_gain":0,"player_choice":"Ignored","damage_taken":0,"max_hp_gain":0,"max_hp_loss":0,"event_name":"Vampires","floor":20,"gold_loss":0},{"damage_healed":0,"gold_gain":0,"player_choice":"Ignored","damage_taken":0,"max_hp_gain":0,"max_hp_loss":0,"event_name":"Beggar","floor":22,"gold_loss":0},{"damage_healed":0,"gold_gain":0,"player_choice":"Became a Ghost","damage_taken":0,"max_hp_gain":0,"max_hp_loss":47,"event_name":"Ghosts","floor":29,"gold_loss":0,"cards_obtained":["Ghostly","Ghostly","Ghostly","Ghostly","Ghostly"]},{"damage_healed":0,"gold_gain":0,"player_choice":"Fight","damage_taken":0,"max_hp_gain":0,"max_hp_loss":0,"event_name":"Mysterious Sphere","floor":37,"gold_loss":0},{"damage_healed":0,"gold_gain":0,"player_choice":"Ignored","damage_taken":0,"max_hp_gain":0,"max_hp_loss":0,"event_name":"Tomb of Lord Red Mask","floor":39,"gold_loss":0},{"cards_removed":["Defend_R"],"damage_healed":0,"gold_gain":0,"player_choice":"Removed Skill","damage_taken":0,"max_hp_gain":0,"max_hp_loss":0,"event_name":"Falling","floor":47,"gold_loss":0}],"is_beta":false,"boss_relics":[{"not_picked":["Fusion Hammer","Pandora\u0027s Box"],"picked":"Busted Crown"},{"not_picked":["Orrery","Eternal Feather"],"picked":"Velvet Choker"}],"items_purged_floors":[31],"is_endless":false,"potions_floor_spawned":[1,4,12,16,27,30,35,38,40,45],"ascension_level":8}