{"gold_per_floor":[111,130,130,55,55,55,83,83,83,113,113,129,11,25,25,25],"floor_reached":16,"playtime":472,"items_purged":["Regret"],"score":157,"play_id":"5beeca84-fb91-4e6d-ab03-a8e04eaa8982","local_time":"20190320012203","is_ascension_mode":true,"campfire_choices":[{"data":"Barricade","floor":6,"key":"SMITH"},{"data":"Shrug It Off","floor":8,"key":"SMITH"},{"floor":11,"key":"REST"},{"data":"Uppercut","floor":15,"key":"SMITH"}],"neow_cost":"TEN_PERCENT_HP_LOSS","seed_source_timestamp":510394847794977,"circlet_count":0,"master_deck":["AscendersBane","Strike_R","Strike_R","Strike_R","Strike_R","Strike_R","Defend_R","Defend_R","Defend_R","Bash","Shrug It Off+1","Headbutt","Barricade+1","Immolate","Cleave","Feed","Battle Trance","Rampage","Uppercut+1"],"relics":["Burning Blood","Unceasing Top","Centennial Puzzle","Happy Flower","Lantern","Odd Mushroom"],"potions_floor_usage":[16],"damage_taken":[{"damage":6,"enemies":"Cultist","floor":1,"turns":4},{"damage":4,"enemies":"2 Louse","floor":2,"turns":4},{"damage":55,"enemies":"Lagavulin","floor":7,"turns":9},{"damage":13,"enemies":"The Mushroom Lair","floor":10,"turns":3},{"damage":1,"enemies":"Jaw Worm","floor":12,"turns":2},{"damage":6,"enemies":"Looter","floor":14,"turns":2},{"damage":46,"enemies":"Hexaghost","floor":16,"turns":9}],"seed_played":"-2184729203151371459","potions_obtained":[{"floor":14,"key":"EssenceOfSteel"}],"is_trial":false,"path_per_floor":["M","M","?","$","?","R","E","R","T","?","R","M","$","M","R","B"],"character_chosen":"IRONCLAD","items_purchased":["Battle Trance","Rampage"],"campfire_rested":1,"item_purchase_floors":[13,13],"current_hp_per_floor":[72,72,72,72,72,72,23,23,23,16,37,42,42,45,45,0],"gold":25,"neow_bonus":"ONE_RARE_RELIC","is_prod":false,"is_daily":false,"chose_seed":false,"campfire_upgraded":3,"win_rate":0,"timestamp":1553012523,"path_taken":["M","M","?","$","?","R","E","R","T","?","R","M","?","M","R","BOSS"],"build_version":"2019-01-23","purchased_purges":1,"victory":false,"max_hp_per_floor":[72,72,72,72,72,72,72,72,72,72,72,72,72,75,75,75],"card_choices":[{"not_picked":["Heavy Blade","Wild Strike"],"picked":"Shrug It Off","floor":1},{"not_picked":["Second Wind","Clash"],"picked":"Headbutt","floor":2},{"not_picked":["Anger","Second Wind"],"picked":"Immolate","floor":7},{"not_picked":["Anger","Heavy Blade"],"picked":"Cleave","floor":10},{"not_picked":["Warcry","Anger"],"picked":"Feed","floor":12},{"not_picked":["Pommel Strike","Armaments"],"picked":"Uppercut","floor":14}],"player_experience":581058,"relics_obtained":[{"floor":7,"key":"Happy Flower"},{"floor":9,"key":"Lantern"},{"floor":10,"key":"Odd Mushroom"}],"event_choices":[{"damage_healed":0,"gold_gain":0,"player_choice":"Box","damage_taken":0,"relics_obtained":["Centennial Puzzle"],"max_hp_gain":0,"max_hp_loss":0,"event_name":"Big Fish","floor":3,"gold_loss":0,"cards_obtained":["Regret"]},{"damage_healed":0,"gold_gain":0,"cards_transformed":["Defend_R"],"player_choice":"Change","damage_taken":0,"max_hp_gain":0,"max_hp_loss":0,"event_name":"Living Wall","floor":5,"gold_loss":0,"cards_obtained":["Barricade"]},{"damage_healed":0,"gold_gain":0,"player_choice":"Fought Mushrooms","damage_taken":0,"max_hp_gain":0,"max_hp_loss":0,"event_name":"Mushrooms","floor":10,"gold_loss":0}],"is_beta":false,"boss_relics":[],"items_purged_floors":[4],"is_endless":false,"potions_floor_spawned":[14],"killed_by":"Hexaghost","ascension_level":12}