{"gold_per_floor":[118,193,95,115,126,126,158,176,225,1,15,15,49,59,59,133,133,133,133,133,133,8,8,8,8,8,8,8,8,8,8,8,8,8,8,8,8,8,8,8,8,8,8,8,8,8,8,8,8,8],"floor_reached":51,"playtime":4367,"items_purged":["Strike_G","Defend_G","Strike_G"],"score":1444,"play_id":"aa9a863d-82ee-4fd6-a9e0-f590ba6a4107","local_time":"20190101201802","is_ascension_mode":true,"campfire_choices":[{"data":"Noxious Fumes","floor":6,"key":"SMITH"},{"data":"Footwork","floor":12,"key":"SMITH"},{"data":"Well Laid Plans","floor":15,"key":"SMITH"},{"data":"Footwork","floor":24,"key":"SMITH"},{"data":"Catalyst","floor":28,"key":"SMITH"},{"floor":32,"key":"REST"},{"data":"Apotheosis","floor":41,"key":"SMITH"},{"floor":49,"key":"REST"}],"neow_cost":"NONE","seed_source_timestamp":1024370241661526,"circlet_count":0,"master_deck":["AscendersBane","Defend_G","Defend_G","Defend_G","Defend_G","Strike_G","Strike_G","Strike_G","Survivor","Neutralize+1","Noxious Fumes+1","PiercingWail","Footwork+1","Footwork+1","Backstab+1","Well Laid Plans+1","Deflect","Flechettes","Venomology","PiercingWail","Corpse Explosion","Blur","Cloak And Dagger","Catalyst+1","Blur","Glass Knife","Flechettes","Poisoned Stab+1","Bullet Time","Madness","Madness","Apotheosis+1","Good Instincts","Catalyst","Cloak And Dagger","Escape Plan+1"],"relics":["Ring of the Snake","NeowsBlessing","Meat on the Bone","Bronze Scales","Whetstone","Ectoplasm","Red Mask","Enchiridion","Girya","Oddly Smooth Stone","Darkstone Periapt","Runic Pyramid","Blue Candle","Dream Catcher","Kunai","Bird Faced Urn"],"potions_floor_usage":[7,16,16,19,21,25,33,37,44,48,48],"damage_taken":[{"damage":0,"enemies":"Small Slimes","floor":1,"turns":1},{"damage":0,"enemies":"Cultist","floor":4,"turns":1},{"damage":0,"enemies":"2 Louse","floor":5,"turns":1},{"damage":22,"enemies":"3 Sentries","floor":7,"turns":8},{"damage":0,"enemies":"2 Fungi Beasts","floor":8,"turns":6},{"damage":1,"enemies":"Red Slaver","floor":11,"turns":4},{"damage":12,"enemies":"Gremlin Nob","floor":13,"turns":5},{"damage":0,"enemies":"Blue Slaver","floor":14,"turns":3},{"damage":16,"enemies":"Hexaghost","floor":16,"turns":9},{"damage":15,"enemies":"Spheric Guardian","floor":18,"turns":5},{"damage":11,"enemies":"Masked Bandits","floor":19,"turns":4},{"damage":0,"enemies":"Shell Parasite","floor":21,"turns":5},{"damage":5,"enemies":"Slavers","floor":23,"turns":6},{"damage":0,"enemies":"Book of Stabbing","floor":25,"turns":6},{"damage":0,"enemies":"Sentry and Sphere","floor":27,"turns":5},{"damage":0,"enemies":"Snake Plant","floor":29,"turns":4},{"damage":0,"enemies":"Chosen and Byrds","floor":31,"turns":6},{"damage":0,"enemies":"Champ","floor":33,"turns":13},{"damage":0,"enemies":"3 Shapes","floor":35,"turns":5},{"damage":14,"enemies":"Orb Walker","floor":37,"turns":4},{"damage":0,"enemies":"Nemesis","floor":40,"turns":10},{"damage":2,"enemies":"Giant Head","floor":42,"turns":9},{"damage":24,"enemies":"Nemesis","floor":44,"turns":7},{"damage":0,"enemies":"Writhing Mass","floor":45,"turns":5},{"damage":36,"enemies":"Jaw Worm Horde","floor":48,"turns":4},{"damage":14,"enemies":"Awakened One","floor":50,"turns":18}],"seed_played":"-3091308828288638661","potions_obtained":[{"floor":1,"key":"AttackPotion"},{"floor":7,"key":"GamblersBrew"},{"floor":14,"key":"Swift Potion"},{"floor":19,"key":"SpeedPotion"},{"floor":25,"key":"Swift Potion"},{"floor":37,"key":"GhostInAJar"},{"floor":48,"key":"Fruit Juice"}],"is_trial":false,"path_per_floor":["M","?","$","M","M","R","E","M","T","$","M","R","E","M","R","B",null,"M","?","?","M","$","E","R","E","T","M","R","M","?","M","R","B",null,"M","?","M","?","?","E","R","E","T","E","M","?","$","M","R","B",null],"character_chosen":"THE_SILENT","items_purchased":["PiercingWail","Well Laid Plans","Deflect"],"campfire_rested":2,"item_purchase_floors":[3,10,10],"current_hp_per_floor":[63,56,56,56,56,56,34,46,46,46,45,45,45,45,45,41,63,48,37,21,33,33,40,40,40,40,40,40,40,40,40,61,61,68,68,59,45,45,40,40,40,38,38,26,46,70,70,41,63,59],"gold":8,"neow_bonus":"THREE_ENEMY_KILL","is_prod":false,"is_daily":false,"chose_seed":false,"campfire_upgraded":6,"win_rate":0,"timestamp":1546370282,"path_taken":["M","?","$","?","M","R","E","M","T","?","M","R","E","M","R","BOSS","M","?","?","M","$","E","R","E","T","M","R","M","?","?","R","BOSS","M","?","M","?","?","E","R","E","T","E","?","?","?","M","R","BOSS"],"build_version":"2018-12-20","purchased_purges":3,"victory":true,"max_hp_per_floor":[70,70,70,70,70,70,70,70,70,70,70,70,70,70,70,70,70,70,70,70,70,70,70,70,70,70,70,70,70,70,70,70,70,70,70,70,70,70,70,70,70,70,70,70,70,70,70,75,75,75],"card_choices":[{"not_picked":["Predator","Catalyst"],"picked":"Noxious Fumes","floor":1},{"not_picked":["Flechettes","Blade Dance"],"picked":"Footwork","floor":4},{"not_picked":["Flechettes","Outmaneuver"],"picked":"Footwork","floor":5},{"not_picked":["Quick Slash","Prepared"],"picked":"Backstab","floor":7},{"not_picked":["Outmaneuver","Flying Knee","Dagger Throw"],"picked":"SKIP","floor":8},{"not_picked":["Reflex","Riddle With Holes"],"picked":"Flechettes","floor":11},{"not_picked":["Skewer","Riddle With Holes"],"picked":"Venomology","floor":13},{"not_picked":["Setup","Poisoned Stab"],"picked":"PiercingWail","floor":14},{"not_picked":["Venomology","Unload"],"picked":"Corpse Explosion","floor":16},{"not_picked":["Riddle With Holes","Tactician"],"picked":"Blur","floor":18},{"not_picked":["PiercingWail","Dagger Spray"],"picked":"Cloak And Dagger","floor":19},{"not_picked":["Backflip","Slice"],"picked":"Catalyst","floor":21},{"not_picked":["Bouncing Flask","Dodge and Roll"],"picked":"Blur","floor":23},{"not_picked":["Calculated Gamble","Heel Hook+1"],"picked":"Glass Knife","floor":25},{"not_picked":["Expertise","Slice"],"picked":"Flechettes","floor":27},{"not_picked":["Skewer","Concentrate","Flying Knee"],"picked":"SKIP","floor":29},{"not_picked":["Accuracy","Blade Dance"],"picked":"Poisoned Stab+1","floor":31},{"not_picked":["Wraith Form v2","Venomology"],"picked":"Bullet Time","floor":33},{"not_picked":["Quick Slash","PiercingWail","Blade Dance"],"picked":"SKIP","floor":35},{"not_picked":["Poisoned Stab","Slice","Bane+1"],"picked":"SKIP","floor":37},{"not_picked":["Bandage Up","Jack Of All Trades"],"picked":"Apotheosis","floor":39},{"not_picked":["Trip","HandOfGreed"],"picked":"Good Instincts","floor":39},{"not_picked":["Dagger Throw","Acrobatics+1","Slice"],"picked":"SKIP","floor":40},{"not_picked":["Expertise","Reflex"],"picked":"Catalyst","floor":42},{"not_picked":["Dagger Throw+1","Prepared","Endless Agony"],"picked":"SKIP","floor":44},{"not_picked":["Flying Knee","Deflect"],"picked":"Cloak And Dagger","floor":45},{"not_picked":["Infinite Blades","All Out Attack","Choke"],"picked":"SKIP","floor":48},{"not_picked":["Bane+1","Dagger Spray+1"],"picked":"Escape Plan+1","floor":49}],"player_experience":427629,"relics_obtained":[{"floor":7,"key":"Meat on the Bone"},{"floor":9,"key":"Bronze Scales"},{"floor":13,"key":"Whetstone"},{"floor":19,"key":"Red Mask"},{"floor":20,"key":"Enchiridion"},{"floor":23,"key":"Girya"},{"floor":25,"key":"Oddly Smooth Stone"},{"floor":26,"key":"Darkstone Periapt"},{"floor":40,"key":"Blue Candle"},{"floor":42,"key":"Dream Catcher"},{"floor":43,"key":"Kunai"},{"floor":44,"key":"Bird Faced Urn"}],"event_choices":[{"damage_healed":0,"gold_gain":75,"player_choice":"Touch","damage_taken":7,"max_hp_gain":0,"max_hp_loss":0,"event_name":"FaceTrader","floor":2,"gold_loss":0},{"damage_healed":0,"gold_gain":0,"player_choice":"Fought Bandits","damage_taken":0,"max_hp_gain":0,"max_hp_loss":0,"event_name":"Masked Bandits","floor":19,"gold_loss":0},{"damage_healed":0,"gold_gain":0,"player_choice":"Obtained Book","damage_taken":16,"max_hp_gain":0,"max_hp_loss":0,"event_name":"Cursed Tome","floor":20,"gold_loss":0},{"damage_healed":0,"gold_gain":0,"player_choice":"Got Potions","damage_taken":0,"max_hp_gain":0,"max_hp_loss":0,"event_name":"Lab","floor":30,"gold_loss":0},{"damage_healed":0,"gold_gain":0,"player_choice":"Embrace Madness","damage_taken":9,"max_hp_gain":0,"max_hp_loss":0,"event_name":"Winding Halls","floor":36,"gold_loss":0,"cards_obtained":["Madness","Madness"]},{"damage_healed":0,"gold_gain":0,"player_choice":"Ignored","damage_taken":0,"max_hp_gain":0,"max_hp_loss":0,"event_name":"Tomb of Lord Red Mask","floor":38,"gold_loss":0},{"damage_healed":0,"gold_gain":0,"player_choice":"Memory 2","damage_taken":5,"max_hp_gain":0,"max_hp_loss":0,"event_name":"SensoryStone","floor":39,"gold_loss":0},{"damage_healed":24,"gold_gain":0,"player_choice":"Full Heal","damage_taken":0,"max_hp_gain":0,"max_hp_loss":0,"event_name":"Wheel of Change","floor":46,"gold_loss":0}],"is_beta":false,"boss_relics":[{"not_picked":["Snecko Eye","HoveringKite"],"picked":"Ectoplasm"},{"not_picked":["Busted Crown","Velvet Choker"],"picked":"Runic Pyramid"}],"items_purged_floors":[3,10,22],"is_endless":false,"potions_floor_spawned":[1,7,14,19,21,25,29,37,44,48],"ascension_level":13}