{"gold_per_floor":[110,110,125,200,200,232,243,243],"floor_reached":8,"playtime":543,"items_purged":[],"score":89,"play_id":"4f28edaa-9559-44c1-b206-3703c040e5e3","local_time":"20191004155654","is_ascension_mode":true,"campfire_choices":[],"neow_cost":"NONE","seed_source_timestamp":82855508540222,"circlet_count":0,"master_deck":["Strike_G","Strike_G","Strike_G","Strike_G","Strike_G","Defend_G","Defend_G","Defend_G","Defend_G","Defend_G","Survivor","Neutralize","Deflect","Prepared"],"relics":["Ring of the Snake","NeowsBlessing","Orichalcum","Incense Burner"],"potions_floor_usage":[],"damage_taken":[{"damage":0,"enemies":"Small Slimes","floor":1,"turns":1},{"damage":0,"enemies":"Cultist","floor":3,"turns":1},{"damage":0,"enemies":"Gremlin Nob","floor":6,"turns":1},{"damage":0,"enemies":"Jaw Worm","floor":7,"turns":7},{"damage":10,"enemies":"Lagavulin","floor":8,"turns":8}],"seed_played":"-3883826895833334983","potions_obtained":[],"is_trial":false,"path_per_floor":["M","?","M","?","?","E","M","E"],"character_chosen":"THE_SILENT","items_purchased":[],"campfire_rested":0,"item_purchase_floors":[],"current_hp_per_floor":[70,70,70,59,52,52,52,42],"gold":243,"neow_bonus":"THREE_ENEMY_KILL","is_prod":false,"is_daily":false,"chose_seed":false,"campfire_upgraded":0,"win_rate":0,"timestamp":1570219014,"path_taken":["M","?","?","?","?","E","M","E"],"build_version":"2019-07-17","purchased_purges":0,"victory":false,"max_hp_per_floor":[70,70,70,70,70,70,70,70],"card_choices":[{"not_picked":["PiercingWail","Riddle With Holes"],"picked":"Deflect","floor":1},{"not_picked":["Backstab","Underhanded Strike","Setup"],"picked":"SKIP","floor":3},{"not_picked":["Eviscerate","Terror"],"picked":"Prepared","floor":6},{"not_picked":["Skewer","Quick Slash","Eviscerate"],"picked":"SKIP","floor":7}],"player_experience":233438,"relics_obtained":[{"floor":6,"key":"Incense Burner"}],"event_choices":[{"damage_healed":0,"gold_gain":0,"player_choice":"Bought 0 Potions","damage_taken":0,"max_hp_gain":0,"max_hp_loss":0,"event_name":"The Woman in Blue","floor":2,"gold_loss":0},{"damage_healed":0,"gold_gain":75,"player_choice":"Gather Gold","damage_taken":11,"max_hp_gain":0,"max_hp_loss":0,"event_name":"World of Goop","floor":4,"gold_loss":0},{"damage_healed":0,"gold_gain":0,"player_choice":"Success","damage_taken":7,"relics_obtained":["Orichalcum"],"max_hp_gain":0,"max_hp_loss":0,"event_name":"Scrap Ooze","floor":5,"gold_loss":0}],"is_beta":false,"boss_relics":[],"items_purged_floors":[],"is_endless":false,"potions_floor_spawned":[],"killed_by":"Lagavulin","ascension_level":2}