{"gold_per_floor":[119,119,119,119,132,173,173,217,240,240],"floor_reached":10,"playtime":1626,"items_purged":[],"score":124,"play_id":"6e484ab2-79c5-4909-a1de-541fc9926b98","local_time":"20190921011058","is_ascension_mode":true,"campfire_choices":[{"data":"Flame Barrier","floor":7,"key":"SMITH"}],"neow_cost":"NONE","seed_source_timestamp":724490092983644,"circlet_count":0,"master_deck":["Strike_R","Strike_R","Strike_R","Strike_R","Defend_R+1","Defend_R","Defend_R","Defend_R+1","Bash","Intimidate","Flame Barrier+1","Clothesline"],"relics":["Burning Blood","NeowsBlessing","Golden Idol","Ancient Tea Set","War Paint","Question Card","Smiling Mask"],"potions_floor_usage":[8],"damage_taken":[{"damage":0,"enemies":"Jaw Worm","floor":1,"turns":1},{"damage":0,"enemies":"2 Louse","floor":5,"turns":1},{"damage":0,"enemies":"Lagavulin","floor":6,"turns":1},{"damage":27,"enemies":"3 Sentries","floor":8,"turns":16},{"damage":0,"enemies":"Cultist","floor":10,"turns":2}],"seed_played":"-3163421343579094349","potions_obtained":[{"floor":1,"key":"Swift Potion"},{"floor":6,"key":"SpeedPotion"}],"is_trial":false,"path_per_floor":["M","?","?","?","M","E","R","E","T","M"],"character_chosen":"IRONCLAD","items_purchased":[],"campfire_rested":0,"item_purchase_floors":[],"current_hp_per_floor":[80,60,53,46,52,58,58,37,37,37],"gold":240,"neow_bonus":"THREE_ENEMY_KILL","is_prod":false,"is_daily":false,"chose_seed":false,"campfire_upgraded":1,"win_rate":0,"timestamp":1569021058,"path_taken":["M","?","?","?","?","E","R","E","T","M"],"build_version":"2019-07-17","purchased_purges":0,"victory":false,"max_hp_per_floor":[80,80,80,80,80,80,80,80,80,80],"card_choices":[{"not_picked":["Combust","Havoc"],"picked":"Intimidate","floor":1},{"not_picked":["Carnage","Armaments","Sever Soul"],"picked":"SKIP","floor":5},{"not_picked":["Perfected Strike","Power Through"],"picked":"Flame Barrier","floor":6},{"not_picked":["Armaments","Corruption"],"picked":"Clothesline","floor":8}],"player_experience":279390,"relics_obtained":[{"floor":6,"key":"War Paint"},{"floor":8,"key":"Question Card"},{"floor":9,"key":"Smiling Mask"}],"event_choices":[{"damage_healed":0,"gold_gain":0,"player_choice":"Take Damage","damage_taken":20,"relics_obtained":["Golden Idol"],"max_hp_gain":0,"max_hp_loss":0,"event_name":"Golden Idol","floor":2,"gold_loss":0},{"damage_healed":0,"gold_gain":0,"player_choice":"Success","damage_taken":7,"relics_obtained":["Ancient Tea Set"],"max_hp_gain":0,"max_hp_loss":0,"event_name":"Scrap Ooze","floor":3,"gold_loss":0},{"cards_removed":["Strike_R"],"damage_healed":0,"gold_gain":0,"player_choice":"Card Removal","damage_taken":7,"max_hp_gain":0,"max_hp_loss":0,"event_name":"Golden Wing","floor":4,"gold_loss":0}],"is_beta":false,"boss_relics":[],"items_purged_floors":[],"is_endless":false,"potions_floor_spawned":[1,6],"killed_by":"Cultist","ascension_level":5}