{"path_per_floor":["M","?","?","M","$","E","R","E","T","M","M","?","M","$","R","B",null,"M","M","$","?","M","E"],"character_chosen":"IRONCLAD","items_purchased":["Spot Weakness","Twin Strike","Thunderclap","Shrug It Off"],"gold_per_floor":[110,110,110,130,55,84,84,111,138,149,159,159,175,20,20,118,118,130,149,26,26,46,73],"floor_reached":24,"campfire_rested":1,"playtime":1517,"current_hp_per_floor":[74,74,74,77,77,47,47,9,9,17,18,11,11,11,36,32,73,70,49,49,49,53,22],"items_purged":["Defend_R","Sever Soul"],"gold":73,"score":283,"play_id":"859d31b8-0342-475a-955c-d7c812227afa","local_time":"20180312151823","is_prod":false,"is_daily":false,"is_ascension_mode":true,"campfire_upgraded":1,"timestamp":1520864303,"path_taken":["M","?","?","M","?","E","R","E","T","M","M","?","?","$","R","BOSS","M","M","$","?","?","E","M"],"build_version":"2018-03-09","purchased_purges":2,"victory":false,"master_deck":["Bash","Berserk","Heavy Blade","Inflame+1","Pummel","Spot Weakness","Twin Strike","Thunderclap","Offering","Heavy Blade","Ghostly Armor","Dual Wield","Armaments","Clothesline","Flex","Flex","Shrug It Off","Finesse"],"max_hp_per_floor":[80,80,80,80,80,80,80,80,80,82,84,84,86,86,86,86,86,86,86,86,86,88,90],"relics":["Burning Blood","Omamori","Centennial Puzzle","Singing Bowl","Pandora\u0027s Box","Frozen Eye"],"card_choices":[{"not_picked":["Seeing Red","Cleave"],"picked":"Heavy Blade"},{"not_picked":["Armaments","Perfected Strike"],"picked":"Inflame"},{"not_picked":["Perfected Strike","True Grit"],"picked":"Pummel"},{"not_picked":["Feed","Brutality"],"picked":"Offering"},{"not_picked":["Reckless Charge","Clothesline"],"picked":"Flex"},{"not_picked":["Twin Strike","Clash"],"picked":"Flex"}],"player_experience":208969,"potions_floor_usage":[13,16,23],"damage_taken":[{"damage":12,"enemies":"Jaw Worm","floor":1,"turns":2},{"damage":3,"enemies":"2 Louse","floor":4,"turns":3},{"damage":36,"enemies":"Gremlin Nob","floor":6,"turns":5},{"damage":44,"enemies":"3 Sentries","floor":8,"turns":7},{"damage":0,"enemies":"Small Slimes","floor":10,"turns":3},{"damage":7,"enemies":"Exordium Wildlife","floor":11,"turns":2},{"damage":8,"enemies":"3 Louse","floor":13,"turns":3},{"damage":10,"enemies":"Slime Boss","floor":16,"turns":5},{"damage":9,"enemies":"Chosen","floor":18,"turns":3},{"damage":27,"enemies":"2 Thieves","floor":19,"turns":3},{"damage":4,"enemies":"Snecko","floor":22,"turns":2},{"damage":39,"enemies":"Gremlin Leader","floor":23,"turns":5},{"damage":37,"enemies":"Cultist and Chosen","floor":24,"turns":3}],"event_choices":[{"event_name":"Living Wall","player_choice":"Forget","floor":2,"damage_taken":0},{"event_name":"Liars Game","player_choice":"disagreed","floor":3,"damage_taken":0},{"event_name":"Golden Wing","player_choice":"Card Removal","floor":12,"damage_taken":0},{"event_name":"Match and Keep!","player_choice":"1 cards matched","floor":21,"damage_taken":0}],"boss_relics":[{"not_picked":["Runic Cube","Mark of Pain"],"picked":"Pandora\u0027s Box"}],"potions_floor_spawned":[1,10,11,16,18,23],"seed_played":"1676978508878081730","killed_by":"Cultist and Chosen","ascension_level":5,"is_trial":false}