{"gold_per_floor":[115,130,130,148,148,148,175,175,175,205,33,47,66,27,27,100,100,115,132,47,47,59,59,94,94,117,133,83,116,128,227,227,300,300,314,314,37,49,49,49,49,59,59,59,71,86,86,86,86,86],"floor_reached":50,"playtime":1647,"items_purged":["Regret","Strike_R"],"score":891,"play_id":"53f86656-16f1-4fec-a7e2-8acce40aabdd","local_time":"20190322052404","is_ascension_mode":true,"campfire_choices":[{"data":"Infernal Blade","floor":6,"key":"SMITH"},{"data":"Shrug It Off","floor":8,"key":"SMITH"},{"data":"Discovery","floor":15,"key":"SMITH"},{"floor":23,"key":"REST"},{"floor":25,"key":"REST"},{"data":"Demon Form","floor":32,"key":"SMITH"},{"data":"Whirlwind","floor":40,"key":"SMITH"},{"data":"Infernal Blade","floor":44,"key":"SMITH"},{"data":"Exhume","floor":47,"key":"SMITH"},{"data":"True Grit","floor":49,"key":"SMITH"}],"neow_cost":"TEN_PERCENT_HP_LOSS","seed_source_timestamp":696536705337646,"circlet_count":0,"master_deck":["AscendersBane","Strike_R","Strike_R","Strike_R","Defend_R","Defend_R","Defend_R","Bash","Dropkick","Infernal Blade+1","Iron Wave","Shrug It Off+1","Feed","Discovery+1","Infernal Blade+1","Whirlwind+1","Demon Form+1","Sever Soul","Necronomicurse","True Grit+1","Offering","Flex","Exhume+1","Inflame+1","Master of Strategy","Intimidate","Parasite","Madness","Madness"],"relics":["Burning Blood","Mercury Hourglass","Unceasing Top","Kunai","Bag of Marbles","Blood Vial","Mark of Pain","Letter Opener","Necronomicon","Pen Nib","Red Skull","Bottled Flame","Eternal Feather","GremlinMask","Molten Egg 2"],"potions_floor_usage":[7,7,12,24,24,29,50],"damage_taken":[{"damage":10,"enemies":"2 Louse","floor":1,"turns":3},{"damage":0,"enemies":"Small Slimes","floor":2,"turns":3},{"damage":15,"enemies":"Jaw Worm","floor":4,"turns":2},{"damage":25,"enemies":"3 Sentries","floor":7,"turns":7},{"damage":15,"enemies":"Lagavulin","floor":10,"turns":5},{"damage":1,"enemies":"Gremlin Gang","floor":12,"turns":2},{"damage":0,"enemies":"Looter","floor":13,"turns":2},{"damage":48,"enemies":"Slime Boss","floor":16,"turns":11},{"damage":15,"enemies":"Shell Parasite","floor":18,"turns":4},{"damage":7,"enemies":"Chosen","floor":19,"turns":3},{"damage":19,"enemies":"Snake Plant","floor":22,"turns":2},{"damage":47,"enemies":"Slavers","floor":24,"turns":5},{"damage":2,"enemies":"Centurion and Healer","floor":27,"turns":3},{"damage":0,"enemies":"Book of Stabbing","floor":29,"turns":1},{"damage":6,"enemies":"Sentry and Sphere","floor":30,"turns":1},{"damage":74,"enemies":"Automaton","floor":33,"turns":7},{"damage":11,"enemies":"Orb Walker","floor":35,"turns":3},{"damage":0,"enemies":"3 Shapes","floor":38,"turns":1},{"damage":0,"enemies":"Jaw Worm Horde","floor":42,"turns":1},{"damage":14,"enemies":"Spire Growth","floor":45,"turns":3},{"damage":6,"enemies":"Writhing Mass","floor":46,"turns":2},{"damage":82,"enemies":"Time Eater","floor":50,"turns":5}],"seed_played":"-2073879293361184839","potions_obtained":[{"floor":1,"key":"BloodPotion"},{"floor":4,"key":"PowerPotion"},{"floor":10,"key":"BloodPotion"},{"floor":18,"key":"GamblersBrew"},{"floor":22,"key":"LiquidBronze"},{"floor":24,"key":"SteroidPotion"},{"floor":29,"key":"FairyPotion"},{"floor":38,"key":"SpeedPotion"},{"floor":45,"key":"FearPotion"}],"is_trial":false,"path_per_floor":["M","M","?","M","?","R","E","R","T","E","$","M","M","$","R","B",null,"M","M","?","?","M","R","E","R","T","M","?","E","M","?","R","B",null,"M","?","$","M","$","R","?","M","T","R","M","M","R","?","R","B"],"character_chosen":"IRONCLAD","items_purchased":["Discovery","Whirlwind","Master of Strategy"],"campfire_rested":2,"item_purchase_floors":[11,14,37],"current_hp_per_floor":[68,72,72,63,56,56,44,44,44,35,35,52,60,60,60,23,64,57,58,58,42,31,54,15,38,38,44,44,52,54,54,54,13,62,59,59,59,67,67,78,78,78,78,78,73,75,81,71,81,0],"gold":86,"neow_bonus":"REMOVE_TWO","is_prod":false,"is_daily":false,"chose_seed":false,"campfire_upgraded":8,"win_rate":0,"timestamp":1553199844,"path_taken":["M","M","?","M","?","R","E","R","T","E","?","M","M","$","R","BOSS","M","?","?","?","M","R","E","R","T","M","?","E","?","?","R","BOSS","M","?","$","M","$","R","?","M","T","R","?","M","R","?","R","BOSS"],"build_version":"2019-01-23","purchased_purges":2,"victory":false,"max_hp_per_floor":[72,72,72,72,72,72,72,72,72,72,72,75,75,75,75,78,78,78,78,78,78,78,78,78,78,78,78,78,78,78,78,78,78,78,78,78,78,78,78,78,78,78,78,78,81,81,81,81,81,81],"card_choices":[{"not_picked":["Hemokinesis","Body Slam"],"picked":"Dropkick","floor":1},{"not_picked":["Clash","Body Slam"],"picked":"Infernal Blade","floor":2},{"not_picked":["Headbutt","Pommel Strike"],"picked":"Iron Wave","floor":4},{"not_picked":["Rupture","Sever Soul"],"picked":"Shrug It Off","floor":7},{"not_picked":["Perfected Strike","Iron Wave"],"picked":"Feed","floor":10},{"not_picked":["Searing Blow","Headbutt","Havoc"],"picked":"SKIP","floor":12},{"not_picked":["Pommel Strike","Flex"],"picked":"Infernal Blade","floor":13},{"not_picked":["Brutality","Limit Break"],"picked":"Demon Form","floor":16},{"not_picked":["Hemokinesis","Rupture"],"picked":"Sever Soul","floor":18},{"not_picked":["Headbutt","Corruption","Clothesline"],"picked":"SKIP","floor":19},{"not_picked":["Cleave","Blood for Blood","Perfected Strike"],"picked":"SKIP","floor":22},{"not_picked":["Sever Soul","Warcry","Corruption"],"picked":"SKIP","floor":24},{"not_picked":["Twin Strike","Pommel Strike+1"],"picked":"True Grit","floor":27},{"not_picked":["Battle Trance+1","Pommel Strike+1"],"picked":"Offering","floor":29},{"not_picked":["Iron Wave","Feel No Pain+1"],"picked":"Flex","floor":30},{"not_picked":["Immolate","Demon Form"],"picked":"Exhume","floor":33},{"not_picked":["Flex","Evolve+1"],"picked":"Inflame+1","floor":35},{"not_picked":["Armaments","Warcry","Twin Strike"],"picked":"SKIP","floor":38},{"not_picked":["Anger","Cleave","Havoc"],"picked":"SKIP","floor":42},{"not_picked":["Armaments","Dual Wield"],"picked":"Intimidate","floor":45},{"not_picked":["Perfected Strike+1","Fire Breathing+1","Metallicize"],"picked":"SKIP","floor":46}],"player_experience":595787,"relics_obtained":[{"floor":7,"key":"Kunai"},{"floor":9,"key":"Bag of Marbles"},{"floor":10,"key":"Blood Vial"},{"floor":21,"key":"Necronomicon"},{"floor":24,"key":"Pen Nib"},{"floor":26,"key":"Red Skull"},{"floor":29,"key":"Bottled Flame"},{"floor":43,"key":"Molten Egg 2"}],"event_choices":[{"damage_healed":0,"gold_gain":0,"player_choice":"Box","damage_taken":0,"relics_obtained":["Mercury Hourglass"],"max_hp_gain":0,"max_hp_loss":0,"event_name":"Big Fish","floor":3,"gold_loss":0,"cards_obtained":["Regret"]},{"damage_healed":0,"gold_gain":0,"player_choice":"Success","damage_taken":7,"relics_obtained":["Unceasing Top"],"max_hp_gain":0,"max_hp_loss":0,"event_name":"Scrap Ooze","floor":5,"gold_loss":0},{"damage_healed":0,"gold_gain":0,"player_choice":"Obtained Relic","damage_taken":0,"relics_obtained":["Letter Opener"],"max_hp_gain":0,"max_hp_loss":0,"event_name":"Addict","floor":20,"gold_loss":85},{"damage_healed":0,"gold_gain":0,"player_choice":"Obtained Book","damage_taken":16,"max_hp_gain":0,"max_hp_loss":0,"event_name":"Cursed Tome","floor":21,"gold_loss":0},{"damage_healed":0,"gold_gain":0,"player_choice":"Bet on Murderer","damage_taken":0,"max_hp_gain":0,"max_hp_loss":0,"event_name":"The Joust","floor":28,"gold_loss":50},{"damage_healed":0,"gold_gain":99,"player_choice":"Stole From Cult","damage_taken":0,"max_hp_gain":0,"max_hp_loss":0,"event_name":"Nest","floor":31,"gold_loss":0},{"damage_healed":0,"gold_gain":0,"player_choice":"Ignored","damage_taken":0,"max_hp_gain":0,"max_hp_loss":0,"event_name":"Tomb of Lord Red Mask","floor":36,"gold_loss":0},{"damage_healed":0,"gold_gain":0,"player_choice":"Trade","damage_taken":0,"relics_obtained":["GremlinMask"],"max_hp_gain":0,"max_hp_loss":0,"event_name":"FaceTrader","floor":41,"gold_loss":0},{"damage_healed":0,"gold_gain":0,"player_choice":"Embrace Madness","damage_taken":10,"max_hp_gain":0,"max_hp_loss":0,"event_name":"Winding Halls","floor":48,"gold_loss":0,"cards_obtained":["Madness","Madness"]}],"is_beta":false,"boss_relics":[{"not_picked":["Tiny House","Fusion Hammer"],"picked":"Mark of Pain"},{"not_picked":["Runic Cube","Calling Bell"],"picked":"Eternal Feather"}],"items_purged_floors":[11,37],"is_endless":false,"potions_floor_spawned":[1,4,10,18,22,24,29,38,45],"killed_by":"Time Eater","ascension_level":13}