{"gold_per_floor":[115,115,65,79,99,99,99,24,48,123,150,150,178,193,193,193],"floor_reached":16,"playtime":1446,"items_purged":["Regret"],"score":178,"play_id":"80c89311-2807-4d94-a5b9-aedb4d7a89fb","local_time":"20190322041151","is_ascension_mode":true,"campfire_choices":[{"data":"Bash","floor":6,"key":"SMITH"},{"floor":12,"key":"REST"},{"data":"Flame Barrier","floor":15,"key":"SMITH"}],"neow_cost":"NONE","seed_source_timestamp":692405616062537,"circlet_count":0,"master_deck":["AscendersBane","Strike_R","Strike_R","Strike_R","Strike_R","Defend_R","Defend_R","Defend_R","Defend_R","Bash+1","Purity","Spot Weakness","Iron Wave","Armaments","Flame Barrier+1","Immolate","Body Slam"],"relics":["Burning Blood","Ancient Tea Set","StoneCalendar","Centennial Puzzle","Nunchaku","Shuriken"],"potions_floor_usage":[13,16],"damage_taken":[{"damage":14,"enemies":"2 Louse","floor":1,"turns":3},{"damage":8,"enemies":"Jaw Worm","floor":4,"turns":4},{"damage":7,"enemies":"Small Slimes","floor":5,"turns":4},{"damage":25,"enemies":"3 Sentries","floor":11,"turns":6},{"damage":18,"enemies":"Gremlin Nob","floor":13,"turns":3},{"damage":3,"enemies":"Blue Slaver","floor":14,"turns":3},{"damage":49,"enemies":"The Guardian","floor":16,"turns":9}],"seed_played":"5417398632455361414","potions_obtained":[{"floor":11,"key":"Strength Potion"},{"floor":13,"key":"Swift Potion"}],"is_trial":false,"path_per_floor":["M","?","?","M","M","R","?","$","T","?","E","R","E","M","R","B"],"character_chosen":"IRONCLAD","items_purchased":[],"campfire_rested":1,"item_purchase_floors":[],"current_hp_per_floor":[64,61,61,59,58,58,58,58,58,47,28,52,40,43,43,0],"gold":193,"neow_bonus":"RANDOM_COLORLESS","is_prod":false,"is_daily":false,"chose_seed":false,"campfire_upgraded":2,"win_rate":0,"timestamp":1553195511,"path_taken":["M","?","?","M","M","R","?","?","T","?","E","R","E","?","R","BOSS"],"build_version":"2019-01-23","purchased_purges":1,"victory":false,"max_hp_per_floor":[80,80,80,80,80,80,80,80,80,80,80,80,80,80,80,80],"card_choices":[{"not_picked":["Cleave","Disarm"],"picked":"Spot Weakness","floor":1},{"not_picked":["Headbutt","Fire Breathing"],"picked":"Iron Wave","floor":4},{"not_picked":["Headbutt","Pommel Strike"],"picked":"Armaments","floor":5},{"not_picked":["Twin Strike","Perfected Strike"],"picked":"Flame Barrier","floor":11},{"not_picked":["Sentinel","Thunderclap"],"picked":"Immolate","floor":13},{"not_picked":["Anger","Headbutt"],"picked":"Body Slam","floor":14}],"player_experience":591712,"relics_obtained":[{"floor":9,"key":"Centennial Puzzle"},{"floor":11,"key":"Nunchaku"},{"floor":13,"key":"Shuriken"}],"event_choices":[{"damage_healed":0,"gold_gain":0,"player_choice":"Success","damage_taken":3,"relics_obtained":["Ancient Tea Set"],"max_hp_gain":0,"max_hp_loss":0,"event_name":"Scrap Ooze","floor":2,"gold_loss":0},{"cards_removed":["Strike_R"],"damage_healed":0,"gold_gain":0,"player_choice":"Card Removal","damage_taken":0,"max_hp_gain":0,"max_hp_loss":0,"event_name":"The Cleric","floor":3,"gold_loss":50},{"damage_healed":0,"gold_gain":0,"player_choice":"Box","damage_taken":0,"relics_obtained":["StoneCalendar"],"max_hp_gain":0,"max_hp_loss":0,"event_name":"Big Fish","floor":7,"gold_loss":0,"cards_obtained":["Regret"]},{"damage_healed":0,"gold_gain":75,"player_choice":"Gather Gold","damage_taken":11,"max_hp_gain":0,"max_hp_loss":0,"event_name":"World of Goop","floor":10,"gold_loss":0}],"is_beta":false,"boss_relics":[],"items_purged_floors":[8],"is_endless":false,"potions_floor_spawned":[11,13],"killed_by":"The Guardian","ascension_level":13}