{"gold_per_floor":[114,189,114,124,124,124,134,134,158,189,189,201,201,212,212,212],"floor_reached":16,"playtime":916,"items_purged":[],"score":190,"play_id":"dad677dc-db7b-4a7a-bfc1-95a60021113d","local_time":"20190125031126","is_ascension_mode":true,"campfire_choices":[{"data":"Crippling Poison","floor":6,"key":"SMITH"},{"data":"Neutralize","floor":8,"key":"SMITH"},{"floor":11,"key":"REST"},{"data":"Dagger Spray","floor":13,"key":"SMITH"},{"floor":15,"key":"REST"}],"neow_cost":"TEN_PERCENT_HP_LOSS","seed_source_timestamp":273783957007083,"circlet_count":0,"master_deck":["AscendersBane","Defend_G","Defend_G","Defend_G","Defend_G","Defend_G","Strike_G","Strike_G","Strike_G","Strike_G","Survivor","Neutralize+1","Crippling Poison+1","Dagger Spray+1","Flechettes","Backflip+1","Dodge and Roll+1"],"relics":["Ring of the Snake","Turnip","Strawberry","Toxic Egg 2"],"potions_floor_usage":[10,10],"damage_taken":[{"damage":11,"enemies":"Small Slimes","floor":1,"turns":5},{"damage":2,"enemies":"Jaw Worm","floor":4,"turns":6},{"damage":0,"enemies":"2 Louse","floor":7,"turns":3},{"damage":32,"enemies":"Lagavulin","floor":10,"turns":9},{"damage":2,"enemies":"Large Slime","floor":12,"turns":6},{"damage":1,"enemies":"Blue Slaver","floor":14,"turns":3},{"damage":57,"enemies":"Slime Boss","floor":16,"turns":12}],"seed_played":"-473252007844868382","potions_obtained":[{"floor":1,"key":"GamblersBrew"},{"floor":4,"key":"Block Potion"}],"is_trial":false,"path_per_floor":["M","?","?","M","?","R","M","R","T","E","R","M","R","M","R","B"],"character_chosen":"THE_SILENT","items_purchased":[],"campfire_rested":2,"item_purchase_floors":[],"current_hp_per_floor":[48,37,37,35,40,40,40,40,47,15,36,34,34,33,54,0],"gold":212,"neow_bonus":"ONE_RARE_RELIC","is_prod":false,"is_daily":false,"chose_seed":false,"campfire_upgraded":3,"win_rate":0,"timestamp":1548382286,"path_taken":["M","?","?","M","?","R","M","R","T","E","R","M","R","M","R","BOSS"],"build_version":"2019-01-23","purchased_purges":0,"victory":false,"max_hp_per_floor":[60,60,60,60,65,65,65,65,72,72,72,72,72,72,72,72],"card_choices":[{"not_picked":["Dash","Expertise"],"picked":"Crippling Poison","floor":1},{"not_picked":["Acrobatics","Sucker Punch"],"picked":"Dagger Spray","floor":4},{"not_picked":["Underhanded Strike","Endless Agony","Dagger Throw"],"picked":"SKIP","floor":7},{"not_picked":["Dagger Throw","Blade Dance"],"picked":"Flechettes","floor":10},{"not_picked":["Dodge and Roll+1","Well Laid Plans"],"picked":"Backflip+1","floor":12},{"not_picked":["Poisoned Stab","Accuracy"],"picked":"Dodge and Roll+1","floor":14}],"player_experience":539646,"relics_obtained":[{"floor":9,"key":"Strawberry"},{"floor":10,"key":"Toxic Egg 2"}],"event_choices":[{"damage_healed":0,"gold_gain":75,"player_choice":"Gather Gold","damage_taken":11,"max_hp_gain":0,"max_hp_loss":0,"event_name":"World of Goop","floor":2,"gold_loss":0},{"cards_removed":["Strike_G"],"damage_healed":0,"gold_gain":0,"player_choice":"Card Removal","damage_taken":0,"max_hp_gain":0,"max_hp_loss":0,"event_name":"The Cleric","floor":3,"gold_loss":75},{"damage_healed":0,"gold_gain":0,"player_choice":"Donut","damage_taken":0,"max_hp_gain":5,"max_hp_loss":0,"event_name":"Big Fish","floor":5,"gold_loss":0}],"is_beta":false,"boss_relics":[],"items_purged_floors":[],"is_endless":false,"potions_floor_spawned":[1,4],"killed_by":"Slime Boss","ascension_level":18}