{"gold_per_floor":[113,37,56,56,131,160,177,193,193,193,213,213,213,101,101,101],"floor_reached":16,"playtime":485,"items_purged":["Strike_G"],"score":250,"play_id":"315cf335-fabf-4e76-819f-4b236d8325a5","local_time":"20190222132509","is_ascension_mode":true,"campfire_choices":[{"data":"A Thousand Cuts","floor":10,"key":"SMITH"},{"data":"Noxious Fumes","floor":13,"key":"SMITH"},{"floor":15,"key":"REST"}],"neow_cost":"NONE","seed_source_timestamp":675741873420057,"circlet_count":0,"master_deck":["AscendersBane","Defend_G","Defend_G","Defend_G","Defend_G","Defend_G","Strike_G","Strike_G","Strike_G","Strike_G","Survivor","Neutralize","Caltrops","Infinite Blades","A Thousand Cuts+1","Noxious Fumes+1","Backstab+1","Infinite Blades"],"relics":["Ring of the Snake","NeowsBlessing","Molten Egg 2","Nunchaku"],"potions_floor_usage":[16,16],"damage_taken":[{"damage":0,"enemies":"Small Slimes","floor":1,"turns":1},{"damage":0,"enemies":"Cultist","floor":3,"turns":1},{"damage":0,"enemies":"Gremlin Nob","floor":6,"turns":1},{"damage":0,"enemies":"2 Louse","floor":7,"turns":5},{"damage":12,"enemies":"Large Slime","floor":8,"turns":7},{"damage":17,"enemies":"Red Slaver","floor":11,"turns":5},{"damage":40,"enemies":"Hexaghost","floor":16,"turns":7}],"seed_played":"-3477983915834679530","potions_obtained":[{"floor":1,"key":"Poison Potion"},{"floor":3,"key":"Dexterity Potion"},{"floor":11,"key":"PowerPotion"}],"is_trial":false,"path_per_floor":["M","$","M","?","?","E","M","M","T","R","M","?","R","$","R","B"],"character_chosen":"THE_SILENT","items_purchased":["Infinite Blades","Infinite Blades"],"campfire_rested":1,"item_purchase_floors":[2,14],"current_hp_per_floor":[59,59,59,59,48,48,48,36,36,36,19,19,19,19,38,0],"gold":101,"neow_bonus":"THREE_ENEMY_KILL","is_prod":false,"is_daily":false,"chose_seed":false,"campfire_upgraded":2,"win_rate":0,"timestamp":1550838309,"path_taken":["M","$","M","?","?","E","M","M","T","R","M","?","R","$","R","BOSS"],"build_version":"2019-01-23","purchased_purges":1,"victory":false,"max_hp_per_floor":[66,66,66,66,66,66,66,66,66,66,66,66,66,66,66,66],"card_choices":[{"not_picked":["PiercingWail","Backflip"],"picked":"Caltrops","floor":1},{"not_picked":["Poisoned Stab","Blade Dance","Finisher"],"picked":"SKIP","floor":3},{"not_picked":["Prepared","Outmaneuver","Dagger Throw"],"picked":"SKIP","floor":6},{"not_picked":["Outmaneuver","Cloak And Dagger"],"picked":"A Thousand Cuts","floor":7},{"not_picked":["Flying Knee+1","Blade Dance"],"picked":"Noxious Fumes","floor":8},{"not_picked":["Poisoned Stab+1","Crippling Poison"],"picked":"Backstab+1","floor":11}],"player_experience":612865,"relics_obtained":[{"floor":6,"key":"Molten Egg 2"},{"floor":9,"key":"Nunchaku"}],"event_choices":[{"damage_healed":0,"gold_gain":0,"player_choice":"Leave","damage_taken":0,"max_hp_gain":0,"max_hp_loss":0,"event_name":"The Cleric","floor":4,"gold_loss":0},{"damage_healed":0,"gold_gain":75,"player_choice":"Gather Gold","damage_taken":11,"max_hp_gain":0,"max_hp_loss":0,"event_name":"World of Goop","floor":5,"gold_loss":0},{"damage_healed":0,"gold_gain":0,"player_choice":"Ignored","damage_taken":0,"max_hp_gain":0,"max_hp_loss":0,"event_name":"Shining Light","floor":12,"gold_loss":0}],"is_beta":false,"boss_relics":[],"items_purged_floors":[14],"is_endless":false,"potions_floor_spawned":[1,3,11],"killed_by":"Hexaghost","ascension_level":20}