{"gold_per_floor":[112,128,128,140,157,189,217,247,282,294,326,353,365,377],"floor_reached":14,"playtime":2247,"items_purged":[],"score":106,"play_id":"6f693903-2901-4254-b80c-7a3dfaf12c30","local_time":"20191003104308","is_ascension_mode":true,"campfire_choices":[{"floor":10,"key":"RECALL"}],"neow_cost":"NONE","seed_source_timestamp":1722178893161519,"circlet_count":0,"master_deck":["Strike_R","Strike_R","Strike_R","Strike_R","Strike_R","Defend_R","Defend_R","Defend_R","Defend_R","Bash","Clothesline","Decay","Corruption","Infernal Blade","Clothesline","Shrug It Off","Heavy Blade"],"relics":["Burning Blood","MawBank"],"potions_floor_usage":[6,11,11,11],"damage_taken":[{"damage":4,"enemies":"Jaw Worm","floor":1,"turns":4},{"damage":4,"enemies":"Cultist","floor":2,"turns":3},{"damage":11,"enemies":"2 Louse","floor":4,"turns":3},{"damage":36,"enemies":"Gremlin Gang","floor":5,"turns":7},{"damage":19,"enemies":"Lagavulin","floor":6,"turns":7},{"damage":27,"enemies":"Lots of Slimes","floor":7,"turns":4},{"damage":11,"enemies":"Looter","floor":8,"turns":3},{"damage":33,"enemies":"Exordium Thugs","floor":11,"turns":4},{"damage":3,"enemies":"Blue Slaver","floor":12,"turns":3},{"damage":0,"enemies":"Lots of Slimes","floor":14,"turns":1}],"seed_played":"1571562860553634052","potions_obtained":[{"floor":5,"key":"Dexterity Potion"},{"floor":6,"key":"PowerPotion"},{"floor":7,"key":"BloodPotion"},{"floor":8,"key":"Energy Potion"}],"is_trial":false,"path_per_floor":["M","M","?","M","M","E","M","M","T","R","M","M","?","M"],"character_chosen":"IRONCLAD","items_purchased":[],"campfire_rested":0,"item_purchase_floors":[],"current_hp_per_floor":[88,88,88,83,53,40,19,14,14,14,9,12,12,12],"gold":377,"neow_bonus":"TEN_PERCENT_HP_BONUS","is_prod":false,"is_daily":false,"chose_seed":false,"campfire_upgraded":0,"win_rate":0,"timestamp":1570113788,"path_taken":["M","M","?","M","M","E","M","?","T","R","?","M","?","?"],"build_version":"2019-07-17","purchased_purges":0,"victory":false,"max_hp_per_floor":[88,88,88,88,88,88,88,88,88,88,88,88,88,88],"card_choices":[{"not_picked":["Clash","Rage"],"picked":"Clothesline","floor":1},{"not_picked":["Wild Strike","Thunderclap","Iron Wave"],"picked":"SKIP","floor":2},{"not_picked":["Barricade","Whirlwind"],"picked":"Corruption","floor":4},{"not_picked":["Corruption","Battle Trance"],"picked":"Infernal Blade","floor":5},{"not_picked":["Cleave","Body Slam","Clash"],"picked":"SKIP","floor":6},{"not_picked":["Cleave","Warcry"],"picked":"Clothesline","floor":7},{"not_picked":["Searing Blow","Whirlwind"],"picked":"Shrug It Off","floor":8},{"not_picked":["Combust","Headbutt","Anger"],"picked":"SKIP","floor":11},{"not_picked":["Immolate","Body Slam","Thunderclap"],"picked":"SKIP","floor":12}],"player_experience":198757,"relics_obtained":[{"floor":6,"key":"MawBank"}],"event_choices":[{"damage_healed":0,"gold_gain":0,"player_choice":"Cursed","damage_taken":0,"max_hp_gain":0,"max_hp_loss":0,"event_name":"Wheel of Change","floor":3,"gold_loss":0,"cards_obtained":["Decay"]},{"damage_healed":0,"gold_gain":0,"player_choice":"1 cards matched","damage_taken":0,"max_hp_gain":0,"max_hp_loss":0,"event_name":"Match and Keep!","floor":13,"gold_loss":0,"cards_obtained":["Heavy Blade"]}],"is_beta":false,"boss_relics":[],"items_purged_floors":[],"is_endless":false,"potions_floor_spawned":[5,6,7,8],"killed_by":"Lots of Slimes","ascension_level":2}