{"gold_per_floor":[116,127,147,163,238,238,249,249,272,282,282,298,331,341,341,440,440,460,253,168,186,196,196],"floor_reached":23,"playtime":4070,"items_purged":[],"score":207,"play_id":"9e27acd7-6bcf-44e1-be7c-0d52df7759fb","local_time":"20190418111933","is_ascension_mode":true,"campfire_choices":[{"data":"Deadly Poison","floor":6.0,"key":"SMITH"},{"floor":8.0,"key":"RECALL"},{"floor":11.0,"key":"REST"},{"data":"Prepared","floor":15.0,"key":"SMITH"}],"neow_cost":"NONE","seed_source_timestamp":0,"circlet_count":0,"master_deck":["Defend_G","Defend_G","Defend_G","Defend_G","Defend_G","Strike_G","Strike_G","Strike_G","Strike_G+1","Strike_G+1","Survivor","Neutralize","Deadly Poison+1","Prepared+1","Well Laid Plans","Catalyst+1"],"special_seed":0,"relics":["Ring of the Snake","Whetstone","Philosopher\u0027s Stone","TwistedFunnel","Regal Pillow"],"potions_floor_usage":[],"damage_taken":[{"damage":0.0,"enemies":"Small Slimes","floor":1.0,"turns":4.0},{"damage":0.0,"enemies":"Cultist","floor":2.0,"turns":4.0},{"damage":0.0,"enemies":"2 Louse","floor":3.0,"turns":3.0},{"damage":23.0,"enemies":"Exordium Thugs","floor":4.0,"turns":7.0},{"damage":8.0,"enemies":"Lots of Slimes","floor":7.0,"turns":7.0},{"damage":2.0,"enemies":"Large Slime","floor":10.0,"turns":6.0},{"damage":0.0,"enemies":"Gremlin Gang","floor":12.0,"turns":10.0},{"damage":13.0,"enemies":"Lagavulin","floor":13.0,"turns":6.0},{"damage":0.0,"enemies":"Looter","floor":14.0,"turns":3.0},{"damage":24.0,"enemies":"The Guardian","floor":16.0,"turns":10.0},{"damage":8.0,"enemies":"3 Byrds","floor":18.0,"turns":6.0},{"damage":17.0,"enemies":"Spheric Guardian","floor":21.0,"turns":4.0},{"damage":27,"enemies":"Snake Plant","floor":22,"turns":6},{"damage":29,"enemies":"Slavers","floor":23,"turns":2}],"seed_played":"224238626515294385","potions_obtained":[{"floor":3.0,"key":"GhostInAJar"},{"floor":4.0,"key":"Strength Potion"},{"floor":12.0,"key":"Dexterity Potion"},{"floor":16.0,"key":"Poison Potion"},{"floor":18.0,"key":"Fire Potion"}],"is_trial":false,"path_per_floor":["M","M","M","M","?","R","M","R","T","M","R","M","E","M","R","B",null,"M","$","?","M","M","E"],"character_chosen":"THE_SILENT","items_purchased":["TwistedFunnel"],"campfire_rested":1,"item_purchase_floors":[19],"current_hp_per_floor":[77,77,77,54,47,47,39,39,39,37,60,60,47,47,47,23,77,69,69,69,52,25,0],"gold":196,"neow_bonus":"TEN_PERCENT_HP_BONUS","is_prod":false,"is_daily":false,"chose_seed":false,"campfire_upgraded":2,"win_rate":0,"timestamp":1555600773,"path_taken":["M","M","M","M","?","R","M","R","T","?","R","M","E","M","R","BOSS","M","$","?","M","M","E"],"build_version":"2019-01-23","purchased_purges":0,"victory":false,"max_hp_per_floor":[77,77,77,77,77,77,77,77,77,77,77,77,77,77,77,77,77,77,77,77,77,77,77],"card_choices":[{"not_picked":["Backflip","Heel Hook","Dagger Throw"],"picked":"SKIP","floor":1.0},{"not_picked":["Quick Slash","Blade Dance"],"picked":"Deadly Poison","floor":2.0},{"not_picked":["Setup","Deflect","Infinite Blades"],"picked":"SKIP","floor":3.0},{"not_picked":["Dodge and Roll","Quick Slash","Blade Dance"],"picked":"SKIP","floor":4.0},{"not_picked":["Escape Plan","Tools of the Trade"],"picked":"Prepared","floor":7.0},{"not_picked":["Bane","Flechettes","Dodge and Roll"],"picked":"SKIP","floor":10.0},{"not_picked":["Calculated Gamble","Underhanded Strike","Poisoned Stab"],"picked":"SKIP","floor":12.0},{"not_picked":["Outmaneuver","Tools of the Trade"],"picked":"Well Laid Plans","floor":13.0},{"not_picked":["Acrobatics","Finisher","Concentrate"],"picked":"SKIP","floor":14.0},{"not_picked":["Dodge and Roll","Acrobatics","Deflect+1"],"picked":"SKIP","floor":18.0},{"not_picked":["Deflect","Dodge and Roll","Bane"],"picked":"SKIP","floor":21.0},{"not_picked":["Blur+1","Setup"],"picked":"Catalyst+1","floor":22}],"player_experience":131779,"relics_obtained":[{"floor":13.0,"key":"Whetstone"}],"event_choices":[{"damage_healed":0.0,"max_hp_gain":0.0,"max_hp_loss":0.0,"gold_gain":75.0,"event_name":"FaceTrader","player_choice":"Touch","floor":5.0,"gold_loss":0.0,"damage_taken":7.0},{"damage_healed":0.0,"max_hp_gain":0.0,"max_hp_loss":0.0,"gold_gain":0.0,"event_name":"Addict","player_choice":"Obtained Relic","floor":20.0,"gold_loss":85.0,"damage_taken":0.0,"relics_obtained":["Regal Pillow"]}],"is_beta":false,"boss_relics":[{"not_picked":["Ectoplasm","WristBlade"],"picked":"Philosopher\u0027s Stone"}],"items_purged_floors":[],"is_endless":false,"potions_floor_spawned":[3,4,12,16,18],"killed_by":"Slavers","ascension_level":1}