{"gold_per_floor":[218,218,238,128,128,154,184,231,268,280],"floor_reached":10,"playtime":577,"items_purged":["Defend_G"],"score":80,"play_id":"93c4184d-03bc-4c3a-a786-ed34ecd4b79b","local_time":"20181210161322","is_ascension_mode":true,"campfire_choices":[],"neow_cost":"NONE","seed_source_timestamp":2230377094234192,"circlet_count":0,"master_deck":["Defend_G","Defend_G","Defend_G","Defend_G","Strike_G","Strike_G","Strike_G","Strike_G","Survivor","Neutralize","Cloak And Dagger","Infinite Blades","Regret","Adrenaline","Leg Sweep"],"relics":["Ring of the Snake","Ancient Tea Set","MawBank","Blood Vial"],"potions_floor_usage":[8,8,8,10,10],"damage_taken":[{"damage":2,"enemies":"Small Slimes","floor":1,"turns":5},{"damage":0,"enemies":"Jaw Worm","floor":3,"turns":5},{"damage":25,"enemies":"3 Sentries","floor":6,"turns":11},{"damage":3,"enemies":"Cultist","floor":7,"turns":3},{"damage":28,"enemies":"Lagavulin","floor":8,"turns":8},{"damage":8,"enemies":"Exordium Thugs","floor":10,"turns":7}],"seed_played":"5526940512100490762","potions_obtained":[{"floor":3,"key":"FearPotion"},{"floor":6,"key":"EntropicBrew"}],"is_trial":false,"path_per_floor":["M","?","M","$","?","E","M","E","T","M"],"character_chosen":"THE_SILENT","items_purchased":["Infinite Blades"],"campfire_rested":0,"item_purchase_floors":[4],"current_hp_per_floor":[68,61,61,61,61,36,33,5,5,0],"gold":280,"neow_bonus":"HUNDRED_GOLD","is_prod":false,"is_daily":false,"chose_seed":false,"campfire_upgraded":0,"win_rate":0,"timestamp":1544454802,"path_taken":["M","?","M","$","?","E","M","E","T","M"],"build_version":"2018-12-06","purchased_purges":1,"victory":false,"max_hp_per_floor":[70,70,70,70,70,70,70,70,70,70],"card_choices":[{"not_picked":["Blade Dance","Prepared","Tactician"],"picked":"SKIP","floor":1},{"not_picked":["Finisher","PiercingWail"],"picked":"Cloak And Dagger","floor":3},{"not_picked":["Reflex","Predator"],"picked":"Adrenaline","floor":6},{"not_picked":["Outmaneuver","Deflect"],"picked":"Leg Sweep","floor":7},{"not_picked":["Expertise","Tactician","All Out Attack"],"picked":"SKIP","floor":8}],"player_experience":300925,"relics_obtained":[{"floor":6,"key":"MawBank"},{"floor":8,"key":"Blood Vial"}],"event_choices":[{"cards_removed":["Strike_G"],"damage_healed":0,"gold_gain":0,"player_choice":"Card Removal","damage_taken":7,"max_hp_gain":0,"max_hp_loss":0,"event_name":"Golden Wing","floor":2,"gold_loss":0},{"damage_healed":0,"gold_gain":0,"player_choice":"Box","damage_taken":0,"relics_obtained":["Ancient Tea Set"],"max_hp_gain":0,"max_hp_loss":0,"event_name":"Big Fish","floor":5,"gold_loss":0,"cards_obtained":["Regret"]}],"is_beta":false,"boss_relics":[],"items_purged_floors":[4],"is_endless":false,"potions_floor_spawned":[3,6],"killed_by":"Exordium Thugs","ascension_level":1}