{"gold_per_floor":[110,185,200,211,211,211,238,238,265,265,277,310,325,325,325,325],"floor_reached":16,"playtime":589,"items_purged":[],"score":224,"play_id":"3c1d9b30-7f37-4913-8a01-d75052529283","local_time":"20191006110159","is_ascension_mode":true,"campfire_choices":[{"floor":6,"key":"REST"},{"data":"Neutralize","floor":8,"key":"SMITH"},{"floor":10,"key":"REST"},{"floor":15,"key":"REST"}],"neow_cost":"NONE","seed_source_timestamp":2036855079026500,"circlet_count":0,"master_deck":["AscendersBane","Strike_G","Strike_G","Strike_G","Strike_G","Strike_G","Defend_G","Defend_G","Defend_G","Defend_G","Defend_G","Survivor","Neutralize+1","Deadly Poison","Dagger Spray","Bouncing Flask","Catalyst"],"special_seed":0,"relics":["Busted Crown","Pen Nib","Snake Skull","Smiling Mask"],"potions_floor_usage":[12,14],"damage_taken":[{"damage":2.0,"enemies":"2 Louse","floor":1.0,"turns":3.0},{"damage":8.0,"enemies":"Small Slimes","floor":3.0,"turns":4.0},{"damage":13.0,"enemies":"Jaw Worm","floor":4.0,"turns":4.0},{"damage":34,"enemies":"3 Sentries","floor":7,"turns":11},{"damage":2,"enemies":"3 Louse","floor":11,"turns":3},{"damage":12,"enemies":"Lagavulin","floor":12,"turns":6},{"damage":13,"enemies":"Large Slime","floor":13,"turns":6},{"damage":1,"enemies":"Exordium Wildlife","floor":14,"turns":2},{"damage":36,"enemies":"The Guardian","floor":16,"turns":2}],"seed_played":"1697008178720383402","potions_obtained":[{"floor":11,"key":"Poison Potion"},{"floor":12,"key":"SmokeBomb"}],"is_trial":false,"path_per_floor":["M","?","M","M","?","R","E","R","T","R","M","E","M","M","R","B"],"character_chosen":"THE_SILENT","items_purchased":[],"campfire_rested":3,"item_purchase_floors":[],"current_hp_per_floor":[57,46,38,25,25,44,10,10,10,29,27,15,2,1,20,0],"gold":325,"neow_bonus":"BOSS_RELIC","is_prod":false,"is_daily":false,"chose_seed":false,"campfire_upgraded":1,"win_rate":0,"timestamp":1570384919,"path_taken":["M","?","M","M","?","R","E","R","T","R","M","E","M","M","R","BOSS"],"build_version":"2019-10-04","purchased_purges":0,"victory":false,"max_hp_per_floor":[66,66,66,66,66,66,66,66,66,66,66,66,66,66,66,66],"card_choices":[{"not_picked":[],"picked":"Deadly Poison","floor":1.0},{"not_picked":[],"picked":"Dagger Spray","floor":3.0},{"not_picked":[],"picked":"Bouncing Flask","floor":4.0},{"not_picked":["Dodge and Roll"],"picked":"SKIP","floor":7},{"not_picked":["Prepared"],"picked":"SKIP","floor":11},{"not_picked":[],"picked":"Catalyst","floor":12},{"not_picked":["Dagger Spray"],"picked":"SKIP","floor":13}],"player_experience":1538687,"relics_obtained":[{"floor":7,"key":"Pen Nib"},{"floor":9,"key":"Snake Skull"},{"floor":12,"key":"Smiling Mask"}],"event_choices":[{"damage_healed":0.0,"max_hp_gain":0.0,"max_hp_loss":0.0,"gold_gain":75.0,"event_name":"World of Goop","player_choice":"Gather Gold","floor":2.0,"gold_loss":0.0,"damage_taken":11.0},{"damage_healed":0,"gold_gain":0,"player_choice":"Fled","damage_taken":0,"max_hp_gain":0,"max_hp_loss":0,"event_name":"Scrap Ooze","floor":5,"gold_loss":0}],"is_beta":true,"boss_relics":[],"items_purged_floors":[],"is_endless":false,"potions_floor_spawned":[11,12,14],"killed_by":"The Guardian","ascension_level":20}