{"gold_per_floor":[113,129,54,70,85,85,85,85,85,85,95,114,71,105,105,105],"floor_reached":16,"playtime":1365,"items_purged":["Defend_G"],"score":204,"play_id":"a423769b-e7bd-4382-a4ab-3ad72ab53391","local_time":"20190221132511","is_ascension_mode":true,"campfire_choices":[{"data":"Neutralize","floor":6,"key":"SMITH"},{"data":"Deflect","floor":8,"key":"SMITH"},{"floor":10,"key":"REST"},{"floor":15,"key":"REST"}],"neow_cost":"PERCENT_DAMAGE","seed_source_timestamp":588458888611246,"circlet_count":0,"master_deck":["AscendersBane","Defend_G","Defend_G","Defend_G","Strike_G","Strike_G","Strike_G","Strike_G","Survivor","Neutralize+1","Deflect+1","PiercingWail+1","Escape Plan","Bullet Time+1","Dash","Caltrops","Deflect"],"relics":["Ring of the Snake","Gremlin Horn","War Paint"],"potions_floor_usage":[12,14,16],"damage_taken":[{"damage":3,"enemies":"Cultist","floor":1,"turns":4},{"damage":1,"enemies":"Small Slimes","floor":2,"turns":5},{"damage":0,"enemies":"2 Louse","floor":4,"turns":4},{"damage":2,"enemies":"Blue Slaver","floor":5,"turns":6},{"damage":0,"enemies":"Lots of Slimes","floor":11,"turns":6},{"damage":0,"enemies":"2 Fungi Beasts","floor":12,"turns":2},{"damage":37,"enemies":"Lagavulin","floor":14,"turns":11},{"damage":50,"enemies":"Slime Boss","floor":16,"turns":11}],"seed_played":"-2848913900508261740","potions_obtained":[{"floor":1,"key":"SkillPotion"},{"floor":4,"key":"Energy Potion"},{"floor":14,"key":"EssenceOfSteel"}],"is_trial":false,"path_per_floor":["M","M","$","M","M","R","$","R","T","R","M","M","$","E","R","B"],"character_chosen":"THE_SILENT","items_purchased":["Caltrops"],"campfire_rested":2,"item_purchase_floors":[13],"current_hp_per_floor":[41,40,40,40,38,38,38,38,38,57,57,57,57,20,39,0],"gold":105,"neow_bonus":"REMOVE_TWO","is_prod":false,"is_daily":false,"chose_seed":false,"campfire_upgraded":2,"win_rate":0,"timestamp":1550751911,"path_taken":["M","M","$","M","M","R","$","R","T","R","M","M","$","E","R","BOSS"],"build_version":"2019-01-23","purchased_purges":1,"victory":false,"max_hp_per_floor":[66,66,66,66,66,66,66,66,66,66,66,66,66,66,66,66],"card_choices":[{"not_picked":["Heel Hook","Slice"],"picked":"Deflect","floor":1},{"not_picked":["Concentrate","Dagger Throw","Quick Slash"],"picked":"SKIP","floor":2},{"not_picked":["Underhanded Strike","Dodge and Roll"],"picked":"PiercingWail","floor":4},{"not_picked":["Dodge and Roll","Prepared"],"picked":"Escape Plan","floor":5},{"not_picked":["Underhanded Strike","Deflect"],"picked":"Bullet Time","floor":11},{"not_picked":["Blade Dance","Backflip"],"picked":"Dash","floor":12},{"not_picked":["Flying Knee","Bane"],"picked":"Deflect","floor":14}],"player_experience":608956,"relics_obtained":[{"floor":9,"key":"Gremlin Horn"},{"floor":14,"key":"War Paint"}],"event_choices":[],"is_beta":false,"boss_relics":[],"items_purged_floors":[3],"is_endless":false,"potions_floor_spawned":[1,4,14],"killed_by":"Slime Boss","ascension_level":20}