{"gold_per_floor":[13,25,39,114,133,133,148,161,161,161,186,24,24,24,24,97,97,116,132,132,132,150,150,183,201,224,236,236],"floor_reached":28,"playtime":803,"items_purged":["Defend_R"],"score":399,"play_id":"891712ea-5a55-4917-a377-984a09c8a725","local_time":"20190325041942","is_ascension_mode":true,"campfire_choices":[{"data":"Body Slam","floor":6,"key":"SMITH"},{"data":"Armaments","floor":10,"key":"SMITH"},{"data":"Immolate","floor":15,"key":"SMITH"},{"data":"True Grit","floor":23,"key":"SMITH"}],"neow_cost":"NO_GOLD","seed_source_timestamp":8270535027301,"circlet_count":0,"master_deck":["AscendersBane","Strike_R+1","Strike_R+1","Strike_R+1","Strike_R+1","Defend_R+1","Defend_R+1","Defend_R+1","Bash","Body Slam+1","True Grit+1","Iron Wave","Offering+1","Armaments+1","Shockwave","Immolate+1","Panacea+1","Dark Embrace","Uppercut","Rupture+1"],"relics":["Burning Blood","Du-Vu Doll","Whetstone","Blood Vial","Busted Crown","Potion Belt","War Paint"],"potions_floor_usage":[5,11,19,24,28],"damage_taken":[{"damage":6,"enemies":"Cultist","floor":1,"turns":3},{"damage":14,"enemies":"Small Slimes","floor":2,"turns":5},{"damage":7,"enemies":"Jaw Worm","floor":3,"turns":3},{"damage":5,"enemies":"2 Fungi Beasts","floor":5,"turns":3},{"damage":17,"enemies":"Exordium Thugs","floor":7,"turns":4},{"damage":11,"enemies":"Blue Slaver","floor":8,"turns":4},{"damage":26,"enemies":"Lagavulin","floor":11,"turns":6},{"damage":24,"enemies":"Slime Boss","floor":16,"turns":7},{"damage":16,"enemies":"2 Thieves","floor":18,"turns":2},{"damage":6,"enemies":"3 Byrds","floor":19,"turns":3},{"damage":6,"enemies":"3 Cultists","floor":22,"turns":2},{"damage":22,"enemies":"Slavers","floor":24,"turns":3},{"damage":19,"enemies":"Sentry and Sphere","floor":25,"turns":4},{"damage":8,"enemies":"Centurion and Healer","floor":27,"turns":3},{"damage":27,"enemies":"Book of Stabbing","floor":28,"turns":3}],"seed_played":"-2021378028183890477","potions_obtained":[{"floor":2,"key":"LiquidBronze"},{"floor":3,"key":"AttackPotion"},{"floor":7,"key":"LiquidBronze"},{"floor":19,"key":"SkillPotion"},{"floor":22,"key":"GamblersBrew"}],"is_trial":false,"path_per_floor":["M","M","M","?","M","R","M","M","T","R","E","$","?","?","R","B",null,"M","M","?","?","M","R","E","M","T","M","E"],"character_chosen":"IRONCLAD","items_purchased":["Panacea"],"campfire_rested":0,"item_purchase_floors":[12],"current_hp_per_floor":[72,64,63,52,53,53,42,37,37,37,17,17,43,43,43,27,67,59,61,46,46,48,48,34,23,23,23,0],"gold":236,"neow_bonus":"ONE_RARE_RELIC","is_prod":false,"is_daily":false,"chose_seed":false,"campfire_upgraded":4,"win_rate":0,"timestamp":1553455182,"path_taken":["M","M","?","?","M","R","M","M","T","R","E","$","?","?","R","BOSS","M","M","?","?","M","R","E","M","T","M","E"],"build_version":"2019-01-23","purchased_purges":1,"victory":false,"max_hp_per_floor":[80,80,80,80,80,80,80,80,80,80,80,80,80,80,80,80,80,80,80,85,85,85,85,85,85,85,85,85],"card_choices":[{"not_picked":["Armaments","Heavy Blade"],"picked":"Body Slam","floor":1},{"not_picked":["Headbutt","Searing Blow"],"picked":"True Grit","floor":2},{"not_picked":["Clash","Warcry"],"picked":"Iron Wave","floor":3},{"not_picked":["Anger","Heavy Blade"],"picked":"Offering","floor":5},{"not_picked":["Burning Pact","Sword Boomerang"],"picked":"Armaments","floor":7},{"not_picked":["Rupture","Anger"],"picked":"Shockwave","floor":8},{"not_picked":["Body Slam","Rupture"],"picked":"Immolate","floor":11},{"not_picked":["Double Tap","Feed"],"picked":"Dark Embrace","floor":16},{"not_picked":["Wild Strike"],"picked":"SKIP","floor":18},{"not_picked":["Wild Strike"],"picked":"SKIP","floor":19},{"not_picked":["Power Through"],"picked":"SKIP","floor":22},{"not_picked":["Perfected Strike"],"picked":"SKIP","floor":24},{"not_picked":[],"picked":"Uppercut","floor":25},{"not_picked":[],"picked":"Rupture+1","floor":27}],"player_experience":612529,"relics_obtained":[{"floor":9,"key":"Whetstone"},{"floor":11,"key":"Blood Vial"},{"floor":24,"key":"Potion Belt"},{"floor":26,"key":"War Paint"}],"event_choices":[{"damage_healed":0,"gold_gain":75,"player_choice":"Gather Gold","damage_taken":11,"max_hp_gain":0,"max_hp_loss":0,"event_name":"World of Goop","floor":4,"gold_loss":0},{"damage_healed":26,"gold_gain":0,"player_choice":"Banana","damage_taken":0,"max_hp_gain":0,"max_hp_loss":0,"event_name":"Big Fish","floor":13,"gold_loss":0},{"cards_removed":["Strike_R"],"damage_healed":0,"gold_gain":0,"player_choice":"Purged","damage_taken":0,"max_hp_gain":0,"max_hp_loss":0,"event_name":"Purifier","floor":14,"gold_loss":0},{"damage_healed":0,"gold_gain":0,"player_choice":"Shed Blood","damage_taken":20,"max_hp_gain":5,"max_hp_loss":0,"event_name":"Forgotten Altar","floor":20,"gold_loss":0},{"damage_healed":0,"gold_gain":0,"player_choice":"Simplicity","damage_taken":0,"max_hp_gain":0,"max_hp_loss":0,"event_name":"Back to Basics","floor":21,"gold_loss":0,"cards_upgraded":["Strike_R","Strike_R","Defend_R","Defend_R","Defend_R"]}],"is_beta":false,"boss_relics":[{"not_picked":["Empty Cage","Coffee Dripper"],"picked":"Busted Crown"}],"items_purged_floors":[12],"is_endless":false,"potions_floor_spawned":[2,3,7,19,22],"killed_by":"Book of Stabbing","ascension_level":13}