{"gold_per_floor":[111,123,123,133,58,58,87,87,87,9,9,21,35,70,70,144,144,162,162,212,227,150,150,180,194,220,220,235,235,235,160,160,231,281,297,308,129,140,140,140,170,170,170,180,195,195,211,211],"floor_reached":48,"playtime":3839,"items_purged":["Strike_G","Strike_G+1"],"score":931,"play_id":"3eeb2430-0b6a-4013-aaba-95eb201775e3","local_time":"20190125161850","is_ascension_mode":true,"campfire_choices":[{"floor":6,"key":"REST"},{"data":"Neutralize","floor":8,"key":"SMITH"},{"data":"Backflip","floor":15,"key":"SMITH"},{"floor":23,"key":"REST"},{"floor":27,"key":"REST"},{"floor":32,"key":"REST"},{"data":"Skewer","floor":40,"key":"SMITH"},{"floor":42,"key":"REST"}],"neow_cost":"NONE","seed_source_timestamp":318104891728528,"circlet_count":0,"master_deck":["AscendersBane","Defend_G+1","Defend_G+1","Defend_G+1","Defend_G+1","Strike_G+1","Survivor","Neutralize+1","Die Die Die","Predator+1","Well Laid Plans","Backflip+1","Tools of the Trade+1","PiercingWail+1","Tools of the Trade+1","Well Laid Plans+1","Backstab","Footwork+1","Noxious Fumes+1","Outmaneuver+1","Slice","Bullet Time","Expertise+1","Blade Dance+1","Skewer+1","Accuracy+1","Dash","Underhanded Strike","Cloak And Dagger","Bouncing Flask+1","Predator"],"relics":["Ring of the Snake","Frozen Egg 2","Juzu Bracelet","Ice Cream","Sozu","Bag of Marbles","Happy Flower","Oddly Smooth Stone","MutagenicStrength","Tiny House","Mummified Hand","Shuriken"],"potions_floor_usage":[14,16],"damage_taken":[{"damage":0,"enemies":"2 Louse","floor":1,"turns":2},{"damage":2,"enemies":"Small Slimes","floor":2,"turns":2},{"damage":0,"enemies":"Cultist","floor":4,"turns":3},{"damage":17,"enemies":"3 Sentries","floor":7,"turns":10},{"damage":1,"enemies":"Looter","floor":12,"turns":3},{"damage":1,"enemies":"Blue Slaver","floor":13,"turns":3},{"damage":3,"enemies":"Gremlin Nob","floor":14,"turns":3},{"damage":35,"enemies":"Hexaghost","floor":16,"turns":16},{"damage":12,"enemies":"Spheric Guardian","floor":18,"turns":5},{"damage":8,"enemies":"2 Thieves","floor":21,"turns":4},{"damage":24,"enemies":"Book of Stabbing","floor":24,"turns":9},{"damage":15,"enemies":"Shelled Parasite and Fungi","floor":25,"turns":5},{"damage":7,"enemies":"Snecko","floor":28,"turns":6},{"damage":24,"enemies":"Collector","floor":33,"turns":9},{"damage":8,"enemies":"3 Shapes","floor":35,"turns":4},{"damage":7,"enemies":"3 Darklings","floor":36,"turns":7},{"damage":0,"enemies":"4 Shapes","floor":38,"turns":5},{"damage":32,"enemies":"Reptomancer","floor":41,"turns":10},{"damage":0,"enemies":"Sphere and 2 Shapes","floor":44,"turns":3},{"damage":20,"enemies":"Spire Growth","floor":45,"turns":5},{"damage":0,"enemies":"Transient","floor":47,"turns":6},{"damage":27,"enemies":"Jaw Worm Horde","floor":48,"turns":2}],"seed_played":"-6300202321983078521","potions_obtained":[{"floor":2,"key":"Block Potion"},{"floor":7,"key":"Energy Potion"}],"is_trial":false,"path_per_floor":["M","M","?","M","$","R","E","R","T","$","?","M","M","E","R","B",null,"M","?","?","M","$","R","E","M","T","R","M","T","?","?","R","B",null,"M","M","$","M","?","R","E","R","T","M","M","?","M","M"],"character_chosen":"THE_SILENT","items_purchased":["Tools of the Trade+1","Footwork+1","Accuracy+1"],"campfire_rested":5,"item_purchase_floors":[10,22,37],"current_hp_per_floor":[59,57,57,57,57,66,49,49,49,49,49,48,47,44,44,9,52,40,40,40,32,32,51,27,12,12,31,24,24,24,24,43,19,59,51,44,44,44,44,44,12,33,33,33,13,13,13,0],"gold":211,"neow_bonus":"ONE_RANDOM_RARE_CARD","is_prod":false,"is_daily":false,"chose_seed":false,"campfire_upgraded":3,"win_rate":0,"timestamp":1548429530,"path_taken":["M","M","?","M","$","R","E","R","T","$","?","M","M","E","R","BOSS","M","?","?","M","$","R","E","M","T","R","M","?","?","?","R","BOSS","M","M","$","M","?","R","E","R","T","M","M","?","M","M"],"build_version":"2019-01-23","purchased_purges":2,"victory":false,"max_hp_per_floor":[66,66,66,66,66,66,66,66,66,66,66,66,66,66,66,66,66,66,66,66,66,66,66,66,66,66,66,66,66,66,66,66,66,71,71,71,71,71,71,71,71,71,71,71,71,71,71,71],"card_choices":[{"not_picked":["Blade Dance","Expertise"],"picked":"Predator","floor":1},{"not_picked":["Masterful Stab","Tactician"],"picked":"Well Laid Plans","floor":2},{"not_picked":["Outmaneuver","Dagger Throw","Poisoned Stab"],"picked":"SKIP","floor":4},{"not_picked":["Deflect","Bouncing Flask"],"picked":"Backflip","floor":7},{"not_picked":["Skewer","Slice","Night Terror"],"picked":"SKIP","floor":12},{"not_picked":["Blade Dance","Dagger Throw","Flechettes"],"picked":"SKIP","floor":13},{"not_picked":["Backflip","Bouncing Flask"],"picked":"PiercingWail","floor":14},{"not_picked":["Storm of Steel","Unload"],"picked":"Tools of the Trade+1","floor":16},{"not_picked":["Bouncing Flask","Prepared"],"picked":"Well Laid Plans+1","floor":18},{"not_picked":["Deadly Poison","Dagger Spray"],"picked":"Backstab","floor":21},{"not_picked":["Prepared","Cloak And Dagger+1"],"picked":"Noxious Fumes+1","floor":24},{"not_picked":["Dagger Throw","Reflex"],"picked":"Outmaneuver+1","floor":25},{"not_picked":["Sucker Punch","Dagger Throw"],"picked":"Slice","floor":28},{"not_picked":["Grand Finale","Doppelganger"],"picked":"Bullet Time","floor":33},{"not_picked":["Reflex","Deadly Poison"],"picked":"Expertise+1","floor":34},{"not_picked":["Dodge and Roll","Bouncing Flask+1"],"picked":"Blade Dance+1","floor":35},{"not_picked":["Quick Slash","All Out Attack"],"picked":"Skewer","floor":36},{"not_picked":["Eviscerate","Flechettes"],"picked":"Dash","floor":38},{"not_picked":["Eviscerate","Flying Knee"],"picked":"Underhanded Strike","floor":41},{"not_picked":["Quick Slash","Dash"],"picked":"Cloak And Dagger","floor":44},{"not_picked":["Deadly Poison","Doppelganger"],"picked":"Bouncing Flask+1","floor":45},{"not_picked":["Dagger Throw","Deadly Poison","Slice"],"picked":"SKIP","floor":47}],"player_experience":544043,"relics_obtained":[{"floor":7,"key":"Frozen Egg 2"},{"floor":9,"key":"Juzu Bracelet"},{"floor":14,"key":"Ice Cream"},{"floor":24,"key":"Bag of Marbles"},{"floor":26,"key":"Happy Flower"},{"floor":29,"key":"Oddly Smooth Stone"},{"floor":41,"key":"Mummified Hand"},{"floor":43,"key":"Shuriken"}],"event_choices":[{"cards_removed":["Strike_G"],"damage_healed":0,"gold_gain":0,"player_choice":"Forget","damage_taken":0,"max_hp_gain":0,"max_hp_loss":0,"event_name":"Living Wall","floor":3,"gold_loss":0},{"damage_healed":0,"gold_gain":0,"player_choice":"Upgraded","damage_taken":0,"max_hp_gain":0,"max_hp_loss":0,"event_name":"Upgrade Shrine","floor":11,"gold_loss":0,"cards_upgraded":["Predator"]},{"damage_healed":0,"gold_gain":0,"player_choice":"Simplicity","damage_taken":0,"max_hp_gain":0,"max_hp_loss":0,"event_name":"Back to Basics","floor":19,"gold_loss":0,"cards_upgraded":["Defend_G","Defend_G","Defend_G","Defend_G","Defend_G","Strike_G","Strike_G","Strike_G"]},{"damage_healed":0,"gold_gain":50,"player_choice":"Stole From Cult","damage_taken":0,"max_hp_gain":0,"max_hp_loss":0,"event_name":"Nest","floor":20,"gold_loss":0},{"damage_healed":0,"gold_gain":0,"player_choice":"Inject Mutagens","damage_taken":0,"relics_obtained":["MutagenicStrength"],"max_hp_gain":0,"max_hp_loss":0,"event_name":"Drug Dealer","floor":30,"gold_loss":0},{"cards_removed":["Defend_G"],"damage_healed":0,"gold_gain":0,"player_choice":"Gave Gold","damage_taken":0,"max_hp_gain":0,"max_hp_loss":0,"event_name":"Beggar","floor":31,"gold_loss":75},{"damage_healed":0,"gold_gain":0,"player_choice":"Ignored","damage_taken":0,"max_hp_gain":0,"max_hp_loss":0,"event_name":"Mysterious Sphere","floor":39,"gold_loss":0},{"damage_healed":0,"gold_gain":0,"cards_transformed":["Strike_G"],"player_choice":"Transformed","damage_taken":0,"max_hp_gain":0,"max_hp_loss":0,"event_name":"Transmorgrifier","floor":46,"gold_loss":0,"cards_obtained":["Predator"]}],"is_beta":false,"boss_relics":[{"not_picked":["Ring of the Serpent","HoveringKite"],"picked":"Sozu"},{"not_picked":["WristBlade","Philosopher\u0027s Stone"],"picked":"Tiny House"}],"items_purged_floors":[5,37],"is_endless":false,"potions_floor_spawned":[2,7,12,25,33,38,41,45],"killed_by":"Jaw Worm Horde","ascension_level":18}