{"gold_per_floor":[112,112,122,136,148,148,148,148,220,243,264,264,264,284,284,408,408,424,439,292,315,329,362,362,427,427,451,451,471,505,0,0,126,126,139,205,226,65,88,132,145,145,198,198,198,223,223,244,244,244,244,244,52,91,91],"floor_reached":56,"playtime":4000,"items_purged":["Beam Cell","Redo","Sweeping Beam"],"score":1281,"play_id":"25483247-f1e3-42f4-9122-8ac42db14aa3","local_time":"20190726050533","is_ascension_mode":false,"campfire_choices":[{"data":"Static Discharge","floor":6,"key":"SMITH"},{"data":"Zap","floor":8,"key":"SMITH"},{"floor":13,"key":"REST"},{"data":"Storm","floor":15,"key":"SMITH"},{"data":"Creative AI","floor":28,"key":"SMITH"},{"floor":32,"key":"REST"},{"floor":42,"key":"RECALL"},{"data":"Hello World","floor":44,"key":"SMITH"},{"data":"Amplify","floor":47,"key":"SMITH"},{"data":"Thunder Strike","floor":49,"key":"SMITH"},{"data":"Heatsinks","floor":52,"key":"SMITH"}],"neow_cost":"NONE","seed_source_timestamp":305254789031905,"circlet_count":0,"master_deck":["Zap+1","Dualcast","Static Discharge+1","Hello World","Glacier","Storm+1","Creative AI+1","Hello World+1","Auto Shields","Force Field","Heatsinks+1","Force Field","Leap+1","Tempest+1","Thunder Strike+1","Amplify+1","Skim+1","Biased Cognition","Turbo+1","Defragment","Storm+1","Defragment","Glacier+1"],"relics":["Cracked Core","DataDisk","Golden Idol","Mummified Hand","Pandora\u0027s Box","Happy Flower","Nilry\u0027s Codex","Tiny Chest","Cables","Orichalcum","Boot","Lantern","Singing Bowl","Sozu","Gambling Chip","Blood Vial","Pantograph","Sundial"],"potions_floor_usage":[10,14,16,16,33,40,55,55],"damage_taken":[{"damage":1,"enemies":"Jaw Worm","floor":1,"turns":3},{"damage":1,"enemies":"2 Louse","floor":3,"turns":2},{"damage":0,"enemies":"Cultist","floor":4,"turns":3},{"damage":9,"enemies":"Blue Slaver","floor":5,"turns":3},{"damage":11,"enemies":"Exordium Wildlife","floor":10,"turns":2},{"damage":5,"enemies":"Looter","floor":11,"turns":2},{"damage":0,"enemies":"Lots of Slimes","floor":14,"turns":4},{"damage":10,"enemies":"The Guardian","floor":16,"turns":8},{"damage":0,"enemies":"Chosen","floor":18,"turns":3},{"damage":0,"enemies":"Spheric Guardian","floor":19,"turns":2},{"damage":0,"enemies":"Snake Plant","floor":21,"turns":3},{"damage":3,"enemies":"Chosen and Byrds","floor":22,"turns":3},{"damage":6,"enemies":"Book of Stabbing","floor":23,"turns":4},{"damage":0,"enemies":"Gremlin Leader","floor":25,"turns":5},{"damage":0,"enemies":"Centurion and Healer","floor":29,"turns":5},{"damage":14,"enemies":"Slavers","floor":30,"turns":3},{"damage":21,"enemies":"Champ","floor":33,"turns":7},{"damage":0,"enemies":"3 Darklings","floor":35,"turns":3},{"damage":14,"enemies":"2 Orb Walkers","floor":36,"turns":2},{"damage":0,"enemies":"Orb Walker","floor":37,"turns":2},{"damage":0,"enemies":"Maw","floor":39,"turns":3},{"damage":0,"enemies":"Reptomancer","floor":40,"turns":4},{"damage":0,"enemies":"4 Shapes","floor":41,"turns":2},{"damage":21,"enemies":"Spire Growth","floor":46,"turns":3},{"damage":0,"enemies":"Transient","floor":48,"turns":5},{"damage":16,"enemies":"Donu and Deca","floor":50,"turns":3},{"damage":0,"enemies":"Shield and Spear","floor":54,"turns":2},{"damage":47,"enemies":"The Heart","floor":55,"turns":6}],"seed_played":"-7032402253625225953","potions_obtained":[{"floor":0,"key":"Block Potion"},{"floor":0,"key":"Strength Potion"},{"floor":0,"key":"Explosive Potion"},{"floor":11,"key":"EssenceOfSteel"},{"floor":16,"key":"PowerPotion"},{"floor":21,"key":"Swift Potion"},{"floor":23,"key":"Poison Potion"},{"floor":33,"key":"Swift Potion"}],"is_trial":false,"path_per_floor":["M","?","M","M","M","R","?","R","T","M","M","?","R","M","R","B",null,"M","M","$","M","M","E","?","E","T","T","R","M","E","$","R","B",null,"M","?","M","$","M","E","M","R","T","R","T","M","R","M","R","B",null,"R","$","E","B",null],"character_chosen":"DEFECT","items_purchased":["Force Field","Lantern","Singing Bowl","Biased Cognition","Defragment"],"campfire_rested":2,"item_purchase_floors":[20,31,31,38,53],"current_hp_per_floor":[74,62,61,61,52,52,34,34,34,23,18,11,33,33,33,23,75,75,75,75,75,72,66,50,50,50,50,50,50,36,36,58,37,75,75,61,63,63,65,65,69,69,69,69,69,50,50,52,52,63,81,81,81,81,34],"gold":91,"neow_bonus":"THREE_SMALL_POTIONS","is_prod":false,"is_daily":false,"chose_seed":false,"campfire_upgraded":8,"win_rate":0,"timestamp":1564110333,"path_taken":["M","?","M","M","M","R","?","R","T","M","M","?","R","?","R","BOSS","M","?","$","M","M","E","?","E","T","?","R","M","E","$","R","BOSS","M","?","M","$","M","E","M","R","T","R","?","M","R","M","R","BOSS","R","$","E","BOSS"],"build_version":"2019-07-17","purchased_purges":3,"victory":true,"max_hp_per_floor":[75,75,75,75,75,75,75,75,75,75,75,75,75,75,75,75,75,75,75,75,75,75,75,75,75,75,75,75,75,75,75,75,75,75,75,75,77,77,79,79,81,81,81,81,81,81,81,81,81,81,81,81,81,81,81],"card_choices":[{"not_picked":["Conserve Battery","Hologram"],"picked":"Static Discharge","floor":1},{"not_picked":["Static Discharge","Loop"],"picked":"Hello World","floor":3},{"not_picked":["Steam","Reprogram","Go for the Eyes"],"picked":"SKIP","floor":4},{"not_picked":["Steam Power","Barrage","Scrape"],"picked":"SKIP","floor":5},{"not_picked":["Cold Snap","Beam Cell","Leap"],"picked":"SKIP","floor":10},{"not_picked":["Leap","Beam Cell"],"picked":"Glacier","floor":11},{"not_picked":["Heatsinks","Rebound"],"picked":"Storm","floor":14},{"not_picked":["Echo Form","Reboot"],"picked":"Creative AI","floor":16},{"not_picked":["Sunder","Stack+1","Turbo+1"],"picked":"SKIP","floor":18},{"not_picked":["Ball Lightning","Cold Snap","Stack"],"picked":"SKIP","floor":19},{"not_picked":["Darkness","Beam Cell"],"picked":"Leap+1","floor":21},{"not_picked":["Leap","Streamline"],"picked":"Tempest+1","floor":22},{"not_picked":["FTL","Barrage","Hologram"],"picked":"SKIP","floor":23},{"not_picked":["Conserve Battery","Streamline","Leap"],"picked":"SKIP","floor":25},{"not_picked":["Sunder","Recycle","Go for the Eyes"],"picked":"SKIP","floor":29},{"not_picked":["Auto Shields","Rebound"],"picked":"Thunder Strike","floor":30},{"not_picked":["Multi-Cast","All For One"],"picked":"Amplify","floor":33},{"not_picked":["Go for the Eyes+1","Turbo"],"picked":"Skim+1","floor":35},{"not_picked":["Compile Driver+1","Steam","FTL"],"picked":"Singing Bowl","floor":37},{"not_picked":["Turbo","Static Discharge","Stack+1"],"picked":"Singing Bowl","floor":39},{"not_picked":["Gash+1","Sweeping Beam+1"],"picked":"Turbo+1","floor":40},{"not_picked":["Steam+1","Redo","BootSequence+1"],"picked":"Singing Bowl","floor":41},{"not_picked":["Rainbow","Steam"],"picked":"Defragment","floor":46},{"not_picked":["Recycle","Steam+1"],"picked":"Storm+1","floor":48},{"not_picked":["Fission","Barrage"],"picked":"Glacier+1","floor":54}],"player_experience":123183,"relics_obtained":[{"floor":9,"key":"Mummified Hand"},{"floor":23,"key":"Happy Flower"},{"floor":24,"key":"Nilry\u0027s Codex"},{"floor":25,"key":"Tiny Chest"},{"floor":26,"key":"Cables"},{"floor":27,"key":"Orichalcum"},{"floor":30,"key":"Boot"},{"floor":36,"key":"Gambling Chip"},{"floor":40,"key":"Blood Vial"},{"floor":45,"key":"Pantograph"},{"floor":54,"key":"Sundial"}],"event_choices":[{"damage_healed":0,"gold_gain":0,"player_choice":"Success","damage_taken":12,"relics_obtained":["DataDisk"],"max_hp_gain":0,"max_hp_loss":0,"event_name":"Scrap Ooze","floor":2,"gold_loss":0},{"damage_healed":0,"gold_gain":0,"player_choice":"Take Damage","damage_taken":18,"relics_obtained":["Golden Idol"],"max_hp_gain":0,"max_hp_loss":0,"event_name":"Golden Idol","floor":7,"gold_loss":0},{"cards_removed":["Strike_B"],"damage_healed":0,"gold_gain":0,"player_choice":"Card Removal","damage_taken":7,"max_hp_gain":0,"max_hp_loss":0,"event_name":"Golden Wing","floor":12,"gold_loss":0},{"damage_healed":0,"gold_gain":0,"player_choice":"Obtained Book","damage_taken":16,"max_hp_gain":0,"max_hp_loss":0,"event_name":"Cursed Tome","floor":24,"gold_loss":0},{"damage_healed":0,"gold_gain":0,"player_choice":"Fight","damage_taken":0,"max_hp_gain":0,"max_hp_loss":0,"event_name":"Mysterious Sphere","floor":36,"gold_loss":0}],"is_beta":false,"boss_relics":[{"not_picked":["Velvet Choker","White Beast Statue"],"picked":"Pandora\u0027s Box"},{"not_picked":["Nuclear Battery","Runic Dome"],"picked":"Sozu"}],"items_purged_floors":[20,31,53],"is_endless":false,"potions_floor_spawned":[1,4,11,16,21,23,30,33,35,36,39,41],"ascension_level":0}