{"gold_per_floor":[109,123,142,162,162,162,173,173,250,250,266,276,292,21,21,93,93,103,3,3,3,3,3,16,30,57,70,170,22,38,38,38,114,114,129,129,129,4,24,24,124,124,148,51,51,51,66,86,86,86],"floor_reached":50,"playtime":3123,"items_purged":["Strike_R","Defend_R","Strike_R+1"],"score":738,"play_id":"b4224e4a-61ed-42b8-8e4f-91ad239d376a","local_time":"20190325205627","is_ascension_mode":true,"campfire_choices":[{"data":"Infernal Blade","floor":6,"key":"SMITH"},{"data":"Armaments","floor":8,"key":"SMITH"},{"data":"Rampage","floor":10,"key":"SMITH"},{"data":"Inflame","floor":15,"key":"SMITH"},{"data":"Flame Barrier","floor":23,"key":"SMITH"},{"floor":32,"key":"REST"},{"floor":40,"key":"REST"},{"data":"Madness","floor":42,"key":"SMITH"},{"data":"Jack Of All Trades","floor":46,"key":"SMITH"},{"floor":49,"key":"REST"}],"neow_cost":"TEN_PERCENT_HP_LOSS","seed_source_timestamp":65754876063663,"circlet_count":0,"master_deck":["AscendersBane","Strike_R+1","Strike_R+1","Strike_R+1","Defend_R+1","Defend_R+1","Defend_R+1","Bash","Infernal Blade+1","Inflame+1","Rampage+1","Armaments+1","Evolve","Flame Barrier+1","Thunderclap","Double Tap","Battle Trance+1","Dropkick","Impervious+1","Headbutt+1","Shrug It Off+1","Madness","Madness+1","Jack Of All Trades+1","Seeing Red","Body Slam+1"],"relics":["Burning Blood","Pocketwatch","Thread and Needle","Darkstone Periapt","ClockworkSouvenir","White Beast Statue","Nilry\u0027s Codex","Anchor","Regal Pillow","Astrolabe","StoneCalendar","Dream Catcher","NlothsMask"],"potions_floor_usage":[4,13,16,27,30,33,41,47,48],"damage_taken":[{"damage":6,"enemies":"Cultist","floor":1,"turns":3},{"damage":1,"enemies":"2 Louse","floor":2,"turns":3},{"damage":0,"enemies":"Small Slimes","floor":3,"turns":3},{"damage":6,"enemies":"Exordium Wildlife","floor":4,"turns":3},{"damage":15,"enemies":"Lots of Slimes","floor":7,"turns":4},{"damage":4,"enemies":"3 Louse","floor":11,"turns":3},{"damage":0,"enemies":"Red Slaver","floor":12,"turns":3},{"damage":9,"enemies":"Large Slime","floor":13,"turns":4},{"damage":33,"enemies":"Slime Boss","floor":16,"turns":10},{"damage":3,"enemies":"Shell Parasite","floor":18,"turns":5},{"damage":9,"enemies":"Spheric Guardian","floor":24,"turns":4},{"damage":37,"enemies":"Cultist and Chosen","floor":25,"turns":7},{"damage":12,"enemies":"Centurion and Healer","floor":27,"turns":4},{"damage":6,"enemies":"3 Cultists","floor":30,"turns":5},{"damage":41,"enemies":"Automaton","floor":33,"turns":10},{"damage":24,"enemies":"3 Darklings","floor":35,"turns":8},{"damage":9,"enemies":"Orb Walker","floor":39,"turns":5},{"damage":20,"enemies":"Mind Bloom Boss Battle","floor":41,"turns":6},{"damage":20,"enemies":"Maw","floor":47,"turns":7},{"damage":43,"enemies":"4 Shapes","floor":48,"turns":6},{"damage":56,"enemies":"Time Eater","floor":50,"turns":5}],"seed_played":"392082656816101351","potions_obtained":[{"floor":1,"key":"Ancient Potion"},{"floor":4,"key":"FairyPotion"},{"floor":7,"key":"Poison Potion"},{"floor":13,"key":"Dexterity Potion"},{"floor":18,"key":"Weak Potion"},{"floor":24,"key":"Block Potion"},{"floor":27,"key":"LiquidBronze"},{"floor":30,"key":"SteroidPotion"},{"floor":33,"key":"AttackPotion"},{"floor":35,"key":"SkillPotion"},{"floor":41,"key":"Explosive Potion"},{"floor":47,"key":"Regen Potion"},{"floor":48,"key":"SneckoOil"}],"is_trial":false,"path_per_floor":["M","M","M","M","T","R","M","R","T","R","M","M","M","$","R","B",null,"M","$","?","?","$","R","M","M","T","M","?","$","M","$","R","B",null,"M","?","?","$","M","R","?","R","T","$","?","R","M","M","R","B"],"character_chosen":"IRONCLAD","items_purchased":["ClockworkSouvenir","Regal Pillow","Jack Of All Trades"],"campfire_rested":3,"item_purchase_floors":[14,29,44],"current_hp_per_floor":[68,68,68,68,68,68,59,59,59,59,61,67,64,64,64,37,60,63,63,47,47,47,47,44,13,13,7,7,7,7,7,42,7,53,35,26,26,26,23,58,44,44,44,44,44,44,30,15,50,0],"gold":86,"neow_bonus":"ONE_RARE_RELIC","is_prod":false,"is_daily":false,"chose_seed":false,"campfire_upgraded":7,"win_rate":0,"timestamp":1553514987,"path_taken":["M","?","M","M","?","R","M","R","T","R","M","M","M","$","R","BOSS","M","$","?","?","?","R","?","M","T","M","?","$","?","?","R","BOSS","M","?","?","$","M","R","?","R","T","$","?","R","M","M","R","BOSS"],"build_version":"2019-01-23","purchased_purges":3,"victory":false,"max_hp_per_floor":[68,68,68,68,68,68,68,68,68,68,68,68,68,68,68,68,68,68,68,68,68,68,68,68,68,68,68,68,68,68,68,68,68,68,68,68,68,68,68,68,68,68,68,68,68,68,68,68,68,68],"card_choices":[{"not_picked":["Armaments","Body Slam"],"picked":"Infernal Blade","floor":1},{"not_picked":["Hemokinesis","Corruption"],"picked":"Inflame","floor":2},{"not_picked":["Pummel","Battle Trance"],"picked":"Rampage","floor":3},{"not_picked":["Iron Wave","Heavy Blade"],"picked":"Armaments","floor":4},{"not_picked":["Wild Strike","Pommel Strike"],"picked":"Evolve","floor":7},{"not_picked":["Havoc","Pommel Strike"],"picked":"Flame Barrier","floor":11},{"not_picked":["Rupture","Warcry"],"picked":"Thunderclap","floor":12},{"not_picked":["Anger","Second Wind"],"picked":"Intimidate","floor":13},{"not_picked":["Barricade","Brutality"],"picked":"Double Tap","floor":16},{"not_picked":["Warcry","Sword Boomerang"],"picked":"Battle Trance+1","floor":18},{"not_picked":["Heavy Blade","Pommel Strike","Armaments"],"picked":"SKIP","floor":24},{"not_picked":["Armaments+1","Bloodletting","Anger"],"picked":"SKIP","floor":25},{"not_picked":["Infernal Blade","Twin Strike"],"picked":"Iron Wave","floor":27},{"not_picked":["Twin Strike","Warcry"],"picked":"Dropkick","floor":30},{"not_picked":["Fiend Fire","Brutality"],"picked":"Dark Embrace","floor":33},{"not_picked":["Warcry","Heavy Blade"],"picked":"Shrug It Off+1","floor":35},{"not_picked":["Dual Wield","Wild Strike","Sentinel"],"picked":"SKIP","floor":39},{"not_picked":["Perfected Strike+1","Sword Boomerang+1"],"picked":"Seeing Red","floor":47},{"not_picked":["Iron Wave","Body Slam","Pommel Strike"],"picked":"SKIP","floor":48},{"not_picked":["Hemokinesis+1","Shrug It Off+1"],"picked":"Body Slam+1","floor":49}],"player_experience":617290,"relics_obtained":[{"floor":5,"key":"Thread and Needle"},{"floor":9,"key":"Darkstone Periapt"},{"floor":20,"key":"Nilry\u0027s Codex"},{"floor":26,"key":"Anchor"},{"floor":41,"key":"StoneCalendar"},{"floor":43,"key":"Dream Catcher"}],"event_choices":[{"damage_healed":0,"gold_gain":0,"player_choice":"Obtained Book","damage_taken":16,"max_hp_gain":0,"max_hp_loss":0,"event_name":"Cursed Tome","floor":20,"gold_loss":0},{"damage_healed":0,"gold_gain":0,"player_choice":"Simplicity","damage_taken":0,"max_hp_gain":0,"max_hp_loss":0,"event_name":"Back to Basics","floor":21,"gold_loss":0,"cards_upgraded":["Strike_R","Strike_R","Strike_R","Strike_R","Defend_R","Defend_R","Defend_R"]},{"damage_healed":0,"gold_gain":100,"player_choice":"Pray","damage_taken":0,"max_hp_gain":0,"max_hp_loss":0,"event_name":"Golden Shrine","floor":28,"gold_loss":0},{"damage_healed":0,"gold_gain":0,"player_choice":"Embrace Madness","damage_taken":9,"max_hp_gain":0,"max_hp_loss":0,"event_name":"Winding Halls","floor":36,"gold_loss":0,"cards_obtained":["Madness","Madness"]},{"cards_removed":["Juggernaut"],"damage_healed":0,"gold_gain":0,"player_choice":"Removed Power","damage_taken":0,"max_hp_gain":0,"max_hp_loss":0,"event_name":"Falling","floor":37,"gold_loss":0},{"damage_healed":0,"gold_gain":0,"player_choice":"Fight","damage_taken":0,"max_hp_gain":0,"max_hp_loss":0,"event_name":"MindBloom","floor":41,"gold_loss":0},{"damage_healed":0,"gold_gain":0,"player_choice":"Trade","damage_taken":0,"relics_obtained":["NlothsMask"],"max_hp_gain":0,"max_hp_loss":0,"event_name":"FaceTrader","floor":45,"gold_loss":0}],"is_beta":false,"boss_relics":[{"not_picked":["Black Star","Snecko Eye"],"picked":"White Beast Statue"},{"not_picked":["Calling Bell","Coffee Dripper"],"picked":"Astrolabe"}],"items_purged_floors":[14,19,38],"is_endless":false,"potions_floor_spawned":[1,4,7,13,18,24,25,27,30,33,35,39,41,47,48],"killed_by":"Time Eater","ascension_level":14}