{"path_per_floor":["M","M","$","?","M","R","M","E","T","M","$","R","E","M","R","B",null,"M"],"character_chosen":"THE_SILENT","items_purchased":["Bullet Time","Noxious Fumes","Outmaneuver"],"gold_per_floor":[115,125,50,0,13,13,31,62,115,130,29,29,56,72,72,168,168,108],"floor_reached":19,"campfire_rested":1,"playtime":1387,"current_hp_per_floor":[67,67,67,67,65,65,65,65,65,59,59,59,32,24,47,16,77,49],"items_purged":[],"gold":108,"score":177,"play_id":"e7874df7-8dcd-4da0-b4a1-f2a2dc5bd46f","is_prod":false,"is_daily":false,"is_ascension_mode":false,"campfire_upgraded":2,"path_taken":["M","M","$","?","M","R","M","E","T","M","$","R","E","M","R","BOSS","M","M"],"build_version":"2018-02-08-PROD1","purchased_purges":0,"victory":false,"master_deck":["Defend_G","Defend_G","Defend_G","Defend_G","Defend_G","Strike_G","Strike_G","Strike_G","Strike_G","Survivor","Neutralize","Dodge and Roll","Dagger Throw","Bullet Time","Noxious Fumes+1","Well Laid Plans","Outmaneuver","Noxious Fumes+1","Outmaneuver","Adrenaline","Footwork","Envenom"],"max_hp_per_floor":[70,70,70,70,70,70,70,77,77,77,77,77,77,77,77,77,77,77],"relics":["Ring of the Snake","Strawberry","Orichalcum","Peace Pipe","Cursed Key"],"card_choices":[{"not_picked":["Dagger Throw","Flechettes"],"picked":"Dodge and Roll"},{"not_picked":["Acrobatics","Skewer"],"picked":"Dagger Throw"},{"not_picked":["Finisher","Dagger Throw"],"picked":"Noxious Fumes"},{"not_picked":["Dagger Spray","Escape Plan"],"picked":"Well Laid Plans"},{"not_picked":["Predator","Unload"],"picked":"Outmaneuver"},{"not_picked":["Tools of the Trade","Prepared"],"picked":"Adrenaline"},{"not_picked":["Bane","Prepared"],"picked":"Footwork"},{"not_picked":["Tactician","Corpse Explosion"],"picked":"Envenom"}],"player_experience":96312,"potions_floor_usage":[],"damage_taken":[{"damage":3,"enemies":"Small Slimes","floor":1,"turns":5},{"damage":0,"enemies":"Cultist","floor":2,"turns":4},{"damage":2,"enemies":"Jaw Worm","floor":5,"turns":4},{"damage":0,"enemies":"2 Fungi Beasts","floor":7,"turns":4},{"damage":7,"enemies":"Lagavulin","floor":8,"turns":7},{"damage":6,"enemies":"3 Louse","floor":10,"turns":3},{"damage":27,"enemies":"Gremlin Nob","floor":13,"turns":5},{"damage":8,"enemies":"Large Slime","floor":14,"turns":5},{"damage":31,"enemies":"Hexaghost","floor":16,"turns":10},{"damage":28,"enemies":"2 Thieves","floor":18,"turns":4},{"damage":50,"enemies":"Shell Parasite","floor":19,"turns":7}],"event_choices":[{"event_name":"The Cleric","player_choice":"Card Removal","floor":4,"damage_taken":0}],"boss_relics":[{"not_picked":["Eternal Feather","Snecko Eye"],"picked":"Cursed Key"}],"potions_floor_spawned":[2,7,10,14,16],"seed_played":"8768402466002031361","killed_by":"Shell Parasite","ascension_level":0,"is_trial":false}