{"gold_per_floor":[118,138,138,148,148,175,175,18,95,95,95,95,113,138,138,242,242,256,256,256,171,76,109,34,34,86,100,126,33,50,66,66,66],"floor_reached":33,"playtime":5540,"items_purged":[],"score":291,"play_id":"75b50813-13e5-472d-8970-024a2dfeeaa7","local_time":"20190410141631","is_ascension_mode":false,"campfire_choices":[{"floor":7,"key":"REST"},{"data":"Dagger Spray","floor":11,"key":"SMITH"},{"floor":15,"key":"REST"},{"data":"Neutralize","floor":25,"key":"SMITH"},{"floor":32,"key":"REST"}],"neow_cost":"NONE","seed_source_timestamp":3437466536456618,"circlet_count":0,"master_deck":["Defend_G","Defend_G","Defend_G","Defend_G+1","Defend_G","Strike_G","Strike_G","Strike_G+1","Strike_G","Strike_G","Survivor","Neutralize+1","Underhanded Strike","Blade Dance","Prepared+1","Dagger Spray+1","Leg Sweep","Riddle With Holes","Dagger Throw","Dodge and Roll+1","Malaise","Bullet Time","Slice+1","Finisher","Backflip","Outmaneuver","Flying Knee","Slice","Dodge and Roll","Quick Slash","Heel Hook","Flying Knee","Escape Plan","Crippling Poison"],"relics":["Ring of the Snake","Centennial Puzzle","Torii","Darkstone Periapt","Tough Bandages","Lizard Tail","MutagenicStrength","Bag of Marbles","PreservedInsect","War Paint","Bag of Preparation"],"potions_floor_usage":[6,16,33,33],"damage_taken":[{"damage":1,"enemies":"Jaw Worm","floor":1,"turns":7},{"damage":2,"enemies":"2 Louse","floor":2,"turns":3},{"damage":0,"enemies":"Small Slimes","floor":4,"turns":3},{"damage":30,"enemies":"3 Sentries","floor":6,"turns":9},{"damage":0,"enemies":"Exordium Wildlife","floor":13,"turns":3},{"damage":38,"enemies":"Lagavulin","floor":14,"turns":7},{"damage":36,"enemies":"Hexaghost","floor":16,"turns":19},{"damage":18,"enemies":"Shell Parasite","floor":18,"turns":9},{"damage":11,"enemies":"Slavers","floor":23,"turns":6},{"damage":0,"enemies":"Chosen","floor":27,"turns":2},{"damage":4,"enemies":"Gremlin Leader","floor":28,"turns":4},{"damage":0,"enemies":"Snake Plant","floor":30,"turns":1},{"damage":3,"enemies":"Cultist and Chosen","floor":31,"turns":5},{"damage":146,"enemies":"Champ","floor":33,"turns":15}],"seed_played":"-5940294296869083686","potions_obtained":[{"floor":2,"key":"FearPotion"},{"floor":6,"key":"Weak Potion"},{"floor":16,"key":"LiquidBronze"},{"floor":27,"key":"FearPotion"},{"floor":31,"key":"Regen Potion"}],"is_trial":false,"path_per_floor":["M","M","?","M","T","E","R","$","T","?","R","?","M","E","R","B",null,"M","?","?","?","$","E","$","R","T","M","E","$","M","M","R","B"],"character_chosen":"THE_SILENT","items_purchased":["Leg Sweep","Riddle With Holes","Dagger Throw","Finisher","Backflip","Flying Knee","Slice","Heel Hook","Flying Knee"],"campfire_rested":3,"item_purchase_floors":[8,8,8,22,22,24,24,29,29],"current_hp_per_floor":[76,74,74,74,74,44,67,67,67,72,72,56,56,18,42,6,82,64,64,64,64,64,53,53,53,53,53,49,49,49,46,70,0],"gold":66,"neow_bonus":"TEN_PERCENT_HP_BONUS","is_prod":false,"is_daily":false,"chose_seed":false,"campfire_upgraded":2,"win_rate":0.0,"timestamp":1554920191,"path_taken":["M","M","?","M","?","E","R","?","T","?","R","?","?","E","R","BOSS","M","?","?","?","$","E","?","R","T","M","E","$","?","M","R","BOSS"],"build_version":"2019-01-23","purchased_purges":0,"victory":false,"max_hp_per_floor":[77,77,77,77,77,77,77,77,77,82,82,82,82,82,82,82,82,82,82,82,82,82,82,82,82,82,82,82,82,82,82,82,82],"card_choices":[{"not_picked":["Quick Slash","Acrobatics"],"picked":"Underhanded Strike","floor":1},{"not_picked":["Flechettes","Backflip"],"picked":"Blade Dance","floor":2},{"not_picked":["Acrobatics","Underhanded Strike"],"picked":"Prepared","floor":4},{"not_picked":["Deadly Poison","Deflect"],"picked":"Dagger Spray","floor":6},{"not_picked":["PiercingWail","Blur"],"picked":"Dodge and Roll","floor":13},{"not_picked":["Acrobatics","Distraction"],"picked":"Malaise","floor":14},{"not_picked":["A Thousand Cuts","Glass Knife"],"picked":"Bullet Time","floor":16},{"not_picked":["Acrobatics","Backflip"],"picked":"Slice+1","floor":18},{"not_picked":["Sucker Punch","Predator"],"picked":"Outmaneuver","floor":23},{"not_picked":["Acrobatics","Masterful Stab"],"picked":"Dodge and Roll","floor":27},{"not_picked":["Dodge and Roll","Sucker Punch"],"picked":"Quick Slash","floor":28},{"not_picked":["Dodge and Roll","Outmaneuver"],"picked":"Escape Plan","floor":30},{"not_picked":["Leg Sweep","Acrobatics+1"],"picked":"Crippling Poison","floor":31}],"player_experience":3412,"relics_obtained":[{"floor":5,"key":"Centennial Puzzle"},{"floor":6,"key":"Torii"},{"floor":9,"key":"Darkstone Periapt"},{"floor":14,"key":"Tough Bandages"},{"floor":23,"key":"PreservedInsect"},{"floor":26,"key":"War Paint"},{"floor":28,"key":"Bag of Preparation"}],"event_choices":[{"damage_healed":0,"gold_gain":0,"player_choice":"Leave","damage_taken":0,"max_hp_gain":0,"max_hp_loss":0,"event_name":"The Cleric","floor":3,"gold_loss":0},{"damage_healed":0,"gold_gain":0,"player_choice":"Donut","damage_taken":0,"max_hp_gain":5,"max_hp_loss":0,"event_name":"Big Fish","floor":10,"gold_loss":0},{"damage_healed":0,"gold_gain":0,"player_choice":"Entered Light","damage_taken":16,"max_hp_gain":0,"max_hp_loss":0,"event_name":"Shining Light","floor":12,"gold_loss":0,"cards_upgraded":["Strike_G","Defend_G"]},{"damage_healed":0,"gold_gain":0,"player_choice":"Inject Mutagens","damage_taken":0,"relics_obtained":["MutagenicStrength"],"max_hp_gain":0,"max_hp_loss":0,"event_name":"Drug Dealer","floor":19,"gold_loss":0},{"damage_healed":0,"gold_gain":0,"player_choice":"Ignored","damage_taken":0,"max_hp_gain":0,"max_hp_loss":0,"event_name":"Vampires","floor":20,"gold_loss":0},{"damage_healed":0,"gold_gain":0,"player_choice":"Obtained Relic","damage_taken":0,"relics_obtained":["Bag of Marbles"],"max_hp_gain":0,"max_hp_loss":0,"event_name":"Addict","floor":21,"gold_loss":85}],"is_beta":false,"boss_relics":[{"not_picked":["Coffee Dripper","Eternal Feather"],"picked":"Lizard Tail"}],"items_purged_floors":[],"is_endless":false,"potions_floor_spawned":[2,6,16,27,31],"killed_by":"Champ","ascension_level":0}