{"gold_per_floor":[15,26,26,26,26,26,60,60,60,75,94,94,111,121,121,121],"floor_reached":16,"playtime":388,"items_purged":[],"score":163,"play_id":"73c9b97b-7eb1-4a01-90a2-1482e07cb0d2","local_time":"20190320020122","is_ascension_mode":true,"campfire_choices":[{"data":"Immolate","floor":6,"key":"SMITH"},{"data":"Rampage","floor":8,"key":"SMITH"},{"data":"Bash","floor":12,"key":"SMITH"},{"data":"Whirlwind","floor":15,"key":"SMITH"}],"neow_cost":"NO_GOLD","seed_source_timestamp":512837879214655,"circlet_count":0,"master_deck":["AscendersBane","Strike_R","Strike_R","Strike_R","Strike_R","Strike_R","Defend_R","Defend_R","Defend_R","Defend_R","Bash+1","Immolate+1","Rampage+1","Ghostly Armor","Regret","Thunderclap","Evolve","Sentinel","Whirlwind+1","Intimidate"],"relics":["Burning Blood","Bag of Preparation","Happy Flower","Lantern","Charon\u0027s Ashes"],"potions_floor_usage":[11,14,16],"damage_taken":[{"damage":8,"enemies":"Small Slimes","floor":1,"turns":2},{"damage":3,"enemies":"2 Louse","floor":2,"turns":2},{"damage":16,"enemies":"Gremlin Nob","floor":7,"turns":3},{"damage":2,"enemies":"Jaw Worm","floor":10,"turns":2},{"damage":2,"enemies":"Red Slaver","floor":11,"turns":2},{"damage":0,"enemies":"Blue Slaver","floor":13,"turns":2},{"damage":12,"enemies":"Large Slime","floor":14,"turns":4},{"damage":89,"enemies":"Hexaghost","floor":16,"turns":9}],"seed_played":"-1510029992538715694","potions_obtained":[{"floor":7,"key":"BloodPotion"},{"floor":10,"key":"Regen Potion"},{"floor":11,"key":"Explosive Potion"}],"is_trial":false,"path_per_floor":["M","M","?","?","$","R","E","R","T","M","M","R","M","M","R","B"],"character_chosen":"IRONCLAD","items_purchased":[],"campfire_rested":0,"item_purchase_floors":[],"current_hp_per_floor":[70,73,73,66,66,66,56,56,56,60,72,72,78,72,72,0],"gold":121,"neow_bonus":"THREE_RARE_CARDS","is_prod":false,"is_daily":false,"chose_seed":false,"campfire_upgraded":4,"win_rate":0,"timestamp":1553014882,"path_taken":["M","M","?","?","?","R","E","R","T","?","M","R","M","M","R","BOSS"],"build_version":"2019-01-23","purchased_purges":0,"victory":false,"max_hp_per_floor":[80,80,80,80,80,80,80,80,80,80,80,80,80,80,80,80],"card_choices":[{"not_picked":["Exhume","Feed"],"picked":"Immolate","floor":0},{"not_picked":["Flex","Cleave"],"picked":"Rampage","floor":1},{"not_picked":["Blood for Blood","Iron Wave"],"picked":"Ghostly Armor","floor":2},{"not_picked":["Power Through","Combust"],"picked":"Thunderclap","floor":7},{"not_picked":["Flex","Perfected Strike"],"picked":"Evolve","floor":10},{"not_picked":["Dual Wield","Flex"],"picked":"Sentinel","floor":11},{"not_picked":["Warcry","Flex"],"picked":"Whirlwind","floor":13},{"not_picked":["Pommel Strike","Clash"],"picked":"Intimidate","floor":14}],"player_experience":583464,"relics_obtained":[{"floor":7,"key":"Lantern"},{"floor":9,"key":"Charon\u0027s Ashes"}],"event_choices":[{"damage_healed":0,"gold_gain":0,"player_choice":"Box","damage_taken":0,"relics_obtained":["Bag of Preparation"],"max_hp_gain":0,"max_hp_loss":0,"event_name":"Big Fish","floor":3,"gold_loss":0,"cards_obtained":["Regret"]},{"damage_healed":0,"gold_gain":0,"player_choice":"Success","damage_taken":7,"relics_obtained":["Happy Flower"],"max_hp_gain":0,"max_hp_loss":0,"event_name":"Scrap Ooze","floor":4,"gold_loss":0}],"is_beta":false,"boss_relics":[],"items_purged_floors":[],"is_endless":false,"potions_floor_spawned":[7,10,11],"killed_by":"Hexaghost","ascension_level":12}