{"gold_per_floor":[111,122,135,153,167,185,247,247,272,272,272,272,23,41,41,140,140,150,160,176,196,13,13,13],"floor_reached":24,"playtime":7616,"items_purged":[],"score":227,"play_id":"a02d99f1-bc04-411f-bc06-a34e0657685f","local_time":"20191007112206","is_ascension_mode":false,"campfire_choices":[{"floor":8.0,"key":"REST"},{"data":"Glacier","floor":11.0,"key":"SMITH"},{"data":"Coolheaded","floor":15.0,"key":"SMITH"},{"floor":23,"key":"REST"}],"neow_cost":"NONE","seed_source_timestamp":0,"circlet_count":0,"master_deck":["Strike_B","Strike_B","Strike_B","Strike_B","Defend_B","Defend_B","Defend_B","Defend_B","Zap","Dualcast","Chill","Cold Snap","Capacitor","Hologram","Glacier+1","FTL","Rainbow","Coolheaded+1","All For One","Melter","Go for the Eyes","Coolheaded+1","Hologram","Panache"],"special_seed":0,"relics":["Cracked Core","Tiny Chest","Strawberry","Darkstone Periapt","Pear","Inserter"],"potions_floor_usage":[20],"damage_taken":[{"damage":0.0,"enemies":"Cultist","floor":1.0,"turns":3.0},{"damage":8.0,"enemies":"Small Slimes","floor":2.0,"turns":3.0},{"damage":1.0,"enemies":"Jaw Worm","floor":3.0,"turns":3.0},{"damage":8.0,"enemies":"Blue Slaver","floor":4.0,"turns":4.0},{"damage":0.0,"enemies":"Exordium Thugs","floor":5.0,"turns":6.0},{"damage":1.0,"enemies":"Looter","floor":6.0,"turns":3.0},{"damage":12.0,"enemies":"Lagavulin","floor":7.0,"turns":11.0},{"damage":5.0,"enemies":"Blue Slaver","floor":14.0,"turns":3.0},{"damage":30.0,"enemies":"The Guardian","floor":16.0,"turns":20.0},{"damage":12,"enemies":"3 Byrds","floor":18,"turns":9},{"damage":0,"enemies":"Spheric Guardian","floor":19,"turns":3},{"damage":36,"enemies":"Chosen and Byrds","floor":20,"turns":9},{"damage":9,"enemies":"Sentry and Sphere","floor":21,"turns":3},{"damage":63,"enemies":"Gremlin Leader","floor":24,"turns":10}],"seed_played":"-4163107595841500070","potions_obtained":[{"floor":4.0,"key":"FearPotion"},{"floor":6.0,"key":"SteroidPotion"},{"floor":14.0,"key":"Swift Potion"},{"floor":19,"key":"SpeedPotion"}],"is_trial":false,"path_per_floor":["M","M","M","M","M","M","E","R","T","?","R","T","$","M","R","B",null,"M","M","M","M","$","R","E"],"character_chosen":"DEFECT","items_purchased":["Pear","Panache"],"campfire_rested":2,"item_purchase_floors":[13,22],"current_hp_per_floor":[75,67,66,58,58,57,45,67,74,74,74,74,84,79,79,49,92,80,80,44,35,35,62,0],"gold":13,"neow_bonus":"THREE_CARDS","is_prod":false,"is_daily":false,"chose_seed":false,"campfire_upgraded":2,"win_rate":0.0,"timestamp":1570465326,"path_taken":["M","?","M","M","M","?","E","R","T","?","R","?","?","M","R","BOSS","M","M","M","M","$","R","E"],"build_version":"2019-07-17","purchased_purges":0,"victory":false,"max_hp_per_floor":[75,75,75,75,75,75,75,75,82,82,82,82,92,92,92,92,92,92,92,92,92,92,92,92],"card_choices":[{"not_picked":["Aggregate","Barrage"],"picked":"Chill","floor":0.0},{"not_picked":["Conserve Battery","Stack"],"picked":"Cold Snap","floor":1.0},{"not_picked":["Barrage","Gash"],"picked":"Capacitor","floor":2.0},{"not_picked":["Skim","Coolheaded"],"picked":"Hologram","floor":3.0},{"not_picked":["Scrape","Sweeping Beam"],"picked":"Glacier","floor":4.0},{"not_picked":["Force Field","Static Discharge","Streamline"],"picked":"SKIP","floor":5.0},{"not_picked":["Reprogram","Stack"],"picked":"FTL","floor":6.0},{"not_picked":["Streamline","Barrage"],"picked":"Rainbow","floor":7.0},{"not_picked":["Capacitor","Lockon"],"picked":"Coolheaded","floor":14.0},{"not_picked":["Reboot","Amplify"],"picked":"All For One","floor":16.0},{"not_picked":["Sweeping Beam","Redo+1"],"picked":"Melter","floor":18},{"not_picked":["Conserve Battery","Tempest"],"picked":"Go for the Eyes","floor":19},{"not_picked":["Chaos","Storm"],"picked":"Coolheaded+1","floor":20},{"not_picked":["Aggregate+1","Streamline"],"picked":"Hologram","floor":21}],"player_experience":102593,"relics_obtained":[{"floor":7.0,"key":"Tiny Chest"},{"floor":9.0,"key":"Strawberry"},{"floor":12.0,"key":"Darkstone Periapt"}],"event_choices":[{"damage_healed":0.0,"max_hp_gain":0.0,"max_hp_loss":0.0,"gold_gain":0.0,"event_name":"Golden Wing","player_choice":"Ignored","floor":10.0,"gold_loss":0.0,"damage_taken":0.0}],"is_beta":false,"boss_relics":[{"not_picked":["Empty Cage","Cursed Key"],"picked":"Inserter"}],"items_purged_floors":[],"is_endless":false,"potions_floor_spawned":[4,6,14,19],"killed_by":"Gremlin Leader","ascension_level":0}