{"gold_per_floor":[219,232,9,9,9,9,35,35,35,69,69,102,117,134,134,231,231,249,249,249,259,293,293,343,343,343,343,358,385,219,233,233,331,331,344,354,354,147,29,59,59,79,79,99,111,111,3,18,18,18,18,18,18,52,52],"floor_reached":56,"playtime":5903,"items_purged":["Strike_B","Pain","Defend_B","Pain"],"score":1213,"play_id":"965ba209-fcce-4f17-ad94-3f68bb965102","local_time":"20190722022738","is_ascension_mode":false,"campfire_choices":[{"data":"Coolheaded","floor":6,"key":"SMITH"},{"data":"Chaos","floor":8,"key":"SMITH"},{"floor":11,"key":"REST"},{"floor":15,"key":"REST"},{"data":"Fission","floor":23,"key":"SMITH"},{"data":"Chaos","floor":25,"key":"SMITH"},{"data":"Seek","floor":27,"key":"SMITH"},{"floor":32,"key":"REST"},{"floor":41,"key":"RECALL"},{"data":"Fission","floor":46,"key":"SMITH"},{"data":"Fusion","floor":49,"key":"SMITH"},{"data":"Thunder Strike","floor":52,"key":"SMITH"}],"neow_cost":"NONE","seed_source_timestamp":314718538899,"circlet_count":0,"master_deck":["Defend_B","Defend_B","Defend_B","Zap","Dualcast","Compile Driver","Coolheaded+1","Defragment+1","Seek+1","Chaos+1","Chaos+1","Thunder Strike+1","Cold Snap","Conserve Battery","Fission+1","Glacier+1","Tempest","Streamline","Defragment+1","Rebound+1","Fission+1","Capacitor+1","Double Energy","Fusion+1","Chill","Biased Cognition+1","Redo+1","Skim+1","Consume","Turbo+1","Coolheaded+1","Hello World+1","Buffer+1"],"relics":["Cracked Core","Bag of Preparation","Frozen Egg 2","Bottled Tornado","Smiling Mask","Philosopher\u0027s Stone","Red Mask","Orichalcum","Dream Catcher","Cursed Key","WarpedTongs","Lantern","Mummified Hand","The Courier","Gambling Chip"],"potions_floor_usage":[12,36,55,55,55],"damage_taken":[{"damage":1,"enemies":"2 Louse","floor":1,"turns":2},{"damage":0,"enemies":"Small Slimes","floor":2,"turns":2},{"damage":23,"enemies":"Lagavulin","floor":7,"turns":8},{"damage":8,"enemies":"Gremlin Nob","floor":10,"turns":3},{"damage":39,"enemies":"3 Sentries","floor":12,"turns":7},{"damage":1,"enemies":"Jaw Worm","floor":13,"turns":3},{"damage":0,"enemies":"Looter","floor":14,"turns":4},{"damage":18,"enemies":"The Guardian","floor":16,"turns":10},{"damage":21,"enemies":"2 Thieves","floor":18,"turns":3},{"damage":2,"enemies":"Chosen","floor":21,"turns":6},{"damage":22,"enemies":"Masked Bandits","floor":22,"turns":4},{"damage":0,"enemies":"Snake Plant","floor":28,"turns":2},{"damage":0,"enemies":"Gremlin Leader","floor":29,"turns":5},{"damage":0,"enemies":"Snecko","floor":31,"turns":3},{"damage":26,"enemies":"Automaton","floor":33,"turns":7},{"damage":0,"enemies":"Orb Walker","floor":35,"turns":4},{"damage":6,"enemies":"3 Darklings","floor":36,"turns":3},{"damage":1,"enemies":"Reptomancer","floor":40,"turns":6},{"damage":0,"enemies":"4 Shapes","floor":42,"turns":3},{"damage":11,"enemies":"Jaw Worm Horde","floor":44,"turns":2},{"damage":4,"enemies":"Sphere and 2 Shapes","floor":45,"turns":4},{"damage":0,"enemies":"Spire Growth","floor":48,"turns":3},{"damage":0,"enemies":"Awakened One","floor":50,"turns":7},{"damage":12,"enemies":"Shield and Spear","floor":54,"turns":4},{"damage":24,"enemies":"The Heart","floor":55,"turns":9}],"seed_played":"-7757049274190687945","potions_obtained":[{"floor":1,"key":"SteroidPotion"},{"floor":7,"key":"LiquidBronze"},{"floor":13,"key":"Swift Potion"},{"floor":14,"key":"Weak Potion"},{"floor":18,"key":"Dexterity Potion"},{"floor":36,"key":"EssenceOfSteel"},{"floor":48,"key":"Swift Potion"}],"is_trial":false,"path_per_floor":["M","M","$","?","?","R","E","R","T","E","R","E","M","M","R","B",null,"M","?","?","M","?","R","T","R","T","R","M","E","$","M","R","B",null,"M","M","?","$","$","E","R","M","T","M","M","R","$","M","R","B",null,"R","$","E","B",null],"character_chosen":"DEFECT","items_purchased":["Defragment","Seek","Capacitor+1","Double Energy","Lantern","Consume","FocusPotion"],"campfire_rested":3,"item_purchase_floors":[3,3,30,30,38,39,47],"current_hp_per_floor":[74,74,74,67,67,67,44,44,44,36,58,19,18,18,40,22,75,54,54,54,52,30,30,30,30,30,30,30,30,30,30,52,26,75,75,69,69,69,69,68,68,68,68,57,53,53,53,53,53,53,75,75,75,63,39],"gold":52,"neow_bonus":"HUNDRED_GOLD","is_prod":false,"is_daily":false,"chose_seed":false,"campfire_upgraded":8,"win_rate":0,"timestamp":1563755258,"path_taken":["M","M","$","?","?","R","E","R","T","E","R","E","?","M","R","BOSS","M","?","?","M","?","R","?","R","T","R","?","E","$","M","R","BOSS","M","?","?","?","$","E","R","M","T","M","M","R","$","M","R","BOSS","R","$","E","BOSS"],"build_version":"2019-07-17","purchased_purges":4,"victory":true,"max_hp_per_floor":[75,75,75,75,75,75,75,75,75,75,75,75,75,75,75,75,75,75,75,75,75,75,75,75,75,75,75,75,75,75,75,75,75,75,75,75,75,75,75,75,75,75,75,75,75,75,75,75,75,75,75,75,75,75,75],"card_choices":[{"not_picked":["Static Discharge","Hologram"],"picked":"Compile Driver","floor":1},{"not_picked":["Barrage","Sweeping Beam"],"picked":"Coolheaded","floor":2},{"not_picked":["Genetic Algorithm","Loop"],"picked":"Chaos","floor":7},{"not_picked":["Lockon","Steam"],"picked":"Chaos","floor":10},{"not_picked":["Go for the Eyes","Lockon"],"picked":"Thunder Strike","floor":12},{"not_picked":["Force Field","Turbo"],"picked":"Cold Snap","floor":13},{"not_picked":["Barrage","Fusion"],"picked":"Conserve Battery","floor":14},{"not_picked":["Amplify","Machine Learning+1"],"picked":"Fission","floor":16},{"not_picked":["Leap","Streamline"],"picked":"Glacier+1","floor":18},{"not_picked":["Streamline","Leap"],"picked":"Rebound+1","floor":21},{"not_picked":["Undo","Gash","Compile Driver"],"picked":"SKIP","floor":28},{"not_picked":["Redo","Hello World+1"],"picked":"Fission","floor":29},{"not_picked":["Capacitor+1","Compile Driver+1"],"picked":"Fusion","floor":31},{"not_picked":["Tempest","Aggregate"],"picked":"Chill","floor":32},{"not_picked":["Core Surge","Thunder Strike"],"picked":"Biased Cognition+1","floor":33},{"not_picked":["Steam+1","Barrage+1"],"picked":"Redo+1","floor":35},{"not_picked":["Hologram+1","Steam+1"],"picked":"Skim+1","floor":36},{"not_picked":["Heatsinks+1","Double Energy"],"picked":"Turbo+1","floor":40},{"not_picked":["Multi-Cast","Stack"],"picked":"Coolheaded+1","floor":42},{"not_picked":["Ball Lightning+1","Compile Driver","Cold Snap+1"],"picked":"SKIP","floor":44},{"not_picked":["Leap+1","Go for the Eyes"],"picked":"Hello World+1","floor":45},{"not_picked":["Scrape+1","Conserve Battery+1"],"picked":"Buffer+1","floor":48},{"not_picked":["Heatsinks+1","Streamline+1","Ball Lightning+1"],"picked":"SKIP","floor":54}],"player_experience":87288,"relics_obtained":[{"floor":7,"key":"Bag of Preparation"},{"floor":9,"key":"Frozen Egg 2"},{"floor":10,"key":"Bottled Tornado"},{"floor":12,"key":"Smiling Mask"},{"floor":22,"key":"Red Mask"},{"floor":24,"key":"Orichalcum"},{"floor":29,"key":"Dream Catcher"},{"floor":40,"key":"Mummified Hand"},{"floor":43,"key":"The Courier"},{"floor":54,"key":"Gambling Chip"}],"event_choices":[{"cards_removed":["Strike_B"],"damage_healed":0,"gold_gain":0,"player_choice":"Card Removal","damage_taken":7,"max_hp_gain":0,"max_hp_loss":0,"event_name":"Golden Wing","floor":4,"gold_loss":0},{"damage_healed":0,"gold_gain":0,"player_choice":"Grow","damage_taken":0,"max_hp_gain":0,"max_hp_loss":0,"event_name":"Living Wall","floor":5,"gold_loss":0,"cards_upgraded":["Defragment"]},{"damage_healed":0,"gold_gain":0,"cards_transformed":["Strike_B","Strike_B"],"player_choice":"Became Test Subject","damage_taken":0,"max_hp_gain":0,"max_hp_loss":0,"event_name":"Drug Dealer","floor":19,"gold_loss":0,"cards_obtained":["Tempest","Streamline"]},{"damage_healed":0,"gold_gain":0,"player_choice":"Read","damage_taken":0,"max_hp_gain":0,"max_hp_loss":0,"event_name":"The Library","floor":20,"gold_loss":0,"cards_obtained":["Defragment"]},{"damage_healed":0,"gold_gain":0,"player_choice":"Fought Bandits","damage_taken":0,"max_hp_gain":0,"max_hp_loss":0,"event_name":"Masked Bandits","floor":22,"gold_loss":0},{"damage_healed":0,"gold_gain":0,"player_choice":"Rummage","damage_taken":0,"relics_obtained":["WarpedTongs"],"max_hp_gain":0,"max_hp_loss":0,"event_name":"Accursed Blacksmith","floor":37,"gold_loss":0,"cards_obtained":["Pain"]}],"is_beta":false,"boss_relics":[{"not_picked":["Runic Dome","Ectoplasm"],"picked":"Philosopher\u0027s Stone"},{"not_picked":["Lizard Tail","Fusion Hammer"],"picked":"Cursed Key"}],"items_purged_floors":[30,38,39,47],"is_endless":false,"potions_floor_spawned":[1,7,13,14,18,21,31,35,36,44,48],"ascension_level":0}