{"path_per_floor":["M","M","M","M","M","R","?","R","T","R","M","?","?","?","R","B",null,"M","?","$","$","M","E","R","E","T","M","E"],"character_chosen":"THE_SILENT","items_purchased":["Noxious Fumes","Ornamental Fan"],"gold_per_floor":[119,136,155,166,185,185,185,185,185,185,195,195,195,195,195,319,319,337,337,270,32,50,90,90,125,125,144,178,178],"floor_reached":29,"campfire_rested":2,"playtime":1606,"current_hp_per_floor":[63,62,62,11,6,24,24,24,24,24,24,24,24,24,42,41,58,56,56,56,56,56,49,49,63,63,56,17,0],"items_purged":[],"gold":178,"score":416,"play_id":"41237515-e7f4-47cd-8793-4f81761f1dd1","local_time":"20180330154919","is_prod":false,"is_daily":false,"is_ascension_mode":true,"campfire_upgraded":3,"timestamp":1522417759,"path_taken":["M","M","M","M","M","R","?","R","T","R","M","?","?","?","R","BOSS","M","?","?","$","M","E","R","E","T","?","E","M"],"build_version":"2018-03-29v2","purchased_purges":1,"victory":false,"master_deck":["Defend_G+1","Defend_G+1","Defend_G+1","Defend_G+1","Strike_G+1","Strike_G+1","Strike_G+1","Survivor","Neutralize+1","Accuracy+1","Sucker Punch","Cloak And Dagger+1","Terror","Burst","Noxious Fumes+1","Cloak And Dagger","Blade Dance"],"max_hp_per_floor":[63,63,63,63,63,63,63,63,63,63,63,63,63,63,63,63,63,63,63,63,63,63,63,63,63,63,63,63,63],"relics":["Ring of the Snake","Thread and Needle","Golden Idol","Spirit Poop","White Beast Statue","Ornamental Fan","Pen Nib","Girya","Peace Pipe","Happy Flower"],"card_choices":[{"not_picked":["PiercingWail","Cloak And Dagger"],"picked":"Accuracy","floor":1},{"not_picked":["Bouncing Flask","Flying Knee"],"picked":"Sucker Punch","floor":2},{"not_picked":["Concentrate","Night Terror"],"picked":"Cloak And Dagger","floor":3},{"not_picked":["Quick Slash","Poisoned Stab"],"picked":"Terror","floor":4},{"not_picked":["Unload","After Image"],"picked":"Burst","floor":16},{"not_picked":["Dagger Spray","Distraction"],"picked":"Cloak And Dagger","floor":22},{"not_picked":["Sucker Punch","Poisoned Stab"],"picked":"Blade Dance","floor":27}],"player_experience":224053,"potions_floor_usage":[18,23,25,25,28,28,28],"damage_taken":[{"damage":0,"enemies":"Small Slimes","floor":1,"turns":3},{"damage":1,"enemies":"Cultist","floor":2,"turns":5},{"damage":0,"enemies":"2 Louse","floor":3,"turns":4},{"damage":51,"enemies":"Gremlin Gang","floor":4,"turns":8},{"damage":5,"enemies":"Red Slaver","floor":5,"turns":4},{"damage":0,"enemies":"2 Fungi Beasts","floor":11,"turns":3},{"damage":1,"enemies":"Hexaghost","floor":16,"turns":11},{"damage":2,"enemies":"2 Thieves","floor":18,"turns":4},{"damage":0,"enemies":"Shell Parasite","floor":22,"turns":5},{"damage":7,"enemies":"Slavers","floor":23,"turns":6},{"damage":0,"enemies":"Gremlin Leader","floor":25,"turns":7},{"damage":7,"enemies":"Cultist and Chosen","floor":27,"turns":9},{"damage":39,"enemies":"Slavers","floor":28,"turns":8},{"damage":22,"enemies":"Chosen and Byrds","floor":29,"turns":4}],"event_choices":[{"event_name":"Upgrade Shrine","player_choice":"Upgraded","floor":7,"damage_taken":0},{"event_name":"Purifier","player_choice":"One Purge","floor":12,"damage_taken":0},{"event_name":"Golden Idol","player_choice":"Take Wound","floor":13,"damage_taken":0},{"event_name":"Bonfire Elementals","player_choice":"CURSE","floor":14,"damage_taken":0},{"event_name":"Back to Basics","player_choice":"Simplicity","floor":19,"damage_taken":0}],"boss_relics":[{"not_picked":["Runic Dome","Philosopher\u0027s Stone"],"picked":"White Beast Statue"}],"potions_floor_spawned":[5,16,18,22,23,25,27,28],"seed_played":"-1247721683492533253","killed_by":"Chosen and Byrds","ascension_level":8,"is_trial":false}