{"path_per_floor":["M","?","$","M","$","E","R","E","T","M","M","M","?","M","R","B",null,"M","$","?","$","M","R","M","R","T","?","M","E","M","?","R","B",null,"M","?","M","M","M","E","?","R","T","R","?","$","E","?","R","B"],"character_chosen":"IRONCLAD","items_purchased":["Pommel Strike","Rampage"],"gold_per_floor":[117,192,117,127,27,58,58,93,119,137,150,161,191,207,207,306,306,321,146,146,67,81,81,99,99,99,99,118,144,154,79,79,181,181,197,0,18,32,44,74,74,74,152,152,152,2,36,36,36,36],"floor_reached":51,"campfire_rested":1,"playtime":4245,"current_hp_per_floor":[80,69,69,74,74,31,31,12,12,17,15,21,21,25,25,10,80,80,80,80,80,80,80,78,78,78,78,80,68,74,74,74,38,80,80,80,80,80,63,42,42,42,42,49,71,71,19,19,60,11],"items_purged":["Strike_R","Strike_R","Defend_R","Writhe"],"gold":36,"score":561,"play_id":"b96702e2-6fed-497a-9f5b-fbc85ac5a41c","is_prod":false,"is_daily":false,"is_ascension_mode":false,"campfire_upgraded":1,"path_taken":["M","?","$","?","$","E","R","E","T","M","M","M","?","M","R","BOSS","M","$","?","$","M","R","M","R","T","?","M","E","M","?","R","BOSS","M","?","M","M","M","E","?","R","T","R","?","?","E","?","R","BOSS"],"build_version":"2018-02-08-PROD1","purchased_purges":4,"victory":true,"master_deck":["Defend_R+1","Defend_R","Bash","Rampage","Armaments+1","Shrug It Off","Rampage","Cleave","Shrug It Off+1","Impervious","Pommel Strike","Rampage","Shrug It Off+1","Thunderclap+1","Thunderclap+1","Impervious","Pommel Strike","Flame Barrier+1","Rampage+1","Dropkick+1"],"max_hp_per_floor":[80,80,80,80,80,80,80,80,80,80,80,80,80,80,80,80,80,80,80,80,80,80,80,80,80,80,80,80,80,80,80,80,80,80,80,80,80,80,80,80,80,80,80,87,87,87,87,87,87,87],"relics":["Burning Blood","Juzu Bracelet","Shovel","Happy Flower","War Paint","Sozu","Letter Opener","Torii","Oddly Smooth Stone","Peace Pipe","Frozen Egg 2","Velvet Choker","Red Mask","Regal Pillow","Shuriken","Strawberry","Gambling Chip"],"card_choices":[{"not_picked":["Dual Wield","Clothesline"],"picked":"Rampage"},{"not_picked":["True Grit","Body Slam"],"picked":"Armaments"},{"not_picked":["Searing Blow","Intimidate"],"picked":"Shrug It Off"},{"not_picked":["Reckless Charge","Combust"],"picked":"Rampage"},{"not_picked":["Searing Blow","Inflame"],"picked":"Cleave"},{"not_picked":["Infernal Blade","Armaments"],"picked":"Shrug It Off"},{"not_picked":["Reaper","Barricade"],"picked":"Impervious"},{"not_picked":["Clothesline","Rage"],"picked":"Shrug It Off"},{"not_picked":["Iron Wave","Corruption"],"picked":"Thunderclap"},{"not_picked":["Burning Pact","Hemokinesis"],"picked":"Thunderclap"},{"not_picked":["Juggernaut","Feed"],"picked":"Impervious"},{"not_picked":["Body Slam","Fire Breathing"],"picked":"Pommel Strike"},{"not_picked":["Cleave","Pummel"],"picked":"Flame Barrier"},{"not_picked":["Feel No Pain","Combust"],"picked":"Rampage"},{"not_picked":["Searing Blow","Sever Soul"],"picked":"Dropkick"}],"player_experience":60573,"potions_floor_usage":[8,11,16,16],"damage_taken":[{"damage":2,"enemies":"Small Slimes","floor":1,"turns":4},{"damage":1,"enemies":"Cultist","floor":4,"turns":3},{"damage":49,"enemies":"Gremlin Nob","floor":6,"turns":5},{"damage":25,"enemies":"Lagavulin","floor":8,"turns":10},{"damage":1,"enemies":"Blue Slaver","floor":10,"turns":4},{"damage":8,"enemies":"Gremlin Gang","floor":11,"turns":5},{"damage":0,"enemies":"2 Fungi Beasts","floor":12,"turns":4},{"damage":2,"enemies":"Exordium Thugs","floor":14,"turns":5},{"damage":21,"enemies":"Hexaghost","floor":16,"turns":10},{"damage":2,"enemies":"Shell Parasite","floor":18,"turns":7},{"damage":2,"enemies":"3 Byrds","floor":22,"turns":5},{"damage":8,"enemies":"Snake Plant","floor":24,"turns":6},{"damage":2,"enemies":"Centurion and Healer","floor":28,"turns":7},{"damage":18,"enemies":"Gremlin Leader","floor":29,"turns":7},{"damage":0,"enemies":"3 Cultists","floor":30,"turns":5},{"damage":42,"enemies":"Automaton","floor":33,"turns":10},{"damage":0,"enemies":"3 Darklings","floor":35,"turns":4},{"damage":3,"enemies":"3 Shapes","floor":37,"turns":4},{"damage":1,"enemies":"3 Darklings","floor":38,"turns":4},{"damage":23,"enemies":"Sphere and 2 Shapes","floor":39,"turns":5},{"damage":27,"enemies":"Nemesis","floor":40,"turns":10},{"damage":58,"enemies":"Giant Head","floor":47,"turns":10},{"damage":55,"enemies":"Time Eater","floor":50,"turns":10}],"event_choices":[{"event_name":"World of Goop","player_choice":"Gather Gold","floor":2,"damage_taken":0},{"event_name":"Dead Adventurer","player_choice":"Searched \u00271\u0027 times","floor":13,"damage_taken":0},{"event_name":"The Mausoleum","player_choice":"Yes","floor":20,"damage_taken":0},{"event_name":"Back to Basics","player_choice":"Elegance","floor":27,"damage_taken":0},{"event_name":"Beggar","player_choice":"Gave Gold","floor":31,"damage_taken":0},{"event_name":"Tomb of Lord Red Mask","player_choice":"Paid","floor":36,"damage_taken":0},{"event_name":"The Woman in Blue","player_choice":"Bought 0 Potions","floor":41,"damage_taken":0},{"event_name":"Winding Halls","player_choice":"Writhe","floor":45,"damage_taken":0}],"boss_relics":[{"not_picked":["Question Card","White Beast Statue"],"picked":"Sozu"},{"not_picked":["Mark of Pain","Eternal Feather"],"picked":"Velvet Choker"}],"potions_floor_spawned":[1,8,11,12,14,28,30,33,35,37,38],"seed_played":"8102242581076251376","ascension_level":0,"is_trial":false}