{"gold_per_floor":[114,132,146,146,166,166,116,116,168,200,200,232,247,265,265,360,360,377,377,34,133,83,83,93,127,176,211,211,221,221,240,240,345,345,364,69,69,83,83,83,83,101,180,212,212,223,236,236,236,236],"floor_reached":51,"playtime":2771,"items_purged":["Strike_B"],"score":1004,"play_id":"c6ba4b23-51f0-412c-8d95-dc560e5f9371","local_time":"20191002174103","is_ascension_mode":true,"campfire_choices":[{"data":"Sweeping Beam","floor":6,"key":"SMITH"},{"data":"Zap","floor":11,"key":"SMITH"},{"data":"Sunder","floor":15,"key":"SMITH"},{"data":"Defragment","floor":23,"key":"SMITH"},{"data":"Chill","floor":28,"key":"SMITH"},{"floor":30,"key":"REST"},{"data":"Loop","floor":32,"key":"SMITH"},{"data":"Biased Cognition","floor":40,"key":"SMITH"},{"data":"Dualcast","floor":45,"key":"SMITH"},{"floor":49,"key":"REST"}],"neow_cost":"NONE","seed_source_timestamp":322255298282998,"circlet_count":0,"master_deck":["Strike_B+1","Defend_B+1","Defend_B+1","Defend_B","Defend_B+1","Zap+1","Dualcast+1","Conserve Battery","Sweeping Beam+1","Compile Driver","Sunder+1","Chill+1","Loop+1","Core Surge","Glacier+1","Defragment+1","Biased Cognition+1","Electrodynamics+1","Coolheaded+1","Decay","BootSequence+1","Glacier"],"relics":["Cracked Core","War Paint","Orichalcum","Dead Branch","Philosopher\u0027s Stone","Runic Capacitor","Bronze Scales","Ancient Tea Set","Du-Vu Doll","Cursed Key","Gambling Chip","The Courier","Omamori"],"potions_floor_usage":[5,10,12,12,18,25,27,50],"damage_taken":[{"damage":7,"enemies":"Jaw Worm","floor":1,"turns":4},{"damage":8,"enemies":"2 Louse","floor":2,"turns":3},{"damage":1,"enemies":"Cultist","floor":3,"turns":3},{"damage":11,"enemies":"Exordium Thugs","floor":5,"turns":7},{"damage":3,"enemies":"3 Sentries","floor":10,"turns":6},{"damage":4,"enemies":"Gremlin Nob","floor":12,"turns":3},{"damage":0,"enemies":"Large Slime","floor":13,"turns":5},{"damage":0,"enemies":"Looter","floor":14,"turns":3},{"damage":26,"enemies":"Slime Boss","floor":16,"turns":11},{"damage":9,"enemies":"3 Byrds","floor":18,"turns":4},{"damage":1,"enemies":"Chosen","floor":24,"turns":3},{"damage":24,"enemies":"Gremlin Leader","floor":25,"turns":9},{"damage":6,"enemies":"Slavers","floor":27,"turns":3},{"damage":1,"enemies":"Shelled Parasite and Fungi","floor":29,"turns":5},{"damage":10,"enemies":"Snake Plant","floor":31,"turns":3},{"damage":3,"enemies":"Automaton","floor":33,"turns":6},{"damage":0,"enemies":"3 Shapes","floor":35,"turns":3},{"damage":0,"enemies":"Orb Walker","floor":38,"turns":3},{"damage":0,"enemies":"Jaw Worm Horde","floor":42,"turns":2},{"damage":10,"enemies":"Reptomancer","floor":44,"turns":5},{"damage":15,"enemies":"Transient","floor":46,"turns":5},{"damage":0,"enemies":"Spire Growth","floor":47,"turns":5},{"damage":0,"enemies":"Time Eater","floor":50,"turns":11}],"seed_played":"2824501918512532271","potions_obtained":[{"floor":0,"key":"Weak Potion"},{"floor":0,"key":"EssenceOfSteel"},{"floor":0,"key":"Regen Potion"},{"floor":3,"key":"FocusPotion"},{"floor":5,"key":"Block Potion"},{"floor":10,"key":"Block Potion"},{"floor":14,"key":"Fire Potion"},{"floor":16,"key":"Dexterity Potion"},{"floor":24,"key":"Weak Potion"},{"floor":29,"key":"Block Potion"},{"floor":33,"key":"FearPotion"},{"floor":35,"key":"SkillPotion"},{"floor":46,"key":"Weak Potion"},{"floor":47,"key":"Swift Potion"}],"is_trial":false,"path_per_floor":["M","M","M","?","M","R","?","?","T","E","R","E","M","M","R","B",null,"M","?","$","?","?","R","M","E","T","E","R","M","R","M","R","B",null,"M","$","?","M","$","R","$","M","T","E","R","M","M","?","R","B",null],"character_chosen":"DEFECT","items_purchased":["Defragment","Runic Capacitor","Gambling Chip"],"campfire_rested":2,"item_purchase_floors":[20,20,36],"current_hp_per_floor":[61,53,52,37,41,41,41,75,75,72,72,68,68,68,68,42,67,58,58,58,58,58,58,57,33,33,27,27,26,48,38,38,35,65,65,65,65,65,65,65,65,65,65,55,55,40,40,40,62,62],"gold":236,"neow_bonus":"THREE_SMALL_POTIONS","is_prod":false,"is_daily":false,"chose_seed":false,"campfire_upgraded":8,"win_rate":0,"timestamp":1570030863,"path_taken":["M","M","M","?","M","R","?","?","T","E","R","E","M","?","R","BOSS","M","?","?","?","?","R","M","E","T","E","R","M","R","M","R","BOSS","M","$","?","M","?","R","$","M","T","E","R","M","M","?","R","BOSS"],"build_version":"2019-07-17","purchased_purges":1,"victory":true,"max_hp_per_floor":[75,75,75,75,75,75,75,75,75,75,75,75,75,75,75,75,75,75,75,75,75,75,75,75,75,75,75,75,75,75,75,75,75,75,75,75,75,75,75,75,75,75,75,75,75,75,75,75,75,75],"card_choices":[{"not_picked":["Scrape","Skim"],"picked":"Conserve Battery","floor":1},{"not_picked":["Turbo","Beam Cell"],"picked":"Sweeping Beam","floor":2},{"not_picked":["Stack","Hologram"],"picked":"Reinforced Body","floor":3},{"not_picked":["Leap","Redo","Rebound"],"picked":"SKIP","floor":5},{"not_picked":["Blizzard","Recycle"],"picked":"Compile Driver","floor":10},{"not_picked":["Force Field","Aggregate"],"picked":"Sunder","floor":12},{"not_picked":["Double Energy","Redo"],"picked":"Chill","floor":13},{"not_picked":["Fusion","Double Energy"],"picked":"Loop","floor":14},{"not_picked":["Thunder Strike","Amplify"],"picked":"Core Surge","floor":16},{"not_picked":["Capacitor","Hologram"],"picked":"Glacier+1","floor":18},{"not_picked":["Chill+1","Beam Cell","Gash+1"],"picked":"SKIP","floor":24},{"not_picked":["Streamline","Go for the Eyes"],"picked":"Biased Cognition","floor":25},{"not_picked":["Compile Driver+1","Skim","Steam"],"picked":"SKIP","floor":27},{"not_picked":["Hello World","Steam","Sweeping Beam"],"picked":"SKIP","floor":29},{"not_picked":["Rip and Tear","Redo+1","Conserve Battery+1"],"picked":"SKIP","floor":31},{"not_picked":["Reboot","Buffer"],"picked":"Electrodynamics","floor":33},{"not_picked":["Sunder","Barrage","Rebound+1"],"picked":"SKIP","floor":35},{"not_picked":["Steam+1","Conserve Battery+1"],"picked":"Coolheaded+1","floor":38},{"not_picked":["Cold Snap","Coolheaded","Stack"],"picked":"SKIP","floor":42},{"not_picked":["Rip and Tear","Coolheaded","Hello World"],"picked":"SKIP","floor":44},{"not_picked":["Streamline","Sweeping Beam+1"],"picked":"BootSequence+1","floor":46},{"not_picked":["Doom and Gloom","Fusion+1"],"picked":"Glacier","floor":47}],"player_experience":331463,"relics_obtained":[{"floor":9,"key":"War Paint"},{"floor":10,"key":"Orichalcum"},{"floor":12,"key":"Dead Branch"},{"floor":25,"key":"Bronze Scales"},{"floor":26,"key":"Ancient Tea Set"},{"floor":27,"key":"Du-Vu Doll"},{"floor":43,"key":"The Courier"},{"floor":44,"key":"Omamori"}],"event_choices":[{"damage_healed":0,"gold_gain":0,"player_choice":"Entered Light","damage_taken":15,"max_hp_gain":0,"max_hp_loss":0,"event_name":"Shining Light","floor":4,"gold_loss":0,"cards_upgraded":["Strike_B","Defend_B"]},{"cards_removed":["Strike_B"],"damage_healed":0,"gold_gain":0,"player_choice":"Card Removal","damage_taken":0,"max_hp_gain":0,"max_hp_loss":0,"event_name":"The Cleric","floor":7,"gold_loss":50},{"cards_removed":["Reinforced Body"],"damage_healed":34,"gold_gain":0,"player_choice":"Offered Uncommon","damage_taken":0,"max_hp_gain":0,"max_hp_loss":0,"event_name":"Bonfire Elementals","floor":8,"gold_loss":0},{"cards_removed":["Strike_B"],"damage_healed":0,"gold_gain":0,"player_choice":"Elegance","damage_taken":0,"max_hp_gain":0,"max_hp_loss":0,"event_name":"Back to Basics","floor":19,"gold_loss":0},{"damage_healed":0,"gold_gain":99,"player_choice":"Stole From Cult","damage_taken":0,"max_hp_gain":0,"max_hp_loss":0,"event_name":"Nest","floor":21,"gold_loss":0},{"damage_healed":0,"gold_gain":0,"player_choice":"Bet on Murderer","damage_taken":0,"max_hp_gain":0,"max_hp_loss":0,"event_name":"The Joust","floor":22,"gold_loss":50},{"damage_healed":0,"gold_gain":0,"player_choice":"Upgraded","damage_taken":0,"max_hp_gain":0,"max_hp_loss":0,"event_name":"Upgrade Shrine","floor":37,"gold_loss":0,"cards_upgraded":["Electrodynamics"]},{"damage_healed":0,"gold_gain":0,"player_choice":"Leave","damage_taken":0,"max_hp_gain":0,"max_hp_loss":0,"event_name":"FaceTrader","floor":48,"gold_loss":0}],"is_beta":false,"boss_relics":[{"not_picked":["Eternal Feather","Ectoplasm"],"picked":"Philosopher\u0027s Stone"},{"not_picked":["Empty Cage","Tiny House"],"picked":"Cursed Key"}],"items_purged_floors":[20],"is_endless":false,"potions_floor_spawned":[3,5,10,14,16,24,29,33,35,46,47],"ascension_level":7}