{"gold_per_floor":[118,136,2,77,95,95,130,144,169,183,209,209,209],"floor_reached":13,"playtime":494,"items_purged":[],"score":124,"play_id":"f8e4dbe2-79a0-4b78-a19a-58f831a6b8d0","local_time":"20181216013557","is_ascension_mode":true,"campfire_choices":[{"data":"Storm","floor":6,"key":"SMITH"}],"neow_cost":"NONE","seed_source_timestamp":304482931356550,"circlet_count":0,"master_deck":["Strike_B","Strike_B","Strike_B","Strike_B","Defend_B","Defend_B","Defend_B","Defend_B","Zap","Dualcast","Buffer","Capacitor","Storm+1","Defragment","Cold Snap","Steam","Electrodynamics","Conserve Battery","Compile Driver","Double Energy"],"relics":["Cracked Core","Centennial Puzzle","Lantern","Blood Vial"],"potions_floor_usage":[11],"damage_taken":[{"damage":8,"enemies":"Small Slimes","floor":1,"turns":3},{"damage":1,"enemies":"Cultist","floor":2,"turns":3},{"damage":0,"enemies":"Jaw Worm","floor":5,"turns":4},{"damage":27,"enemies":"3 Sentries","floor":7,"turns":8},{"damage":6,"enemies":"2 Fungi Beasts","floor":8,"turns":2},{"damage":11,"enemies":"Looter","floor":10,"turns":3},{"damage":6,"enemies":"Gremlin Nob","floor":11,"turns":5},{"damage":8,"enemies":"Large Slime","floor":13,"turns":1}],"seed_played":"-1962738757448067132","potions_obtained":[{"floor":1,"key":"Ancient Potion"},{"floor":5,"key":"SteroidPotion"},{"floor":8,"key":"SpeedPotion"}],"is_trial":false,"path_per_floor":["M","M","$","?","M","R","E","M","T","M","E","?","M"],"character_chosen":"DEFECT","items_purchased":["Defragment","Cold Snap"],"campfire_rested":0,"item_purchase_floors":[3,3],"current_hp_per_floor":[60,59,59,52,52,52,25,19,19,8,2,2,0],"gold":209,"neow_bonus":"ONE_RANDOM_RARE_CARD","is_prod":false,"is_daily":false,"chose_seed":false,"campfire_upgraded":1,"win_rate":0,"timestamp":1544920557,"path_taken":["M","M","$","?","?","R","E","M","T","M","E","?","M"],"build_version":"2018-12-13","purchased_purges":0,"victory":false,"max_hp_per_floor":[75,75,75,75,75,75,75,75,75,75,75,75,75],"card_choices":[{"not_picked":["Skim","Go for the Eyes"],"picked":"Capacitor","floor":1},{"not_picked":["Hologram","Self Repair"],"picked":"Storm","floor":2},{"not_picked":["Rebound","Barrage"],"picked":"Steam","floor":5},{"not_picked":["Sweeping Beam","Hologram"],"picked":"Electrodynamics","floor":7},{"not_picked":["Undo","Rebound"],"picked":"Conserve Battery","floor":8},{"not_picked":["Beam Cell","Doom and Gloom"],"picked":"Compile Driver","floor":10},{"not_picked":["Go for the Eyes","Redo"],"picked":"Double Energy","floor":11}],"player_experience":360812,"relics_obtained":[{"floor":7,"key":"Centennial Puzzle"},{"floor":9,"key":"Lantern"},{"floor":11,"key":"Blood Vial"}],"event_choices":[{"damage_healed":0,"gold_gain":75,"player_choice":"Touch","damage_taken":7,"max_hp_gain":0,"max_hp_loss":0,"event_name":"FaceTrader","floor":4,"gold_loss":0},{"damage_healed":0,"gold_gain":0,"player_choice":"Ignored","damage_taken":0,"max_hp_gain":0,"max_hp_loss":0,"event_name":"Golden Wing","floor":12,"gold_loss":0}],"is_beta":false,"boss_relics":[],"items_purged_floors":[],"is_endless":false,"potions_floor_spawned":[1,5,8],"killed_by":"Large Slime","ascension_level":6}