{"gold_per_floor":[116,86,100,116,186,215,235,235,235,267,286,286,305,336,336,440,440,453,453,125,125,137,164,164,194,271,271,283,311,325,22,22,122,122,142,154,164,215,238,238,238,238,286,319,319,331,364,374,374,374,374,374,6,32,32],"floor_reached":56,"playtime":3258,"items_purged":["Writhe","Strike_B","Defend_B"],"score":1335,"play_id":"4ff5fbe2-49cc-4ed3-a73f-a70f598a08de","local_time":"20190916022411","is_ascension_mode":false,"campfire_choices":[{"data":"Rainbow","floor":8,"key":"SMITH"},{"data":"Buffer","floor":12,"key":"SMITH"},{"data":"Coolheaded","floor":15,"key":"SMITH"},{"data":"Reinforced Body","floor":27,"key":"SMITH"},{"floor":32,"key":"REST"},{"floor":40,"key":"REST"},{"data":"Chaos","floor":41,"key":"SMITH"},{"floor":45,"key":"RECALL"},{"data":"Darkness","floor":49,"key":"SMITH"},{"data":"Consume","floor":52,"key":"SMITH"}],"neow_cost":"NONE","seed_source_timestamp":295198128463419,"circlet_count":0,"master_deck":["Defend_B","Defend_B","Defend_B","Zap","Dualcast","Rainbow+1","Chill","Conserve Battery","Auto Shields","Buffer+1","Coolheaded+1","Electrodynamics+1","Conserve Battery","Reinforced Body+1","Consume+1","Loop+1","White Noise+1","Fusion","Cold Snap+1","Chaos+1","Static Discharge+1","Buffer+1","Undo+1","Darkness+1","Loop+1","Biased Cognition+1","Double Energy+1","Hologram+1","Heatsinks+1","Static Discharge+1","Capacitor+1"],"relics":["Cracked Core","Bottled Lightning","Oddly Smooth Stone","Ancient Tea Set","Frozen Egg 2","Empty Cage","PreservedInsect","Symbiotic Virus","The Courier","Question Card","Gremlin Horn","DataDisk","Bottled Tornado","Philosopher\u0027s Stone","WingedGreaves","Blood Vial","Boot","Pear","Lantern","Happy Flower","Vajra"],"potions_floor_usage":[6,6,14,16,25,33,33,55,55],"damage_taken":[{"damage":8,"enemies":"Small Slimes","floor":1,"turns":3},{"damage":1,"enemies":"Cultist","floor":3,"turns":4},{"damage":0,"enemies":"2 Louse","floor":4,"turns":2},{"damage":1,"enemies":"Lagavulin","floor":6,"turns":4},{"damage":0,"enemies":"2 Fungi Beasts","floor":7,"turns":4},{"damage":27,"enemies":"3 Sentries","floor":10,"turns":8},{"damage":0,"enemies":"Red Slaver","floor":11,"turns":4},{"damage":0,"enemies":"3 Louse","floor":13,"turns":3},{"damage":6,"enemies":"Lagavulin","floor":14,"turns":7},{"damage":0,"enemies":"Slime Boss","floor":16,"turns":9},{"damage":0,"enemies":"Spheric Guardian","floor":18,"turns":5},{"damage":1,"enemies":"Shell Parasite","floor":22,"turns":7},{"damage":8,"enemies":"Slavers","floor":23,"turns":3},{"damage":26,"enemies":"Gremlin Leader","floor":25,"turns":7},{"damage":10,"enemies":"Centurion and Healer","floor":28,"turns":7},{"damage":18,"enemies":"Slavers","floor":29,"turns":3},{"damage":0,"enemies":"Shelled Parasite and Fungi","floor":30,"turns":6},{"damage":23,"enemies":"Collector","floor":33,"turns":9},{"damage":0,"enemies":"3 Shapes","floor":35,"turns":2},{"damage":8,"enemies":"Orb Walker","floor":36,"turns":4},{"damage":21,"enemies":"Spire Growth","floor":37,"turns":5},{"damage":20,"enemies":"2 Orb Walkers","floor":38,"turns":3},{"damage":2,"enemies":"Nemesis","floor":44,"turns":5},{"damage":0,"enemies":"Sphere and 2 Shapes","floor":46,"turns":3},{"damage":0,"enemies":"Giant Head","floor":47,"turns":8},{"damage":22,"enemies":"Writhing Mass","floor":48,"turns":5},{"damage":24,"enemies":"Donu and Deca","floor":50,"turns":11},{"damage":18,"enemies":"Shield and Spear","floor":54,"turns":5},{"damage":68,"enemies":"The Heart","floor":55,"turns":8}],"seed_played":"8127427900677320304","potions_obtained":[{"floor":1,"key":"Fire Potion"},{"floor":2,"key":"SkillPotion"},{"floor":2,"key":"FocusPotion"},{"floor":3,"key":"Dexterity Potion"},{"floor":11,"key":"Dexterity Potion"},{"floor":13,"key":"SpeedPotion"},{"floor":14,"key":"Ancient Potion"},{"floor":22,"key":"Weak Potion"},{"floor":29,"key":"Swift Potion"},{"floor":30,"key":"SpeedPotion"},{"floor":33,"key":"LiquidBronze"},{"floor":35,"key":"LiquidBronze"},{"floor":46,"key":"SpeedPotion"}],"is_trial":false,"path_per_floor":["M","?","M","M","T","E","M","R","T","E","M","R","M","E","R","B",null,"M","?","$","?","M","E","?","E","T","R","M","E","M","$","R","B",null,"M","M","M","?","T","R","R","?","T","E","R","M","E","M","R","B",null,"R","$","E","B",null],"character_chosen":"DEFECT","items_purchased":["Symbiotic Virus","Bottled Tornado","Static Discharge+1","Happy Flower","Heatsinks+1","Static Discharge+1","Capacitor+1"],"campfire_rested":2,"item_purchase_floors":[20,31,31,53,53,53,53],"current_hp_per_floor":[67,67,66,66,66,65,65,65,65,38,38,38,38,32,32,32,75,75,75,75,75,74,66,66,40,40,40,30,12,12,12,34,11,75,75,67,46,26,26,48,48,48,48,58,58,60,62,42,42,20,85,85,85,67,1],"gold":32,"neow_bonus":"ONE_RANDOM_RARE_CARD","is_prod":false,"is_daily":false,"chose_seed":false,"campfire_upgraded":7,"win_rate":0,"timestamp":1568593451,"path_taken":["M","?","?","M","?","E","M","R","T","E","M","R","M","E","R","BOSS","M","?","$","?","?","E","?","E","T","R","M","E","M","$","R","BOSS","M","M","M","?","?","R","R","?","T","E","R","?","E","M","R","BOSS","R","$","E","BOSS"],"build_version":"2019-07-17","purchased_purges":3,"victory":true,"max_hp_per_floor":[75,75,75,75,75,75,75,75,75,75,75,75,75,75,75,75,75,75,75,75,75,75,75,75,75,75,75,75,75,75,75,75,75,75,75,75,75,75,75,75,75,75,75,85,85,85,85,85,85,85,85,85,85,85,85],"card_choices":[{"not_picked":["Barrage","Rip and Tear"],"picked":"Chill","floor":1},{"not_picked":["Go for the Eyes","Gash","Storm"],"picked":"SKIP","floor":3},{"not_picked":["Go for the Eyes","Rebound"],"picked":"Conserve Battery","floor":4},{"not_picked":["Beam Cell","Double Energy"],"picked":"Auto Shields","floor":6},{"not_picked":["Ball Lightning","Compile Driver"],"picked":"Buffer","floor":7},{"not_picked":["Barrage","Reprogram","Recycle"],"picked":"SKIP","floor":10},{"not_picked":["Leap","Redo"],"picked":"Coolheaded","floor":11},{"not_picked":["Doom and Gloom","Stack","Rebound"],"picked":"SKIP","floor":13},{"not_picked":["FTL","Steam","Stack"],"picked":"SKIP","floor":14},{"not_picked":["Thunder Strike","Hyperbeam"],"picked":"Electrodynamics+1","floor":16},{"not_picked":["Stack+1","Cold Snap","Coolheaded"],"picked":"SKIP","floor":18},{"not_picked":["Beam Cell","Sweeping Beam"],"picked":"Reinforced Body","floor":22},{"not_picked":["Genetic Algorithm+1","Coolheaded"],"picked":"Consume","floor":23},{"not_picked":["Scrape","Sunder"],"picked":"White Noise+1","floor":25},{"not_picked":["Stack","Streamline+1","Gash"],"picked":"Fusion","floor":28},{"not_picked":["Conserve Battery","Aggregate","Undo"],"picked":"Cold Snap+1","floor":29},{"not_picked":["Rebound+1","Hologram","Beam Cell"],"picked":"Chaos","floor":30},{"not_picked":["Seek","Hyperbeam","Amplify"],"picked":"Buffer+1","floor":33},{"not_picked":["Ball Lightning","Cold Snap+1","Beam Cell+1"],"picked":"Undo+1","floor":35},{"not_picked":["Sweeping Beam+1","Redo","Coolheaded","Rip and Tear"],"picked":"SKIP","floor":36},{"not_picked":["White Noise","Leap+1","Turbo+1"],"picked":"Darkness","floor":37},{"not_picked":["Genetic Algorithm+1","Redo+1","Steam"],"picked":"Loop+1","floor":38},{"not_picked":["Hologram","Glacier+1","Steam"],"picked":"Biased Cognition+1","floor":44},{"not_picked":["Go for the Eyes","Rebound+1","Undo"],"picked":"Double Energy+1","floor":46},{"not_picked":["Aggregate+1","Redo","Reprogram+1"],"picked":"Hologram+1","floor":47},{"not_picked":["Steam Power+1","Sweeping Beam","Hello World+1","Steam+1"],"picked":"SKIP","floor":48},{"not_picked":["Rebound+1","Coolheaded","Meteor Strike","Streamline+1"],"picked":"SKIP","floor":54}],"player_experience":268575,"relics_obtained":[{"floor":5,"key":"Bottled Lightning"},{"floor":6,"key":"Oddly Smooth Stone"},{"floor":10,"key":"Ancient Tea Set"},{"floor":14,"key":"Frozen Egg 2"},{"floor":23,"key":"The Courier"},{"floor":25,"key":"Question Card"},{"floor":26,"key":"Gremlin Horn"},{"floor":29,"key":"DataDisk"},{"floor":38,"key":"WingedGreaves"},{"floor":39,"key":"Blood Vial"},{"floor":43,"key":"Boot"},{"floor":44,"key":"Pear"},{"floor":47,"key":"Lantern"},{"floor":54,"key":"Vajra"}],"event_choices":[{"damage_healed":0,"gold_gain":0,"player_choice":"Bought 2 Potions","damage_taken":0,"max_hp_gain":0,"max_hp_loss":0,"event_name":"The Woman in Blue","floor":2,"gold_loss":0},{"damage_healed":0,"gold_gain":0,"player_choice":"Opened","damage_taken":0,"relics_obtained":["PreservedInsect"],"max_hp_gain":0,"max_hp_loss":0,"event_name":"The Mausoleum","floor":19,"gold_loss":0,"cards_obtained":["Writhe"]},{"damage_healed":0,"gold_gain":0,"cards_transformed":["Strike_B"],"player_choice":"Transformed","damage_taken":0,"max_hp_gain":0,"max_hp_loss":0,"event_name":"Transmorgrifier","floor":21,"gold_loss":0,"cards_obtained":["Conserve Battery"]},{"damage_healed":0,"gold_gain":0,"player_choice":"Read","damage_taken":0,"max_hp_gain":0,"max_hp_loss":0,"event_name":"The Library","floor":24,"gold_loss":0,"cards_obtained":["Loop"]},{"damage_healed":0,"gold_gain":0,"player_choice":"Fight","damage_taken":0,"max_hp_gain":0,"max_hp_loss":0,"event_name":"Mysterious Sphere","floor":38,"gold_loss":0},{"damage_healed":0,"gold_gain":0,"player_choice":"Ignored","damage_taken":0,"max_hp_gain":0,"max_hp_loss":0,"event_name":"Tomb of Lord Red Mask","floor":42,"gold_loss":0}],"is_beta":false,"boss_relics":[{"not_picked":["Calling Bell","Coffee Dripper"],"picked":"Empty Cage"},{"not_picked":["Astrolabe","Snecko Eye"],"picked":"Philosopher\u0027s Stone"}],"items_purged_floors":[20,31,53],"is_endless":false,"potions_floor_spawned":[1,3,11,13,14,22,29,30,33,35,46,48,54],"ascension_level":0}