{"gold_per_floor":[110,110,120,136,136,136,161,86,86,86,86,104,104,104],"floor_reached":14,"playtime":592,"items_purged":[],"score":167,"play_id":"15f020f4-763f-4383-84a8-bf53c594e6e3","local_time":"20190114181439","is_ascension_mode":true,"campfire_choices":[{"data":"Neutralize","floor":6,"key":"SMITH"},{"floor":10,"key":"REST"},{"floor":13,"key":"REST"}],"neow_cost":"NONE","seed_source_timestamp":144252817119536,"circlet_count":0,"master_deck":["AscendersBane","Defend_G","Defend_G","Defend_G","Defend_G","Strike_G","Strike_G","Strike_G","Strike_G","Survivor","Neutralize+1","Cloak And Dagger","PiercingWail","Cloak And Dagger","Backstab","Dagger Spray"],"relics":["Ring of the Snake","Juzu Bracelet","Kunai","Bag of Marbles"],"potions_floor_usage":[7,14],"damage_taken":[{"damage":1,"enemies":"Cultist","floor":1,"turns":4},{"damage":1,"enemies":"2 Louse","floor":3,"turns":5},{"damage":2,"enemies":"Jaw Worm","floor":4,"turns":5},{"damage":53,"enemies":"3 Sentries","floor":7,"turns":21},{"damage":1,"enemies":"Blue Slaver","floor":12,"turns":3},{"damage":31,"enemies":"Lagavulin","floor":14,"turns":13}],"seed_played":"3083777040729504972","potions_obtained":[{"floor":3,"key":"Regen Potion"},{"floor":12,"key":"Ancient Potion"}],"is_trial":false,"path_per_floor":["M","?","M","M","?","R","E","?","T","R","?","M","R","E"],"character_chosen":"THE_SILENT","items_purchased":[],"campfire_rested":2,"item_purchase_floors":[],"current_hp_per_floor":[58,58,57,55,55,55,17,17,17,36,31,30,49,18],"gold":104,"neow_bonus":"RANDOM_COMMON_RELIC","is_prod":false,"is_daily":false,"chose_seed":false,"campfire_upgraded":1,"win_rate":0,"timestamp":1547486079,"path_taken":["M","?","M","M","?","R","E","?","T","R","?","M","R","E"],"build_version":"2019-01-10","purchased_purges":0,"victory":false,"max_hp_per_floor":[66,66,66,66,66,66,66,66,66,66,66,66,66,66],"card_choices":[{"not_picked":["Quick Slash","Escape Plan"],"picked":"Cloak And Dagger","floor":1},{"not_picked":["Flying Knee","Setup"],"picked":"PiercingWail","floor":3},{"not_picked":["Storm of Steel","Outmaneuver"],"picked":"Cloak And Dagger","floor":4},{"not_picked":["Escape Plan","Flechettes"],"picked":"Backstab","floor":7},{"not_picked":["Dagger Throw","Masterful Stab"],"picked":"Dagger Spray","floor":12}],"player_experience":532694,"relics_obtained":[{"floor":7,"key":"Kunai"},{"floor":9,"key":"Bag of Marbles"}],"event_choices":[{"damage_healed":0,"gold_gain":0,"player_choice":"Ignored","damage_taken":0,"max_hp_gain":0,"max_hp_loss":0,"event_name":"Liars Game","floor":2,"gold_loss":0},{"cards_removed":["Strike_G"],"damage_healed":0,"gold_gain":0,"player_choice":"Offered Basic","damage_taken":0,"max_hp_gain":0,"max_hp_loss":0,"event_name":"Bonfire Elementals","floor":5,"gold_loss":0},{"cards_removed":["Defend_G"],"damage_healed":0,"gold_gain":0,"player_choice":"Card Removal","damage_taken":0,"max_hp_gain":0,"max_hp_loss":0,"event_name":"The Cleric","floor":8,"gold_loss":75},{"damage_healed":0,"gold_gain":0,"player_choice":"Fled","damage_taken":5,"max_hp_gain":0,"max_hp_loss":0,"event_name":"Scrap Ooze","floor":11,"gold_loss":0}],"is_beta":false,"boss_relics":[],"items_purged_floors":[],"is_endless":false,"potions_floor_spawned":[3,12],"killed_by":"Lagavulin","ascension_level":18}