{"gold_per_floor":[111,131,131,131,155,194,194],"floor_reached":7,"playtime":191,"items_purged":[],"score":87,"play_id":"578fe4af-4789-436e-a92f-9d5e22f15f3a","local_time":"20190108000644","is_ascension_mode":true,"campfire_choices":[],"neow_cost":"NONE","seed_source_timestamp":1560694361465198,"circlet_count":0,"master_deck":["AscendersBane","Defend_G","Defend_G","Defend_G","Defend_G","Defend_G","Strike_G","Strike_G","Strike_G","Strike_G","Survivor","Neutralize","Backflip","Crippling Poison","PiercingWail","Caltrops"],"relics":["Ring of the Snake","NeowsBlessing","Golden Idol","Lantern"],"potions_floor_usage":[6],"damage_taken":[{"damage":0,"enemies":"2 Louse","floor":1,"turns":1},{"damage":0,"enemies":"Cultist","floor":2,"turns":1},{"damage":0,"enemies":"Jaw Worm","floor":5,"turns":1},{"damage":55,"enemies":"Gremlin Nob","floor":6,"turns":7},{"damage":8,"enemies":"Red Slaver","floor":7,"turns":1}],"seed_played":"7854212823633882053","potions_obtained":[{"floor":1,"key":"Ancient Potion"},{"floor":6,"key":"AttackPotion"}],"is_trial":false,"path_per_floor":["M","M","?","?","M","E","M"],"character_chosen":"THE_SILENT","items_purchased":[],"campfire_rested":0,"item_purchase_floors":[],"current_hp_per_floor":[59,59,59,59,59,4,0],"gold":194,"neow_bonus":"THREE_ENEMY_KILL","is_prod":false,"is_daily":false,"chose_seed":false,"campfire_upgraded":0,"win_rate":0,"timestamp":1546902404,"path_taken":["M","M","?","?","M","E","M"],"build_version":"2019-01-03v4","purchased_purges":0,"victory":false,"max_hp_per_floor":[66,66,61,61,61,61,61],"card_choices":[{"not_picked":["Eviscerate","Outmaneuver"],"picked":"Backflip","floor":1},{"not_picked":["Backflip","Deflect"],"picked":"Crippling Poison","floor":2},{"not_picked":["Reflex","Dagger Throw"],"picked":"PiercingWail","floor":5},{"not_picked":["Slice","Poisoned Stab"],"picked":"Caltrops","floor":6}],"player_experience":491298,"relics_obtained":[{"floor":6,"key":"Lantern"}],"event_choices":[{"damage_healed":0,"gold_gain":0,"player_choice":"Lose Max HP","damage_taken":0,"relics_obtained":["Golden Idol"],"max_hp_gain":0,"max_hp_loss":5,"event_name":"Golden Idol","floor":3,"gold_loss":0},{"cards_removed":["Strike_G"],"damage_healed":0,"gold_gain":0,"player_choice":"Offered Basic","damage_taken":0,"max_hp_gain":0,"max_hp_loss":0,"event_name":"Bonfire Elementals","floor":4,"gold_loss":0}],"is_beta":false,"boss_relics":[],"items_purged_floors":[],"is_endless":false,"potions_floor_spawned":[1,6],"killed_by":"Red Slaver","ascension_level":14}