{"path_per_floor":["M","?","?","M","M","E","R","M","T","R","M","M","M","M","R","B",null,"M","M","?","M","?","E","M","R","T","M","M","M","M","M","R"],"character_chosen":"THE_SILENT","items_purchased":[],"gold_per_floor":[111,111,111,123,133,163,163,182,209,209,220,234,253,265,265,366,366,376,392,392,407,407,435,455,455,755,772,791,805,819,838,838],"floor_reached":33,"campfire_rested":3,"playtime":3836,"current_hp_per_floor":[70,56,49,49,47,37,37,39,39,60,56,58,60,59,59,22,70,70,61,61,64,64,21,11,32,32,15,7,34,20,12,33],"items_purged":[],"gold":838,"play_id":"3a3ab642-e0f8-41bc-aa4a-508d4bfe8ad1","is_prod":false,"is_daily":false,"is_ascension_mode":false,"campfire_upgraded":2,"path_taken":["M","?","?","M","M","E","R","M","T","R","?","?","?","M","R","BOSS","M","M","?","M","?","E","?","R","T","M","M","M","M","M","R","BOSS"],"build_version":"2018-02-01-PROD3","purchased_purges":0,"victory":false,"master_deck":["Defend_G","Defend_G","Defend_G+1","Defend_G+1","Survivor","Neutralize+1","Finisher+1","Dagger Throw","Quick Slash","Acrobatics","Die Die Die","Quick Slash","Noxious Fumes","Backstab","Slice+1","Adrenaline","Dagger Throw","Well Laid Plans+1","Bite","Bite","Bite","Bite","Bite","Quick Slash+1","Flying Knee","Prepared","Infinite Blades","Flying Knee","Backstab+1","Backstab"],"max_hp_per_floor":[70,70,70,70,70,70,70,70,70,70,70,70,70,70,70,70,70,70,70,70,70,70,70,70,70,70,70,70,70,70,70,70],"relics":["Ring of the Snake","Snake Skull","Black Star","Unceasing Top","Shovel","Old Coin"],"card_choices":[{"not_picked":["Deflect","Poisoned Stab"],"picked":"Finisher"},{"not_picked":["Dodge and Roll","Dagger Spray"],"picked":"Dagger Throw"},{"not_picked":["Masterful Stab","Deflect"],"picked":"Quick Slash"},{"not_picked":["Deflect","Poisoned Stab"],"picked":"Acrobatics"},{"not_picked":["Dash","Malaise"],"picked":"Die Die Die"},{"not_picked":["Footwork","Terror"],"picked":"Quick Slash"},{"not_picked":["Crippling Poison","Backflip"],"picked":"Noxious Fumes"},{"not_picked":["All Out Attack","Deadly Poison"],"picked":"Backstab"},{"not_picked":["Acrobatics","Sucker Punch"],"picked":"Slice"},{"not_picked":["Tools of the Trade","Burst"],"picked":"Adrenaline"},{"not_picked":["Quick Slash","Skewer"],"picked":"Dagger Throw"},{"not_picked":["Leg Sweep","Terror"],"picked":"Well Laid Plans"},{"not_picked":["Acrobatics","PiercingWail"],"picked":"Quick Slash"},{"not_picked":["Masterful Stab","Dash"],"picked":"Prepared"},{"not_picked":["Deflect","All Out Attack"],"picked":"Infinite Blades"},{"not_picked":["Quick Slash","All Out Attack"],"picked":"Flying Knee"},{"not_picked":["Blur","Escape Plan"],"picked":"Backstab"},{"not_picked":["Deflect","Noxious Fumes"],"picked":"Backstab"}],"player_experience":37570,"potions_floor_usage":[],"damage_taken":[{"damage":0,"enemies":"Small Slimes","floor":1,"turns":3},{"damage":0,"enemies":"Jaw Worm","floor":4,"turns":3},{"damage":2,"enemies":"Blue Slaver","floor":5,"turns":3},{"damage":10,"enemies":"Lagavulin","floor":6,"turns":10},{"damage":0,"enemies":"Looter","floor":8,"turns":2},{"damage":6,"enemies":"3 Louse","floor":11,"turns":3},{"damage":0,"enemies":"2 Fungi Beasts","floor":12,"turns":2},{"damage":0,"enemies":"Lots of Slimes","floor":13,"turns":1},{"damage":3,"enemies":"Gremlin Gang","floor":14,"turns":3},{"damage":39,"enemies":"Hexaghost","floor":16,"turns":9},{"damage":0,"enemies":"Chosen","floor":18,"turns":3},{"damage":9,"enemies":"2 Thieves","floor":19,"turns":3},{"damage":7,"enemies":"3 Cultists","floor":21,"turns":4},{"damage":47,"enemies":"Slavers","floor":23,"turns":4},{"damage":24,"enemies":"Snake Plant","floor":24,"turns":5},{"damage":25,"enemies":"Slaver and Parasite","floor":27,"turns":8},{"damage":16,"enemies":"Sentry and Sphere","floor":28,"turns":4},{"damage":9,"enemies":"Centurion and Healer","floor":29,"turns":15},{"damage":28,"enemies":"Snake Plant","floor":30,"turns":6},{"damage":10,"enemies":"Sentry and Sphere","floor":31,"turns":3},{"damage":45,"enemies":"Collector","floor":33,"turns":3}],"event_choices":[{"event_name":"Shining Light","player_choice":"Entered Light","floor":2,"damage_taken":0},{"event_name":"Golden Wing","player_choice":"Card Removal","floor":3,"damage_taken":0},{"event_name":"Vampires","player_choice":"Became a vampire (Vial)","floor":20,"damage_taken":0},{"event_name":"The Library","player_choice":"Read","floor":22,"damage_taken":0}],"boss_relics":[{"not_picked":["Orrery","Eternal Feather"],"picked":"Black Star"}],"potions_floor_spawned":[4,6,12,19,24,28],"seed_played":"-4688237251963633787","killed_by":"Collector","ascension_level":0,"is_trial":false}