{"path_per_floor":["M","$","T","$","?","R","E","R","T","E","?","?","?","?","R","B",null,"M","$","M","?","?","E","R","E","T","R","?","R","E","?","R","B",null,"M","M","M","?","?","R","E","$","T","M","R","?","E","M","R"],"character_chosen":"IRONCLAD","items_purchased":["Cleave","Paper Frog","Rampage","Block Potion","Energy Potion","Peace Pipe","Poison Potion"],"gold_per_floor":[112,14,41,41,41,41,72,72,141,170,170,170,170,170,170,299,299,317,60,75,75,75,115,115,149,172,172,97,97,131,131,131,261,261,280,294,313,313,563,563,601,17,70,83,83,83,118,142,142],"floor_reached":50,"campfire_rested":4,"playtime":3475,"current_hp_per_floor":[80,80,80,80,80,80,78,78,78,72,52,57,49,49,49,26,85,84,84,70,70,70,20,45,28,28,28,28,53,61,61,61,26,85,72,73,49,49,49,49,21,21,28,15,42,80,45,49,73],"items_purged":["Strike_R","Regret"],"gold":142,"score":609,"play_id":"406007a9-a621-41bb-b6da-16428890ff36","is_prod":false,"is_daily":false,"is_ascension_mode":true,"campfire_upgraded":6,"path_taken":["M","$","?","$","?","R","E","R","T","E","?","?","?","?","R","BOSS","M","$","M","?","?","E","R","E","T","R","?","R","E","?","R","BOSS","M","M","M","?","?","R","E","$","T","M","R","?","E","M","R","BOSS"],"build_version":"2018-02-15-PROD1","purchased_purges":2,"victory":false,"master_deck":["Defend_R+1","Defend_R","Defend_R+1","Defend_R","Bash+1","Rampage+1","Cleave","Shrug It Off+1","Seeing Red+1","Flex","Headbutt","Flex+1","Headbutt","Shrug It Off+1","Battle Trance+1","Thunderclap+1","Offering","Injury","Parasite","Doubt","Shrug It Off+1","Heavy Blade+1","Dropkick+1","Rampage+1"],"max_hp_per_floor":[80,80,80,80,80,80,80,80,80,80,80,85,85,85,85,85,85,85,85,85,85,85,85,85,85,85,85,85,85,85,85,85,85,85,85,85,85,85,85,85,85,85,92,92,92,80,80,80,80],"relics":["Burning Blood","War Paint","Juzu Bracelet","Mercury Hourglass","Toolbox","Golden Idol","Orrery","Paper Frog","Vajra","Centennial Puzzle","Orichalcum","Molten Egg 2","Calling Bell","Blue Candle","Self Forming Clay","Art of War","Happy Flower","Peace Pipe","Strawberry","Ornamental Fan"],"card_choices":[{"not_picked":["Flex","Havoc"],"picked":"Rampage"},{"not_picked":["Rupture","Wild Strike"],"picked":"Shrug It Off"},{"not_picked":["Flex","Clash"],"picked":"Seeing Red"},{"not_picked":["Sever Soul","Clash"],"picked":"Flex"},{"not_picked":["Wild Strike","Sword Boomerang"],"picked":"Headbutt"},{"not_picked":["Cleave","Disarm"],"picked":"Flex"},{"not_picked":["Clash","Wild Strike"],"picked":"Headbutt"},{"not_picked":["Immolate","Perfected Strike"],"picked":"Shrug It Off"},{"not_picked":["Corruption","Metallicize"],"picked":"Battle Trance"},{"not_picked":["Body Slam","Perfected Strike"],"picked":"Thunderclap"},{"not_picked":["Feed","Juggernaut"],"picked":"Offering"},{"not_picked":["Thunderclap","True Grit"],"picked":"Shrug It Off"},{"not_picked":["Clothesline","Rupture"],"picked":"Heavy Blade"},{"not_picked":["Rupture","Reckless Charge"],"picked":"Dropkick"}],"player_experience":151891,"potions_floor_usage":[23,25,30,41,41,44,44,47,50,50],"damage_taken":[{"damage":6,"enemies":"Cultist","floor":1,"turns":3},{"damage":8,"enemies":"3 Sentries","floor":7,"turns":7},{"damage":12,"enemies":"Lagavulin","floor":10,"turns":5},{"damage":29,"enemies":"The Guardian","floor":16,"turns":8},{"damage":7,"enemies":"Chosen","floor":18,"turns":4},{"damage":20,"enemies":"3 Byrds","floor":20,"turns":4},{"damage":56,"enemies":"Slavers","floor":23,"turns":8},{"damage":32,"enemies":"Gremlin Leader","floor":25,"turns":6},{"damage":10,"enemies":"Slavers","floor":30,"turns":5},{"damage":41,"enemies":"Champ","floor":33,"turns":8},{"damage":19,"enemies":"3 Shapes","floor":35,"turns":4},{"damage":5,"enemies":"Orb Walker","floor":36,"turns":2},{"damage":30,"enemies":"Sphere and 2 Shapes","floor":37,"turns":6},{"damage":34,"enemies":"Nemesis","floor":41,"turns":5},{"damage":19,"enemies":"Maw","floor":44,"turns":6},{"damage":41,"enemies":"Giant Head","floor":47,"turns":7},{"damage":2,"enemies":"3 Darklings","floor":48,"turns":6},{"damage":75,"enemies":"Donu and Deca","floor":50,"turns":7}],"event_choices":[{"event_name":"Living Wall","player_choice":"Forget","floor":5,"damage_taken":0},{"event_name":"Golden Idol","player_choice":"Take Damage","floor":11,"damage_taken":0},{"event_name":"Big Fish","player_choice":"Donut","floor":12,"damage_taken":0},{"event_name":"Wheel of Change","player_choice":"Damage","floor":13,"damage_taken":0},{"event_name":"Liars Game","player_choice":"disagreed","floor":14,"damage_taken":0},{"event_name":"Back to Basics","player_choice":"Elegance","floor":21,"damage_taken":0},{"event_name":"Addict","player_choice":"Ignored","floor":22,"damage_taken":0},{"event_name":"Beggar","player_choice":"Gave Gold","floor":28,"damage_taken":0},{"event_name":"Vampires","player_choice":"Ignored","floor":31,"damage_taken":0},{"event_name":"Tomb of Lord Red Mask","player_choice":"Ignored","floor":38,"damage_taken":0},{"event_name":"Golden Shrine","player_choice":"Desecrate","floor":39,"damage_taken":0},{"event_name":"The Moai Head","player_choice":"Heal","floor":46,"damage_taken":0}],"boss_relics":[{"not_picked":["Snecko Eye","Ectoplasm"],"picked":"Orrery"},{"not_picked":["Question Card","Tiny House"],"picked":"Calling Bell"}],"potions_floor_spawned":[7,20,25,33,35,44,48],"seed_played":"-6235078717297762828","killed_by":"Donu and Deca","ascension_level":2,"is_trial":false}