{"gold_per_floor":[119,119,138,27,51,51,82,82,82,82,97,112,141,180,180,311,311,324,423,423,423,146,182,182,53,53,91,114,159,159,177,177,301,301,322,447,447,447,55,73,89,89,116,116,116,116,134,19,19,19],"floor_reached":51,"playtime":2363,"items_purged":["Writhe","Slice","Strike_G"],"score":814,"play_id":"5c047384-bca7-4d8b-bc18-7d6479d10c79","local_time":"20191009171357","is_ascension_mode":true,"campfire_choices":[{"data":"Footwork","floor":6,"key":"SMITH"},{"data":"Neutralize","floor":8,"key":"SMITH"},{"floor":10,"key":"REST"},{"data":"Noxious Fumes","floor":15,"key":"SMITH"},{"data":"Noxious Fumes","floor":24,"key":"SMITH"},{"data":"Blade Dance","floor":30,"key":"SMITH"},{"data":"Leg Sweep","floor":32,"key":"SMITH"},{"data":"Leg Sweep","floor":42,"key":"SMITH"},{"data":"Dash","floor":44,"key":"SMITH"},{"data":"Dodge and Roll","floor":46,"key":"SMITH"},{"data":"Leg Sweep","floor":49,"key":"SMITH"}],"neow_cost":"CURSE","seed_source_timestamp":2320273951649200,"circlet_count":0,"master_deck":["Strike_G","Strike_G","Strike_G+1","Strike_G","Defend_G","Defend_G","Defend_G","Defend_G","Defend_G","Survivor","Neutralize+1","Footwork+1","Quick Slash","Leg Sweep+1","Backflip","Noxious Fumes+1","Leg Sweep+1","Noxious Fumes+1","Corpse Explosion","Dash+1","Blade Dance+1","Backflip","Expertise","Eviscerate","Dodge and Roll+1","Bouncing Flask+1","Night Terror","Dash+1","Predator+1","Catalyst+1","Bane+1","Leg Sweep+1","Noxious Fumes"],"relics":["Ring of the Snake","WingedGreaves","Golden Idol","Kunai","Gremlin Horn","Odd Mushroom","Toy Ornithopter","Snecko Eye","MealTicket","Mummified Hand","Snake Skull","Meat on the Bone","Eternal Feather","Bag of Marbles","WristBlade","TungstenRod","Membership Card","Boot","Centennial Puzzle","Whetstone","Bronze Scales"],"potions_floor_usage":[23,27,50,50,50],"damage_taken":[{"damage":0,"enemies":"Small Slimes","floor":1,"turns":3},{"damage":0,"enemies":"Jaw Worm","floor":3,"turns":5},{"damage":0,"enemies":"Cultist","floor":5,"turns":4},{"damage":29,"enemies":"Lagavulin","floor":7,"turns":11},{"damage":0,"enemies":"Exordium Wildlife","floor":11,"turns":5},{"damage":0,"enemies":"2 Fungi Beasts","floor":12,"turns":5},{"damage":4,"enemies":"The Mushroom Lair","floor":13,"turns":7},{"damage":9,"enemies":"3 Sentries","floor":14,"turns":7},{"damage":4,"enemies":"Hexaghost","floor":16,"turns":10},{"damage":4,"enemies":"Chosen","floor":18,"turns":7},{"damage":33,"enemies":"Book of Stabbing","floor":23,"turns":7},{"damage":10,"enemies":"Slavers","floor":27,"turns":4},{"damage":8,"enemies":"3 Byrds","floor":28,"turns":6},{"damage":2,"enemies":"Shelled Parasite and Fungi","floor":31,"turns":5},{"damage":30,"enemies":"Champ","floor":33,"turns":10},{"damage":1,"enemies":"3 Shapes","floor":35,"turns":3},{"damage":1,"enemies":"Mind Bloom Boss Battle","floor":36,"turns":8},{"damage":0,"enemies":"Orb Walker","floor":40,"turns":2},{"damage":2,"enemies":"Maw","floor":41,"turns":4},{"damage":9,"enemies":"Sphere and 2 Shapes","floor":47,"turns":4},{"damage":1,"enemies":"Time Eater","floor":50,"turns":10}],"seed_played":"1712738139923153682","potions_obtained":[{"floor":1,"key":"SkillPotion"},{"floor":11,"key":"Weak Potion"},{"floor":12,"key":"PowerPotion"},{"floor":14,"key":"Strength Potion"},{"floor":28,"key":"LiquidBronze"},{"floor":33,"key":"DuplicationPotion"}],"is_trial":false,"path_per_floor":["M","?","M","$","M","R","E","R","T","R","M","M","?","E","R","B",null,"M","?","?","?","$","E","R","$","T","E","M","T","R","M","R","B",null,"M","?","?","?","$","M","M","R","T","R","?","R","M","$","R","B",null],"character_chosen":"THE_SILENT","items_purchased":["Leg Sweep","Dash","Fruit Juice","Backflip","Expertise","Membership Card","Boot","Centennial Puzzle","Fire Potion","Bronze Scales","Noxious Fumes"],"campfire_rested":1,"item_purchase_floors":[4,22,22,25,25,39,39,39,39,48,48],"current_hp_per_floor":[70,53,53,53,53,53,24,24,24,45,45,45,41,32,32,28,70,66,66,66,66,70,42,42,57,57,52,44,44,59,57,72,42,75,74,73,73,73,75,75,73,75,75,75,75,75,66,75,75,75],"gold":19,"neow_bonus":"ONE_RARE_RELIC","is_prod":false,"is_daily":false,"chose_seed":false,"campfire_upgraded":10,"win_rate":0,"timestamp":1570605237,"path_taken":["M","?","M","$","M","R","E","R","T","R","M","M","?","E","R","BOSS","M","?","?","?","$","E","R","$","T","E","?","?","R","M","R","BOSS","M","?","?","?","$","M","?","R","T","R","?","R","M","?","R","BOSS"],"build_version":"2019-10-08","purchased_purges":3,"victory":true,"max_hp_per_floor":[70,70,70,70,70,70,70,70,70,70,70,70,70,70,70,70,70,70,70,70,70,70,75,75,75,75,75,75,75,75,75,75,75,75,75,75,75,75,75,75,75,75,75,75,75,75,75,75,75,75],"card_choices":[{"not_picked":["Deadly Poison","Dagger Spray"],"picked":"Footwork","floor":1},{"not_picked":["Underhanded Strike","Slice"],"picked":"Quick Slash","floor":3},{"not_picked":["PiercingWail","Flying Knee"],"picked":"Slice","floor":5},{"not_picked":["Dagger Throw","Dagger Spray"],"picked":"Backflip","floor":7},{"not_picked":["Glass Knife","Dagger Throw"],"picked":"Noxious Fumes","floor":11},{"not_picked":["Underhanded Strike","Quick Slash"],"picked":"Leg Sweep","floor":12},{"not_picked":["Masterful Stab","Eviscerate"],"picked":"Noxious Fumes","floor":13},{"not_picked":["Outmaneuver","Blur","Underhanded Strike"],"picked":"SKIP","floor":14},{"not_picked":["Doppelganger","Phantasmal Killer"],"picked":"Corpse Explosion","floor":16},{"not_picked":["Bane","Poisoned Stab"],"picked":"Underhanded Strike","floor":18},{"not_picked":["Underhanded Strike+1","Terror"],"picked":"Blade Dance","floor":23},{"not_picked":["Dodge and Roll","Backstab"],"picked":"Eviscerate","floor":27},{"not_picked":["Slice+1","Deflect"],"picked":"Dodge and Roll","floor":28},{"not_picked":["Accuracy","Expertise"],"picked":"Bouncing Flask","floor":31},{"not_picked":["Unload","Wraith Form v2"],"picked":"Night Terror","floor":33},{"not_picked":["Deflect","Escape Plan"],"picked":"Dash","floor":35},{"not_picked":["Sucker Punch+1","Backflip"],"picked":"Predator+1","floor":36},{"not_picked":["Quick Slash+1","Sucker Punch+1"],"picked":"Catalyst+1","floor":40},{"not_picked":["Adrenaline","Backflip"],"picked":"Bane+1","floor":41},{"not_picked":["Dodge and Roll","Flechettes+1"],"picked":"Leg Sweep","floor":47}],"player_experience":27389,"relics_obtained":[{"floor":7,"key":"Kunai"},{"floor":9,"key":"Gremlin Horn"},{"floor":13,"key":"Odd Mushroom"},{"floor":14,"key":"Toy Ornithopter"},{"floor":23,"key":"Snake Skull"},{"floor":26,"key":"Meat on the Bone"},{"floor":27,"key":"Eternal Feather"},{"floor":29,"key":"Bag of Marbles"},{"floor":36,"key":"TungstenRod"},{"floor":43,"key":"Whetstone"}],"event_choices":[{"damage_healed":0,"gold_gain":0,"player_choice":"Take Damage","damage_taken":17,"relics_obtained":["Golden Idol"],"max_hp_gain":0,"max_hp_loss":0,"event_name":"Golden Idol","floor":2,"gold_loss":0},{"damage_healed":0,"gold_gain":0,"player_choice":"Fought Mushrooms","damage_taken":0,"max_hp_gain":0,"max_hp_loss":0,"event_name":"Mushrooms","floor":13,"gold_loss":0},{"damage_healed":0,"gold_gain":99,"player_choice":"Stole From Cult","damage_taken":0,"max_hp_gain":0,"max_hp_loss":0,"event_name":"Nest","floor":19,"gold_loss":0},{"damage_healed":0,"gold_gain":0,"player_choice":"Opened","damage_taken":0,"relics_obtained":["MealTicket"],"max_hp_gain":0,"max_hp_loss":0,"event_name":"The Mausoleum","floor":20,"gold_loss":0},{"damage_healed":0,"gold_gain":0,"player_choice":"Gave Potion","damage_taken":0,"relics_obtained":["Mummified Hand"],"max_hp_gain":0,"max_hp_loss":0,"event_name":"WeMeetAgain","floor":21,"gold_loss":0},{"damage_healed":0,"gold_gain":0,"player_choice":"Fight","damage_taken":0,"max_hp_gain":0,"max_hp_loss":0,"event_name":"MindBloom","floor":36,"gold_loss":0},{"cards_removed":["Underhanded Strike"],"damage_healed":0,"gold_gain":0,"player_choice":"Removed Attack","damage_taken":0,"max_hp_gain":0,"max_hp_loss":0,"event_name":"Falling","floor":37,"gold_loss":0},{"damage_healed":0,"gold_gain":0,"player_choice":"Forge","damage_taken":0,"max_hp_gain":0,"max_hp_loss":0,"event_name":"Accursed Blacksmith","floor":38,"gold_loss":0,"cards_upgraded":["Bouncing Flask"]},{"damage_healed":0,"gold_gain":0,"player_choice":"Memory 1","damage_taken":0,"max_hp_gain":0,"max_hp_loss":0,"event_name":"SensoryStone","floor":45,"gold_loss":0}],"is_beta":true,"boss_relics":[{"not_picked":["Runic Pyramid","Busted Crown"],"picked":"Snecko Eye"},{"not_picked":["HoveringKite","Velvet Choker"],"picked":"WristBlade"}],"items_purged_floors":[4,22,39],"is_endless":false,"potions_floor_spawned":[1,11,12,14,28,33,41,47],"ascension_level":3}