{"gold_per_floor":[116,116,143,156,169,169,195,195,246,39,74,74,90,90,90,162,162,176,153,170,41,41],"floor_reached":22,"playtime":932,"items_purged":["Strike_G"],"score":388,"play_id":"8d9be668-939d-419e-acd8-31606b69bb6b","local_time":"20191007005438","is_ascension_mode":true,"campfire_choices":[{"data":"Neutralize","floor":6.0,"key":"SMITH"},{"floor":8.0,"key":"REST"},{"floor":15.0,"key":"REST"}],"neow_cost":"NONE","seed_source_timestamp":2086450283461800,"circlet_count":0,"master_deck":["AscendersBane","Strike_G","Strike_G","Strike_G","Defend_G","Defend_G","Defend_G","Defend_G","Defend_G","Survivor","Neutralize+1","Riddle With Holes","Bane","PiercingWail","Footwork","Terror","Dodge and Roll","A Thousand Cuts","Noxious Fumes","Cloak And Dagger+1","Backflip"],"special_seed":0,"relics":["Runic Dome","Snake Skull","Art of War","InkBottle","Potion Belt","Question Card","Snecko Eye"],"potions_floor_usage":[22],"damage_taken":[{"damage":6.0,"enemies":"Small Slimes","floor":1.0,"turns":5.0},{"damage":8.0,"enemies":"Jaw Worm","floor":4.0,"turns":6.0},{"damage":1.0,"enemies":"2 Louse","floor":5.0,"turns":3.0},{"damage":27.0,"enemies":"3 Sentries","floor":7.0,"turns":10.0},{"damage":21.0,"enemies":"Lagavulin","floor":11.0,"turns":8.0},{"damage":1.0,"enemies":"Blue Slaver","floor":13.0,"turns":4.0},{"damage":32.0,"enemies":"The Guardian","floor":16.0,"turns":15.0},{"damage":8.0,"enemies":"Shell Parasite","floor":18.0,"turns":8.0},{"damage":30,"enemies":"2 Thieves","floor":19,"turns":4},{"damage":4,"enemies":"Snecko","floor":20,"turns":4},{"damage":14,"enemies":"Centurion and Healer","floor":22,"turns":2}],"seed_played":"970496513981566750","potions_obtained":[{"floor":1.0,"key":"SpeedPotion"},{"floor":4.0,"key":"Weak Potion"},{"floor":5.0,"key":"Poison Potion"},{"floor":13.0,"key":"Poison Potion"}],"is_trial":false,"path_per_floor":["M","?","T","M","M","R","E","R","T","$","E","$","M","?","R","B",null,"M","M","M","$","M"],"character_chosen":"THE_SILENT","items_purchased":["Potion Belt","Footwork","Block Potion"],"campfire_rested":2,"item_purchase_floors":[10,10,21],"current_hp_per_floor":[53,53,53,45,44,44,17,36,36,36,15,15,14,14,33,1,50,42,12,8,8,0],"gold":41,"neow_bonus":"BOSS_RELIC","is_prod":false,"is_daily":false,"chose_seed":false,"campfire_upgraded":1,"win_rate":0,"timestamp":1570434878,"path_taken":["M","?","?","M","M","R","E","R","T","$","E","?","M","?","R","BOSS","M","M","M","$","M"],"build_version":"2019-10-04","purchased_purges":1,"victory":false,"max_hp_per_floor":[66,66,66,66,66,66,66,66,66,66,66,66,66,66,66,66,66,66,66,66,66,66],"card_choices":[{"not_picked":["Slice","Finisher"],"picked":"Riddle With Holes","floor":1.0},{"not_picked":["Outmaneuver","Blade Dance"],"picked":"Bane","floor":4.0},{"not_picked":["Predator","Masterful Stab"],"picked":"PiercingWail","floor":5.0},{"not_picked":["Sucker Punch","Reflex","Flying Knee"],"picked":"SKIP","floor":7.0},{"not_picked":["Deflect","Choke"],"picked":"Terror","floor":11.0},{"not_picked":["Endless Agony","Prepared","Outmaneuver"],"picked":"Dodge and Roll","floor":13.0},{"not_picked":["Grand Finale","Burst","Doppelganger"],"picked":"A Thousand Cuts","floor":16.0},{"not_picked":["Setup","Escape Plan","Dagger Throw"],"picked":"Noxious Fumes","floor":18.0},{"not_picked":["Quick Slash","Noxious Fumes","Underhanded Strike"],"picked":"Cloak And Dagger+1","floor":19},{"not_picked":["Deadly Poison","Outmaneuver","Reflex"],"picked":"Backflip","floor":20}],"player_experience":1541319,"relics_obtained":[{"floor":3.0,"key":"Snake Skull"},{"floor":7.0,"key":"Art of War"},{"floor":9.0,"key":"InkBottle"},{"floor":11.0,"key":"Question Card"}],"event_choices":[{"damage_healed":0.0,"max_hp_gain":0.0,"max_hp_loss":0.0,"gold_gain":0.0,"event_name":"Liars Game","player_choice":"Ignored","floor":2.0,"gold_loss":0.0,"damage_taken":0.0},{"cards_removed":["Strike_G"],"damage_healed":0.0,"max_hp_gain":0.0,"max_hp_loss":0.0,"gold_gain":0.0,"event_name":"Living Wall","player_choice":"Forget","floor":14.0,"gold_loss":0.0,"damage_taken":0.0}],"is_beta":true,"boss_relics":[{"not_picked":["Calling Bell","Black Star"],"picked":"Snecko Eye"}],"items_purged_floors":[21],"is_endless":false,"potions_floor_spawned":[1,4,5,13],"killed_by":"Centurion and Healer","ascension_level":20}