{"gold_per_floor":[114,189,189,189,208,208,249,9,36,49,49,63,63,13,13,112,112,135,135,135,135,158,158,258,258],"floor_reached":25,"playtime":745,"items_purged":[],"score":335,"play_id":"c32dd6c6-7fb0-45a1-a6a3-414742c8164f","local_time":"20190325051116","is_ascension_mode":true,"campfire_choices":[{"data":"Headbutt","floor":6,"key":"SMITH"},{"floor":11,"key":"REST"},{"data":"Magnetism","floor":13,"key":"SMITH"},{"data":"Flex","floor":15,"key":"SMITH"},{"floor":23,"key":"REST"}],"neow_cost":"PERCENT_DAMAGE","seed_source_timestamp":11422197522086,"circlet_count":0,"master_deck":["AscendersBane","Strike_R","Strike_R","Strike_R","Strike_R","Defend_R","Defend_R","Defend_R","Bash","Headbutt+1","Rage","Flex+1","Magnetism+1","Pommel Strike","Thunderclap","Bludgeon","True Grit","Dropkick","RitualDagger","Cleave"],"relics":["Burning Blood","Golden Idol","Happy Flower","Regal Pillow","Runic Cube"],"potions_floor_usage":[7,10,16,16],"damage_taken":[{"damage":13,"enemies":"Small Slimes","floor":1,"turns":4},{"damage":7,"enemies":"Jaw Worm","floor":5,"turns":3},{"damage":31,"enemies":"Lagavulin","floor":7,"turns":6},{"damage":7,"enemies":"2 Louse","floor":10,"turns":2},{"damage":8,"enemies":"Blue Slaver","floor":12,"turns":4},{"damage":43,"enemies":"The Guardian","floor":16,"turns":10},{"damage":17,"enemies":"Shell Parasite","floor":18,"turns":3},{"damage":24,"enemies":"Colosseum Slavers","floor":19,"turns":4},{"damage":17,"enemies":"3 Byrds","floor":22,"turns":4},{"damage":53,"enemies":"Snake Plant","floor":25,"turns":5}],"seed_played":"3058603929930327715","potions_obtained":[{"floor":5,"key":"SteroidPotion"},{"floor":7,"key":"Energy Potion"},{"floor":12,"key":"Explosive Potion"},{"floor":22,"key":"Fire Potion"}],"is_trial":false,"path_per_floor":["M","?","?","?","M","R","E","$","T","M","R","M","R","$","R","B",null,"M","?","?","?","M","R","?","M"],"character_chosen":"IRONCLAD","items_purchased":["Flex","Magnetism","Energy Potion"],"campfire_rested":2,"item_purchase_floors":[8,8,14],"current_hp_per_floor":[43,32,32,37,36,36,11,11,11,10,47,45,45,45,45,8,58,47,29,29,23,12,49,49,0],"gold":258,"neow_bonus":"REMOVE_TWO","is_prod":false,"is_daily":false,"chose_seed":false,"campfire_upgraded":3,"win_rate":0,"timestamp":1553458276,"path_taken":["M","?","?","?","M","R","E","?","T","M","R","M","R","$","R","BOSS","M","?","?","?","M","R","?","M"],"build_version":"2019-01-23","purchased_purges":0,"victory":false,"max_hp_per_floor":[75,75,69,74,74,74,74,74,74,74,74,74,74,74,74,74,74,74,74,74,74,74,74,74,74],"card_choices":[{"not_picked":["Searing Blow","Power Through"],"picked":"Headbutt","floor":1},{"not_picked":["Reckless Charge","Pommel Strike"],"picked":"Rage","floor":5},{"not_picked":["Entrench","Hemokinesis","Fire Breathing"],"picked":"SKIP","floor":7},{"not_picked":["Wild Strike","Twin Strike"],"picked":"Pommel Strike","floor":10},{"not_picked":["Rupture","Armaments"],"picked":"Thunderclap","floor":12},{"not_picked":["Barricade","Berserk"],"picked":"Bludgeon","floor":16},{"not_picked":["Havoc","Metallicize"],"picked":"True Grit","floor":18},{"not_picked":["Perfected Strike","Metallicize"],"picked":"Cleave","floor":22}],"player_experience":615637,"relics_obtained":[{"floor":7,"key":"Happy Flower"},{"floor":9,"key":"Regal Pillow"}],"event_choices":[{"damage_healed":0,"gold_gain":75,"player_choice":"Gather Gold","damage_taken":11,"max_hp_gain":0,"max_hp_loss":0,"event_name":"World of Goop","floor":2,"gold_loss":0},{"damage_healed":0,"gold_gain":0,"player_choice":"Lose Max HP","damage_taken":0,"relics_obtained":["Golden Idol"],"max_hp_gain":0,"max_hp_loss":6,"event_name":"Golden Idol","floor":3,"gold_loss":0},{"damage_healed":0,"gold_gain":0,"player_choice":"Donut","damage_taken":0,"max_hp_gain":5,"max_hp_loss":0,"event_name":"Big Fish","floor":4,"gold_loss":0},{"damage_healed":0,"gold_gain":0,"player_choice":"Fight","damage_taken":0,"max_hp_gain":0,"max_hp_loss":0,"event_name":"Colosseum","floor":19,"gold_loss":0},{"damage_healed":0,"gold_gain":0,"player_choice":"Fled From Nobs","damage_taken":0,"max_hp_gain":0,"max_hp_loss":0,"event_name":"Colosseum","floor":19,"gold_loss":0},{"damage_healed":0,"gold_gain":0,"player_choice":"Read","damage_taken":0,"max_hp_gain":0,"max_hp_loss":0,"event_name":"The Library","floor":20,"gold_loss":0,"cards_obtained":["Dropkick"]},{"damage_healed":0,"gold_gain":0,"player_choice":"Joined the Cult","damage_taken":6,"max_hp_gain":0,"max_hp_loss":0,"event_name":"Nest","floor":21,"gold_loss":0,"cards_obtained":["RitualDagger"]},{"damage_healed":0,"gold_gain":100,"player_choice":"Pray","damage_taken":0,"max_hp_gain":0,"max_hp_loss":0,"event_name":"Golden Shrine","floor":24,"gold_loss":0}],"is_beta":false,"boss_relics":[{"not_picked":["Runic Dome","Ectoplasm"],"picked":"Runic Cube"}],"items_purged_floors":[],"is_endless":false,"potions_floor_spawned":[5,7,12,22],"killed_by":"Snake Plant","ascension_level":14}