{"gold_per_floor":[113,14,14,41,57,92,92,133,133,148,148,169,169,169],"floor_reached":14,"playtime":881,"items_purged":[],"score":103,"play_id":"e18a837a-a02a-499e-8899-2160a27137cc","local_time":"20190415164623","is_ascension_mode":true,"campfire_choices":[{"floor":7,"key":"REST"}],"neow_cost":"NONE","seed_source_timestamp":3883127211560288,"circlet_count":0,"master_deck":["Defend_G","Defend_G+1","Defend_G","Defend_G+1","Defend_G","Strike_G","Strike_G+1","Strike_G","Strike_G","Strike_G","Survivor","Neutralize","Blade Dance","Noxious Fumes+1","Bane","Backstab","Dagger Throw+1","Footwork","Deadly Poison","Distraction"],"relics":["Ring of the Snake","Golden Idol","Bottled Flame","War Paint","Darkstone Periapt"],"potions_floor_usage":[6,8],"damage_taken":[{"damage":2,"enemies":"Jaw Worm","floor":1,"turns":4},{"damage":0,"enemies":"Small Slimes","floor":5,"turns":4},{"damage":18,"enemies":"Lagavulin","floor":6,"turns":7},{"damage":38,"enemies":"Gremlin Nob","floor":8,"turns":6},{"damage":0,"enemies":"2 Louse","floor":10,"turns":2},{"damage":6,"enemies":"Exordium Wildlife","floor":12,"turns":4},{"damage":6,"enemies":"Lagavulin","floor":14,"turns":3}],"seed_played":"-3545507545107819021","potions_obtained":[{"floor":1,"key":"SpeedPotion"},{"floor":5,"key":"GhostInAJar"}],"is_trial":false,"path_per_floor":["M","$","?","T","M","E","R","E","T","M","?","M","?","E"],"character_chosen":"THE_SILENT","items_purchased":["Noxious Fumes","Bane"],"campfire_rested":1,"item_purchase_floors":[2,2],"current_hp_per_floor":[75,75,56,56,56,38,61,23,23,23,8,2,2,0],"gold":169,"neow_bonus":"TEN_PERCENT_HP_BONUS","is_prod":false,"is_daily":false,"chose_seed":false,"campfire_upgraded":0,"win_rate":0,"timestamp":1555361183,"path_taken":["M","$","?","?","M","E","R","E","T","M","?","M","?","E"],"build_version":"2019-01-23","purchased_purges":0,"victory":false,"max_hp_per_floor":[77,77,77,77,77,77,77,77,77,77,77,77,77,77],"card_choices":[{"not_picked":["Bouncing Flask","Tactician"],"picked":"Blade Dance","floor":1},{"not_picked":["Deflect","Calculated Gamble"],"picked":"Backstab","floor":5},{"not_picked":["Quick Slash","Acrobatics"],"picked":"Dagger Throw","floor":6},{"not_picked":["PiercingWail","Flying Knee"],"picked":"Footwork","floor":8},{"not_picked":["Backflip","Heel Hook"],"picked":"Deadly Poison","floor":10},{"not_picked":["Quick Slash","Accuracy"],"picked":"Distraction","floor":12}],"player_experience":86671,"relics_obtained":[{"floor":6,"key":"Bottled Flame"},{"floor":8,"key":"War Paint"},{"floor":9,"key":"Darkstone Periapt"}],"event_choices":[{"damage_healed":0,"gold_gain":0,"player_choice":"Take Damage","damage_taken":19,"relics_obtained":["Golden Idol"],"max_hp_gain":0,"max_hp_loss":0,"event_name":"Golden Idol","floor":3,"gold_loss":0},{"damage_healed":0,"gold_gain":0,"player_choice":"Entered Light","damage_taken":15,"max_hp_gain":0,"max_hp_loss":0,"event_name":"Shining Light","floor":11,"gold_loss":0,"cards_upgraded":["Dagger Throw","Strike_G"]},{"damage_healed":0,"gold_gain":0,"player_choice":"Grow","damage_taken":0,"max_hp_gain":0,"max_hp_loss":0,"event_name":"Living Wall","floor":13,"gold_loss":0,"cards_upgraded":["Noxious Fumes"]}],"is_beta":false,"boss_relics":[],"items_purged_floors":[],"is_endless":false,"potions_floor_spawned":[1,5],"killed_by":"Lagavulin","ascension_level":1}