{"gold_per_floor":[213,213,231,250,93,93,116,146,146,172,172,172,226,226,226,303,303,319,330,330,348,65,94,94,105,105,140,140,164,164,164,164,242,242,258,258,8,8,19,51,66,66,66,80,104,118,147,159,159,159],"floor_reached":51,"playtime":3740,"items_purged":["Strike_B","Strike_B"],"score":1157,"play_id":"525c4574-26f2-498a-a124-2307d0d3482f","local_time":"20190104231233","is_ascension_mode":true,"campfire_choices":[{"data":"Ball Lightning","floor":6.0,"key":"SMITH"},{"floor":12.0,"key":"REST"},{"data":"Dualcast","floor":15.0,"key":"SMITH"},{"floor":24.0,"key":"REST"},{"data":"Creative AI","floor":28.0,"key":"SMITH"},{"data":"Turbo","floor":30.0,"key":"SMITH"},{"floor":32.0,"key":"REST"},{"data":"Defragment","floor":42,"key":"SMITH"},{"floor":49,"key":"REST"}],"neow_cost":"NONE","seed_source_timestamp":0,"circlet_count":0,"master_deck":["AscendersBane","Strike_B","Defend_B","Defend_B","Defend_B","Defend_B","Zap+1","Dualcast+1","Coolheaded+1","Turbo+1","Ball Lightning+1","Capacitor","Compile Driver","Creative AI+1","Auto Shields","Hologram","Cold Snap","Self Repair","Undo","Leap+1","Core Surge","RitualDagger","Echo Form","Auto Shields+1","Flash of Steel","Capacitor+1","Defragment+1","Consume+1","Barrage","Barrage","Barrage"],"special_seed":0,"relics":["Cracked Core","Odd Mushroom","Question Card","Strawberry","Symbiotic Virus","Tiny Chest","Nuclear Battery","Meat on the Bone","Vajra","Mummified Hand","Potion Belt","Blood Vial","Eternal Feather","Bag of Marbles","Incense Burner","Dodecahedron","Regal Pillow","Anchor"],"potions_floor_usage":[40,40,47,47,50,50],"damage_taken":[{"damage":11.0,"enemies":"Small Slimes","floor":1.0,"turns":4.0},{"damage":1.0,"enemies":"2 Louse","floor":3.0,"turns":3.0},{"damage":7.0,"enemies":"Jaw Worm","floor":4.0,"turns":5.0},{"damage":24.0,"enemies":"The Mushroom Lair","floor":7.0,"turns":3.0},{"damage":3.0,"enemies":"Gremlin Nob","floor":8.0,"turns":3.0},{"damage":11.0,"enemies":"Lagavulin","floor":10.0,"turns":6.0},{"damage":14.0,"enemies":"The Guardian","floor":16.0,"turns":8.0},{"damage":11.0,"enemies":"Spheric Guardian","floor":18.0,"turns":4.0},{"damage":2.0,"enemies":"Chosen","floor":19.0,"turns":4.0},{"damage":17.0,"enemies":"3 Cultists","floor":21.0,"turns":5.0},{"damage":18.0,"enemies":"Gremlin Leader","floor":23.0,"turns":6.0},{"damage":7.0,"enemies":"Centurion and Healer","floor":25.0,"turns":5.0},{"damage":29.0,"enemies":"Book of Stabbing","floor":27.0,"turns":6.0},{"damage":56.0,"enemies":"Champ","floor":33.0,"turns":12.0},{"damage":11,"enemies":"3 Shapes","floor":35,"turns":7},{"damage":8,"enemies":"3 Darklings","floor":39,"turns":6},{"damage":41,"enemies":"Nemesis","floor":40,"turns":9},{"damage":10,"enemies":"Writhing Mass","floor":41,"turns":5},{"damage":20,"enemies":"Sphere and 2 Shapes","floor":44,"turns":6},{"damage":0,"enemies":"Spire Growth","floor":46,"turns":5},{"damage":22,"enemies":"Reptomancer","floor":47,"turns":7},{"damage":23,"enemies":"3 Darklings","floor":48,"turns":7},{"damage":23,"enemies":"Donu and Deca","floor":50,"turns":11}],"seed_played":"4395281292938400803","potions_obtained":[{"floor":3.0,"key":"GamblersBrew"},{"floor":7.0,"key":"Swift Potion"},{"floor":19.0,"key":"Energy Potion"},{"floor":27.0,"key":"Dexterity Potion"},{"floor":33.0,"key":"Dexterity Potion"},{"floor":39,"key":"PowerPotion"},{"floor":40,"key":"PowerPotion"},{"floor":44,"key":"EssenceOfSteel"}],"is_trial":false,"path_per_floor":["M","?","M","M","$","R","?","E","T","E","?","R","T","?","R","B",null,"M","M","?","M","$","E","R","M","T","E","R","T","R","?","R","B",null,"M","?","$","?","M","E","M","R","T","M","T","M","E","M","R","B",null],"character_chosen":"DEFECT","items_purchased":["Capacitor","Meat on the Bone","Self Repair","SpeedPotion","Dexterity Potion","Block Potion"],"campfire_rested":4,"item_purchase_floors":[5,22,22,37,37,37],"current_hp_per_floor":[57,42,41,34,34,34,10,7,14,3,30,54,54,47,47,33,70,59,57,41,24,24,25,51,51,51,41,41,41,41,35,61,26,72,70,70,70,70,71,51,62,77,77,66,66,68,55,53,87,71],"gold":159,"neow_bonus":"HUNDRED_GOLD","is_prod":false,"is_daily":false,"chose_seed":false,"campfire_upgraded":5,"win_rate":0,"timestamp":1546639953,"path_taken":["M","?","M","M","$","R","?","E","T","E","?","R","?","?","R","BOSS","M","M","?","M","$","E","R","M","T","E","R","?","R","?","R","BOSS","M","?","$","?","?","E","M","R","T","M","?","M","E","?","R","BOSS"],"build_version":"2019-01-03v4","purchased_purges":2,"victory":true,"max_hp_per_floor":[75,75,75,75,75,75,75,75,82,82,82,82,82,82,82,82,82,82,82,87,87,87,87,87,87,87,87,87,87,87,87,87,87,87,87,87,87,87,87,87,87,87,87,87,87,87,87,87,87,87],"card_choices":[{"not_picked":["Beam Cell","Steam"],"picked":"Coolheaded","floor":1.0},{"not_picked":["Hello World","Hyperbeam"],"picked":"Turbo","floor":3.0},{"not_picked":["Hologram","White Noise"],"picked":"Ball Lightning","floor":4.0},{"not_picked":["Darkness","Beam Cell"],"picked":"Compile Driver","floor":7.0},{"not_picked":["Redo","Gash","Streamline"],"picked":"SKIP","floor":8.0},{"not_picked":["Turbo","Blizzard","Streamline","Darkness"],"picked":"SKIP","floor":10.0},{"not_picked":["Machine Learning","Fission","Biased Cognition"],"picked":"Creative AI","floor":16.0},{"not_picked":["Aggregate+1","Barrage","Rip and Tear"],"picked":"Auto Shields","floor":18.0},{"not_picked":["Rip and Tear","Redo","Gash"],"picked":"Hologram","floor":19.0},{"not_picked":["Rebound","Gash","Compile Driver"],"picked":"Cold Snap","floor":21.0},{"not_picked":["Hello World+1","Compile Driver","Conserve Battery"],"picked":"Undo","floor":23.0},{"not_picked":["Beam Cell","Hello World+1","Auto Shields"],"picked":"Leap+1","floor":25.0},{"not_picked":["Streamline+1","Sweeping Beam","Gash"],"picked":"Core Surge","floor":27.0},{"not_picked":["All For One","Biased Cognition","Buffer"],"picked":"Echo Form","floor":33.0},{"not_picked":["Gash+1","Redo","Compile Driver"],"picked":"Auto Shields+1","floor":35},{"not_picked":["Mind Blast","Forethought","Secret Technique"],"picked":"Flash of Steel","floor":36},{"not_picked":["Compile Driver","Beam Cell+1","Sunder"],"picked":"Capacitor+1","floor":39},{"not_picked":["Loop","Stack+1","Turbo+1"],"picked":"Defragment","floor":40},{"not_picked":["Rebound+1","Gash","Genetic Algorithm","Compile Driver"],"picked":"SKIP","floor":41},{"not_picked":["White Noise","Cold Snap","Streamline+1"],"picked":"Consume+1","floor":44},{"not_picked":["Sunder","Ball Lightning","Machine Learning"],"picked":"Barrage","floor":46},{"not_picked":["Machine Learning","Conserve Battery","Go for the Eyes"],"picked":"Barrage","floor":47},{"not_picked":["Steam","Doom and Gloom+1","Gash"],"picked":"Barrage","floor":48}],"player_experience":448364,"relics_obtained":[{"floor":7.0,"key":"Odd Mushroom"},{"floor":8.0,"key":"Question Card"},{"floor":9.0,"key":"Strawberry"},{"floor":10.0,"key":"Symbiotic Virus"},{"floor":13.0,"key":"Tiny Chest"},{"floor":23.0,"key":"Vajra"},{"floor":26.0,"key":"Mummified Hand"},{"floor":27.0,"key":"Potion Belt"},{"floor":29.0,"key":"Blood Vial"},{"floor":40,"key":"Incense Burner"},{"floor":43,"key":"Dodecahedron"},{"floor":45,"key":"Regal Pillow"},{"floor":47,"key":"Anchor"}],"event_choices":[{"damage_healed":0.0,"max_hp_gain":0.0,"max_hp_loss":0.0,"gold_gain":0.0,"event_name":"Shining Light","player_choice":"Entered Light","floor":2.0,"gold_loss":0.0,"damage_taken":15.0,"cards_upgraded":["Zap","Coolheaded"]},{"damage_healed":0.0,"max_hp_gain":0.0,"max_hp_loss":0.0,"gold_gain":0.0,"event_name":"Mushrooms","player_choice":"Fought Mushrooms","floor":7.0,"gold_loss":0.0,"damage_taken":0.0},{"damage_healed":27.0,"max_hp_gain":0.0,"max_hp_loss":0.0,"gold_gain":0.0,"event_name":"Big Fish","player_choice":"Banana","floor":11.0,"gold_loss":0.0,"damage_taken":0.0},{"cards_removed":["Strike_B"],"damage_healed":0.0,"max_hp_gain":0.0,"max_hp_loss":0.0,"gold_gain":0.0,"event_name":"Golden Wing","player_choice":"Card Removal","floor":14.0,"gold_loss":0.0,"damage_taken":7.0},{"damage_healed":0.0,"max_hp_gain":5.0,"max_hp_loss":0.0,"gold_gain":0.0,"event_name":"Forgotten Altar","player_choice":"Shed Blood","floor":20.0,"gold_loss":0.0,"damage_taken":21.0},{"damage_healed":0.0,"max_hp_gain":0.0,"max_hp_loss":0.0,"gold_gain":0.0,"event_name":"Nest","player_choice":"Joined the Cult","floor":31.0,"gold_loss":0.0,"damage_taken":6.0,"cards_obtained":["RitualDagger"]},{"damage_healed":0,"gold_gain":0,"player_choice":"Memory 1","damage_taken":0,"max_hp_gain":0,"max_hp_loss":0,"event_name":"SensoryStone","floor":36,"gold_loss":0},{"damage_healed":0,"gold_gain":0,"player_choice":"Gave Potion","damage_taken":0,"relics_obtained":["Bag of Marbles"],"max_hp_gain":0,"max_hp_loss":0,"event_name":"WeMeetAgain","floor":38,"gold_loss":0}],"is_beta":false,"boss_relics":[{"not_picked":["Orrery","Calling Bell"],"picked":"Nuclear Battery"},{"not_picked":["Empty Cage","Lizard Tail"],"picked":"Eternal Feather"}],"items_purged_floors":[5,37],"is_endless":false,"potions_floor_spawned":[3,7,19,27,33,39,40,44],"ascension_level":13}