{"gold_per_floor":[16,0,18,18,18,18,18,18,43,61,82,82,96,110,110,233,233,252,252,276,299,2,35,35,35,59,91,103,115],"floor_reached":29,"playtime":1842,"items_purged":[],"score":364,"play_id":"4e1c9c68-a7fe-4468-8400-b3b0bef73796","local_time":"20190302104244","is_ascension_mode":true,"campfire_choices":[{"data":"Neutralize","floor":6,"key":"SMITH"},{"data":"Backflip","floor":8,"key":"SMITH"},{"data":"Glass Knife","floor":15,"key":"SMITH"},{"data":"Burst","floor":24,"key":"SMITH"},{"data":"All Out Attack","floor":28,"key":"SMITH"}],"neow_cost":"NO_GOLD","seed_source_timestamp":227171850648439,"circlet_count":0,"master_deck":["AscendersBane","Defend_G","Defend_G","Defend_G","Defend_G","Strike_G","Strike_G","Strike_G","Strike_G","Survivor","Neutralize+1","Backflip+1","PiercingWail","All Out Attack+1","Glass Knife+1","Masterful Stab","Burst+1","Escape Plan","Footwork+1","Deflect","Backflip+1"],"relics":["Ring of the Snake","Golden Idol","Pen Nib","Matryoshka","Coffee Dripper","Ice Cream","Pantograph","Ancient Tea Set","MawBank"],"potions_floor_usage":[16,16,19,23],"damage_taken":[{"damage":1,"enemies":"2 Louse","floor":1,"turns":3},{"damage":2,"enemies":"Jaw Worm","floor":3,"turns":6},{"damage":3,"enemies":"Small Slimes","floor":10,"turns":4},{"damage":0,"enemies":"Looter","floor":11,"turns":3},{"damage":1,"enemies":"Blue Slaver","floor":13,"turns":3},{"damage":0,"enemies":"Large Slime","floor":14,"turns":4},{"damage":34,"enemies":"The Guardian","floor":16,"turns":15},{"damage":7,"enemies":"2 Thieves","floor":18,"turns":4},{"damage":3,"enemies":"Colosseum Slavers","floor":19,"turns":4},{"damage":0,"enemies":"Chosen","floor":20,"turns":3},{"damage":30,"enemies":"Snecko","floor":21,"turns":7},{"damage":7,"enemies":"Slavers","floor":23,"turns":7},{"damage":0,"enemies":"Shelled Parasite and Fungi","floor":27,"turns":6},{"damage":12,"enemies":"Sentry and Sphere","floor":29,"turns":3}],"seed_played":"-5928307415090962698","potions_obtained":[{"floor":10,"key":"FearPotion"},{"floor":11,"key":"Weak Potion"},{"floor":16,"key":"Swift Potion"},{"floor":21,"key":"Explosive Potion"},{"floor":23,"key":"Ancient Potion"},{"floor":27,"key":"Dexterity Potion"}],"is_trial":false,"path_per_floor":["M","?","M","?","$","R","?","R","T","M","M","T","M","M","R","B",null,"M","?","M","M","$","E","R","?","T","M","R","M"],"character_chosen":"THE_SILENT","items_purchased":["Ice Cream"],"campfire_rested":0,"item_purchase_floors":[22],"current_hp_per_floor":[62,62,60,60,60,60,65,65,65,62,62,62,61,61,61,27,59,52,49,49,19,19,12,12,12,12,12,12,0],"gold":115,"neow_bonus":"REMOVE_TWO","is_prod":false,"is_daily":false,"chose_seed":false,"campfire_upgraded":5,"win_rate":0,"timestamp":1551541364,"path_taken":["M","?","M","?","?","R","?","R","T","M","M","?","?","M","R","BOSS","M","?","M","M","$","E","R","?","T","?","R","M"],"build_version":"2019-01-23","purchased_purges":0,"victory":false,"max_hp_per_floor":[70,70,70,65,65,65,70,70,70,70,70,70,70,70,70,70,70,70,70,70,70,70,70,70,70,70,70,70,70],"card_choices":[{"not_picked":["Acrobatics","Deflect"],"picked":"Backflip","floor":1},{"not_picked":["Deflect","Cloak And Dagger"],"picked":"PiercingWail","floor":3},{"not_picked":["Underhanded Strike","Backstab"],"picked":"All Out Attack","floor":10},{"not_picked":["Tactician","Prepared"],"picked":"Glass Knife","floor":11},{"not_picked":["Well Laid Plans","Finisher"],"picked":"Masterful Stab","floor":13},{"not_picked":["Poisoned Stab","Infinite Blades","Deflect"],"picked":"SKIP","floor":14},{"not_picked":["After Image","Corpse Explosion"],"picked":"Burst","floor":16},{"not_picked":["Outmaneuver+1","Cloak And Dagger"],"picked":"Escape Plan","floor":18},{"not_picked":["Tactician","Dagger Spray+1"],"picked":"Footwork+1","floor":20},{"not_picked":["Quick Slash+1","Unload"],"picked":"Deflect","floor":21},{"not_picked":["Choke","Bouncing Flask+1","Acrobatics"],"picked":"SKIP","floor":23},{"not_picked":["Poisoned Stab","Backflip","Outmaneuver"],"picked":"SKIP","floor":27}],"player_experience":320187,"relics_obtained":[{"floor":9,"key":"Pen Nib"},{"floor":12,"key":"Matryoshka"},{"floor":23,"key":"Pantograph"},{"floor":26,"key":"Ancient Tea Set"},{"floor":26,"key":"MawBank"}],"event_choices":[{"damage_healed":0,"gold_gain":0,"player_choice":"Left Gold","damage_taken":0,"max_hp_gain":0,"max_hp_loss":0,"event_name":"World of Goop","floor":2,"gold_loss":16},{"damage_healed":0,"gold_gain":0,"player_choice":"Lose Max HP","damage_taken":0,"relics_obtained":["Golden Idol"],"max_hp_gain":0,"max_hp_loss":5,"event_name":"Golden Idol","floor":4,"gold_loss":0},{"damage_healed":0,"gold_gain":0,"player_choice":"Donut","damage_taken":0,"max_hp_gain":5,"max_hp_loss":0,"event_name":"Big Fish","floor":7,"gold_loss":0},{"damage_healed":0,"gold_gain":0,"player_choice":"Fight","damage_taken":0,"max_hp_gain":0,"max_hp_loss":0,"event_name":"Colosseum","floor":19,"gold_loss":0},{"damage_healed":0,"gold_gain":0,"player_choice":"Fled From Nobs","damage_taken":0,"max_hp_gain":0,"max_hp_loss":0,"event_name":"Colosseum","floor":19,"gold_loss":0},{"damage_healed":0,"gold_gain":0,"player_choice":"Copied","damage_taken":0,"max_hp_gain":0,"max_hp_loss":0,"event_name":"Duplicator","floor":25,"gold_loss":0,"cards_obtained":["Backflip"]}],"is_beta":false,"boss_relics":[{"not_picked":["HoveringKite","Runic Pyramid"],"picked":"Coffee Dripper"}],"items_purged_floors":[],"is_endless":false,"potions_floor_spawned":[10,11,14,16,21,23,27],"killed_by":"Sentry and Sphere","ascension_level":11}