{"gold_per_floor":[116,126,51,70,96,121,136,136,136,136,166,185,198,198,198,273,273,228,228,228,228,228,228,228,228,228,228,228,228,228,228,228,228,228,228,56,56,56,56,56,56,56,56,56,56,56,56,56,56,56],"floor_reached":50,"playtime":5916,"items_purged":["Strike_B","Strike_B"],"score":981,"play_id":"014ab62b-3526-480e-ace5-1e9dd3511481","local_time":"20190226235659","is_ascension_mode":true,"campfire_choices":[{"floor":8,"key":"REST"},{"floor":10,"key":"REST"},{"floor":15,"key":"REST"},{"floor":24,"key":"REST"},{"floor":27,"key":"REST"},{"floor":32,"key":"REST"},{"floor":41,"key":"REST"},{"data":"Creative AI","floor":44,"key":"SMITH"},{"floor":49,"key":"RECALL"}],"neow_cost":"NONE","seed_source_timestamp":130602600935100,"circlet_count":0,"master_deck":["AscendersBane","Strike_B","Defend_B","Defend_B","Defend_B+1","Defend_B","Zap","Dualcast+1","Creative AI+1","Coolheaded","Cold Snap","Doom and Gloom","Reboot","BootSequence","Consume","Ball Lightning","Conserve Battery","Core Surge","Undo+1","Hologram","Loop","Biased Cognition","Biased Cognition","Glacier","Reinforced Body","Self Repair","Madness","PanicButton","Conserve Battery","Recycle+1","Recycle+1","Seek+1"],"relics":["Cracked Core","Happy Flower","Ornamental Fan","Mercury Hourglass","Pen Nib","GremlinMask","Ectoplasm","Cables","War Paint","Vajra","Pear","Sozu","Toxic Egg 2","StoneCalendar","Dead Branch"],"potions_floor_usage":[16,16,23,33,50,50],"damage_taken":[{"damage":3,"enemies":"Cultist","floor":1,"turns":6},{"damage":0,"enemies":"2 Louse","floor":2,"turns":3},{"damage":4,"enemies":"Jaw Worm","floor":4,"turns":5},{"damage":45,"enemies":"Gremlin Nob","floor":6,"turns":5},{"damage":7,"enemies":"Red Slaver","floor":7,"turns":3},{"damage":24,"enemies":"Lagavulin","floor":11,"turns":8},{"damage":0,"enemies":"Large Slime","floor":12,"turns":5},{"damage":0,"enemies":"3 Louse","floor":13,"turns":2},{"damage":6,"enemies":"The Guardian","floor":16,"turns":10},{"damage":5,"enemies":"2 Thieves","floor":18,"turns":3},{"damage":7,"enemies":"3 Byrds","floor":21,"turns":3},{"damage":32,"enemies":"Book of Stabbing","floor":23,"turns":7},{"damage":35,"enemies":"Slavers","floor":25,"turns":6},{"damage":8,"enemies":"Sentry and Sphere","floor":28,"turns":4},{"damage":16,"enemies":"Snake Plant","floor":29,"turns":6},{"damage":11,"enemies":"Centurion and Healer","floor":30,"turns":4},{"damage":0,"enemies":"Chosen and Byrds","floor":31,"turns":4},{"damage":35,"enemies":"Collector","floor":33,"turns":9},{"damage":0,"enemies":"3 Shapes","floor":35,"turns":7},{"damage":3,"enemies":"Orb Walker","floor":37,"turns":7},{"damage":20,"enemies":"Writhing Mass","floor":39,"turns":8},{"damage":23,"enemies":"Reptomancer","floor":40,"turns":7},{"damage":4,"enemies":"Giant Head","floor":42,"turns":9},{"damage":5,"enemies":"Mind Bloom Boss Battle","floor":45,"turns":7},{"damage":5,"enemies":"Maw","floor":46,"turns":6},{"damage":61,"enemies":"Awakened One","floor":50,"turns":5}],"seed_played":"-6943698108140522827","potions_obtained":[{"floor":2,"key":"Strength Potion"},{"floor":4,"key":"FocusPotion"},{"floor":13,"key":"Fire Potion"},{"floor":16,"key":"Dexterity Potion"},{"floor":25,"key":"Explosive Potion"},{"floor":28,"key":"Dexterity Potion"},{"floor":33,"key":"Poison Potion"}],"is_trial":false,"path_per_floor":["M","M","$","M","T","E","M","R","T","R","E","M","M","?","R","B",null,"M","?","T","M","?","E","R","E","T","R","M","M","M","M","R","B",null,"M","$","M","?","M","E","R","E","T","R","?","M","$","$","R","B"],"character_chosen":"DEFECT","items_purchased":["Reinforced Body"],"campfire_rested":7,"item_purchase_floors":[36],"current_hp_per_floor":[61,61,61,57,57,12,5,26,26,47,23,23,23,23,44,38,63,58,45,45,38,63,31,53,18,28,53,45,29,18,18,43,8,67,67,67,64,59,46,30,55,58,58,58,60,55,55,55,55,0],"gold":56,"neow_bonus":"TRANSFORM_CARD","is_prod":false,"is_daily":false,"chose_seed":false,"campfire_upgraded":1,"win_rate":0,"timestamp":1551243419,"path_taken":["M","M","$","M","?","E","M","R","T","R","E","M","M","?","R","BOSS","M","?","?","?","?","E","R","E","T","R","M","M","M","M","R","BOSS","M","$","M","?","M","E","R","E","T","R","?","M","?","$","R","BOSS"],"build_version":"2019-01-23","purchased_purges":2,"victory":false,"max_hp_per_floor":[71,71,71,71,71,71,71,71,71,71,71,71,71,71,71,71,71,71,76,76,76,76,76,76,76,86,86,86,86,86,86,86,86,86,86,86,86,86,86,86,86,86,86,86,86,86,86,86,86,86],"card_choices":[{"not_picked":["White Noise","Rip and Tear"],"picked":"Coolheaded","floor":1},{"not_picked":["Rebound","Redo"],"picked":"Cold Snap","floor":2},{"not_picked":["Gash","Capacitor"],"picked":"Doom and Gloom","floor":4},{"not_picked":["Stack","Gash"],"picked":"Reboot","floor":6},{"not_picked":["Rebound","Hello World"],"picked":"BootSequence","floor":7},{"not_picked":["Cold Snap","Echo Form"],"picked":"Consume","floor":11},{"not_picked":["Streamline","Lockon"],"picked":"Ball Lightning","floor":12},{"not_picked":["BootSequence","Static Discharge"],"picked":"Conserve Battery","floor":13},{"not_picked":["Machine Learning","Hyperbeam"],"picked":"Core Surge","floor":16},{"not_picked":["Lockon","Beam Cell+1"],"picked":"Undo+1","floor":18},{"not_picked":["Coolheaded","Redo"],"picked":"Hologram","floor":21},{"not_picked":["Double Energy","Consume+1","Beam Cell"],"picked":"SKIP","floor":23},{"not_picked":["Blizzard","Consume","Sweeping Beam"],"picked":"SKIP","floor":25},{"not_picked":["Beam Cell","Cold Snap"],"picked":"Loop","floor":28},{"not_picked":["Double Energy","Rip and Tear","Fusion"],"picked":"SKIP","floor":29},{"not_picked":["Sweeping Beam","Stack"],"picked":"Biased Cognition","floor":30},{"not_picked":["Compile Driver","Beam Cell+1","Sweeping Beam"],"picked":"SKIP","floor":31},{"not_picked":["All For One","Buffer"],"picked":"Biased Cognition","floor":33},{"not_picked":["Gash","Undo+1"],"picked":"Glacier","floor":35},{"not_picked":["Go for the Eyes","Scrape"],"picked":"Self Repair","floor":37},{"not_picked":["Mayhem","Good Instincts"],"picked":"Madness","floor":38},{"not_picked":["Forethought","Madness"],"picked":"PanicButton","floor":38},{"not_picked":["Stack","Hologram"],"picked":"Conserve Battery","floor":39},{"not_picked":["Turbo+1","Coolheaded+1","Steam"],"picked":"SKIP","floor":40},{"not_picked":["Steam Power+1","Hologram+1"],"picked":"Recycle+1","floor":42},{"not_picked":["Beam Cell","Turbo+1"],"picked":"Recycle+1","floor":45},{"not_picked":["Genetic Algorithm+1","Consume+1"],"picked":"Seek+1","floor":46}],"player_experience":1372287,"relics_obtained":[{"floor":5,"key":"Happy Flower"},{"floor":6,"key":"Ornamental Fan"},{"floor":9,"key":"Mercury Hourglass"},{"floor":11,"key":"Pen Nib"},{"floor":20,"key":"Cables"},{"floor":23,"key":"War Paint"},{"floor":25,"key":"Vajra"},{"floor":26,"key":"Pear"},{"floor":40,"key":"Toxic Egg 2"},{"floor":42,"key":"StoneCalendar"},{"floor":45,"key":"Dead Branch"}],"event_choices":[{"damage_healed":0,"gold_gain":0,"player_choice":"Trade","damage_taken":0,"relics_obtained":["GremlinMask"],"max_hp_gain":0,"max_hp_loss":0,"event_name":"FaceTrader","floor":14,"gold_loss":0},{"damage_healed":0,"gold_gain":0,"player_choice":"Shed Blood","damage_taken":18,"max_hp_gain":5,"max_hp_loss":0,"event_name":"Forgotten Altar","floor":19,"gold_loss":0},{"damage_healed":25,"gold_gain":0,"player_choice":"Heal","damage_taken":0,"max_hp_gain":0,"max_hp_loss":0,"event_name":"The Library","floor":22,"gold_loss":0},{"damage_healed":0,"gold_gain":0,"player_choice":"Memory 2","damage_taken":5,"max_hp_gain":0,"max_hp_loss":0,"event_name":"SensoryStone","floor":38,"gold_loss":0},{"damage_healed":0,"gold_gain":0,"player_choice":"Fight","damage_taken":0,"max_hp_gain":0,"max_hp_loss":0,"event_name":"MindBloom","floor":45,"gold_loss":0}],"is_beta":false,"boss_relics":[{"not_picked":["White Beast Statue","Calling Bell"],"picked":"Ectoplasm"},{"not_picked":["Nuclear Battery","Eternal Feather"],"picked":"Sozu"}],"items_purged_floors":[3,36],"is_endless":false,"potions_floor_spawned":[2,4,11,13,16,25,28,33,35,37,46],"killed_by":"Awakened One","ascension_level":14}