{"gold_per_floor":[119,136,211,226,226,226,239,256,256,285,20,35,35,35,35,109,109,119,119,135,148,159,159,177,177],"floor_reached":25,"playtime":1126,"items_purged":[],"score":383,"play_id":"a82250cb-a621-463d-8df9-b7d182a68555","local_time":"20190227225025","is_ascension_mode":true,"campfire_choices":[{"data":"Bash","floor":6,"key":"SMITH"},{"data":"Anger","floor":13,"key":"SMITH"},{"data":"Cleave","floor":15,"key":"SMITH"},{"data":"Reaper","floor":23,"key":"SMITH"}],"neow_cost":"NONE","seed_source_timestamp":9822645589026,"circlet_count":0,"master_deck":["AscendersBane","Strike_R","Strike_R","Strike_R","Strike_R","Strike_R","Defend_R+1","Defend_R","Defend_R","Defend_R+1","Bash+1","Cleave+1","Battle Trance","Anger+1","Reaper+1","Havoc+1","Warcry"],"relics":["Black Blood","Ancient Tea Set","Bottled Lightning","War Paint","Paper Frog","Kunai","Charon\u0027s Ashes"],"potions_floor_usage":[16,18,20,22,24],"damage_taken":[{"damage":15,"enemies":"Jaw Worm","floor":1,"turns":6},{"damage":1,"enemies":"Cultist","floor":2,"turns":3},{"damage":6,"enemies":"2 Louse","floor":4,"turns":3},{"damage":7,"enemies":"Looter","floor":7,"turns":3},{"damage":14,"enemies":"Blue Slaver","floor":8,"turns":4},{"damage":21,"enemies":"3 Sentries","floor":10,"turns":8},{"damage":7,"enemies":"Exordium Wildlife","floor":12,"turns":5},{"damage":3,"enemies":"Slime Boss","floor":16,"turns":7},{"damage":26,"enemies":"2 Thieves","floor":18,"turns":4},{"damage":12,"enemies":"Chosen","floor":20,"turns":3},{"damage":48,"enemies":"Snake Plant","floor":21,"turns":4},{"damage":12,"enemies":"3 Cultists","floor":22,"turns":3},{"damage":27,"enemies":"Chosen and Byrds","floor":24,"turns":4},{"damage":61,"enemies":"Snecko","floor":25,"turns":6}],"seed_played":"-6532296346113348913","potions_obtained":[{"floor":1,"key":"Swift Potion"},{"floor":8,"key":"LiquidBronze"},{"floor":10,"key":"Explosive Potion"},{"floor":12,"key":"Regen Potion"},{"floor":16,"key":"FearPotion"},{"floor":20,"key":"Poison Potion"},{"floor":21,"key":"LiquidBronze"},{"floor":22,"key":"SteroidPotion"}],"is_trial":false,"path_per_floor":["M","M","?","M","T","R","M","M","T","E","$","M","R","?","R","B",null,"M","?","M","M","M","R","M","M"],"character_chosen":"IRONCLAD","items_purchased":["Kunai"],"campfire_rested":0,"item_purchase_floors":[11],"current_hp_per_floor":[59,64,53,53,53,53,52,44,44,29,29,28,28,17,17,35,65,60,60,65,30,43,43,34,0],"gold":177,"neow_bonus":"RANDOM_COMMON_RELIC","is_prod":false,"is_daily":false,"chose_seed":false,"campfire_upgraded":4,"win_rate":0,"timestamp":1551275425,"path_taken":["M","M","?","M","?","R","?","M","T","E","?","M","R","?","R","BOSS","M","?","M","M","M","R","M","M"],"build_version":"2019-01-23","purchased_purges":0,"victory":false,"max_hp_per_floor":[75,75,75,75,75,75,75,75,75,75,75,75,75,75,75,75,75,75,75,75,75,75,75,75,75],"card_choices":[{"not_picked":["Blood for Blood","Headbutt","Clothesline"],"picked":"SKIP","floor":1},{"not_picked":["Havoc","Hemokinesis"],"picked":"Cleave","floor":2},{"not_picked":["True Grit","Bloodletting","Feel No Pain"],"picked":"SKIP","floor":4},{"not_picked":["Seeing Red","Burning Pact"],"picked":"Battle Trance","floor":7},{"not_picked":["Flex","Double Tap"],"picked":"Anger","floor":8},{"not_picked":["Armaments","Carnage","Iron Wave"],"picked":"SKIP","floor":10},{"not_picked":["Heavy Blade","Pommel Strike","Shrug It Off"],"picked":"SKIP","floor":12},{"not_picked":["Barricade","Double Tap"],"picked":"Reaper","floor":16},{"not_picked":["Pummel","Flame Barrier","Shockwave"],"picked":"SKIP","floor":18},{"not_picked":["Inflame","Armaments","Cleave+1"],"picked":"SKIP","floor":20},{"not_picked":["Disarm","Bloodletting"],"picked":"Havoc+1","floor":21},{"not_picked":["Pommel Strike","Inflame+1","Combust"],"picked":"SKIP","floor":22},{"not_picked":["Heavy Blade+1","Evolve"],"picked":"Warcry","floor":24}],"player_experience":943825,"relics_obtained":[{"floor":5,"key":"Bottled Lightning"},{"floor":9,"key":"War Paint"},{"floor":10,"key":"Paper Frog"}],"event_choices":[{"damage_healed":0,"gold_gain":75,"player_choice":"Gather Gold","damage_taken":11,"max_hp_gain":0,"max_hp_loss":0,"event_name":"World of Goop","floor":3,"gold_loss":0},{"damage_healed":0,"gold_gain":0,"player_choice":"Success","damage_taken":11,"relics_obtained":["Charon\u0027s Ashes"],"max_hp_gain":0,"max_hp_loss":0,"event_name":"Scrap Ooze","floor":14,"gold_loss":0},{"damage_healed":0,"gold_gain":0,"player_choice":"Ignored","damage_taken":0,"max_hp_gain":0,"max_hp_loss":0,"event_name":"Ghosts","floor":19,"gold_loss":0}],"is_beta":false,"boss_relics":[{"not_picked":["Black Star","Pandora\u0027s Box"],"picked":"Black Blood"}],"items_purged_floors":[],"is_endless":false,"potions_floor_spawned":[1,8,10,12,16,20,21,22],"killed_by":"Snecko","ascension_level":17}