{"gold_per_floor":[114,132,132,151,326,326,342,342,389,389,417,73,73,93,93,93],"floor_reached":16,"playtime":771,"items_purged":["Doubt"],"score":100,"play_id":"87f55be3-3c87-461b-be6c-4341f02ea569","local_time":"20181118163436","is_ascension_mode":false,"campfire_choices":[{"data":"Dualcast","floor":6,"key":"SMITH"},{"data":"Zap","floor":8,"key":"SMITH"},{"data":"Melter","floor":10,"key":"SMITH"},{"data":"Capacitor","floor":15,"key":"SMITH"}],"neow_cost":"NONE","seed_source_timestamp":341372653785745,"circlet_count":0,"master_deck":["Strike_B","Strike_B","Strike_B","Defend_B","Defend_B","Defend_B","Defend_B","Zap+1","Dualcast+1","Cold Snap","Sweeping Beam","Melter+1","Capacitor+1","All For One","Blizzard","Meteor Strike"],"relics":["Cracked Core","Regal Pillow","Lantern"],"potions_floor_usage":[11],"damage_taken":[{"damage":0,"enemies":"Small Slimes","floor":1,"turns":3},{"damage":4,"enemies":"2 Louse","floor":2,"turns":2},{"damage":0,"enemies":"Jaw Worm","floor":4,"turns":3},{"damage":4,"enemies":"2 Fungi Beasts","floor":7,"turns":2},{"damage":18,"enemies":"3 Sentries","floor":11,"turns":5},{"damage":0,"enemies":"Red Slaver","floor":14,"turns":2},{"damage":51,"enemies":"Hexaghost","floor":16,"turns":10}],"seed_played":"7018453973596115171","potions_obtained":[{"floor":2,"key":"LiquidBronze"},{"floor":7,"key":"Poison Potion"},{"floor":11,"key":"GamblersBrew"}],"is_trial":false,"path_per_floor":["M","M","?","M","?","R","M","R","T","R","E","$","?","M","R","B"],"character_chosen":"DEFECT","items_purchased":["Capacitor","All For One","Blizzard"],"campfire_rested":0,"item_purchase_floors":[12,12,12],"current_hp_per_floor":[82,78,71,71,71,71,67,67,67,67,49,49,49,49,49,0],"gold":93,"neow_bonus":"TEN_PERCENT_HP_BONUS","is_prod":false,"is_daily":false,"chose_seed":false,"campfire_upgraded":4,"win_rate":0,"timestamp":1542558876,"path_taken":["M","M","?","M","?","R","?","R","T","R","E","$","?","M","R","BOSS"],"build_version":"2018-11-15","purchased_purges":1,"victory":false,"max_hp_per_floor":[82,82,82,82,82,82,82,82,82,82,82,82,82,82,82,82],"card_choices":[{"not_picked":["Hologram","Compile Driver"],"picked":"Cold Snap","floor":1},{"not_picked":["Turbo","Redo"],"picked":"Sweeping Beam","floor":2},{"not_picked":["Storm","Coolheaded"],"picked":"Melter","floor":4},{"not_picked":["Rip and Tear","Streamline","Gash"],"picked":"SKIP","floor":7},{"not_picked":["Gash","Recycle"],"picked":"Doom and Gloom","floor":11},{"not_picked":["Consume","Melter","Coolheaded"],"picked":"SKIP","floor":14}],"player_experience":244517,"relics_obtained":[{"floor":9,"key":"Regal Pillow"},{"floor":11,"key":"Lantern"}],"event_choices":[{"cards_removed":["Strike_B"],"damage_healed":0,"gold_gain":0,"player_choice":"Card Removal","damage_taken":7,"max_hp_gain":0,"max_hp_loss":0,"event_name":"Golden Wing","floor":3,"gold_loss":0},{"damage_healed":0,"gold_gain":175,"player_choice":"AGREE","damage_taken":0,"max_hp_gain":0,"max_hp_loss":0,"event_name":"Liars Game","floor":5,"gold_loss":0,"cards_obtained":["Doubt"]},{"damage_healed":0,"gold_gain":0,"cards_transformed":["Doom and Gloom"],"player_choice":"Transformed","damage_taken":0,"max_hp_gain":0,"max_hp_loss":0,"event_name":"Transmorgrifier","floor":13,"gold_loss":0,"cards_obtained":["Meteor Strike"]}],"is_beta":false,"boss_relics":[],"items_purged_floors":[12],"is_endless":false,"potions_floor_spawned":[2,7,11],"killed_by":"Hexaghost","ascension_level":0}