{"gold_per_floor":[109,109,127,140,151,151,184,184,208,228,228,228,35,54,54,127,127,137,137],"floor_reached":19,"playtime":2948,"items_purged":["Strike_G"],"score":383,"play_id":"4bdf78a8-009e-480a-87b4-bf05b0359155","local_time":"20190301215504","is_ascension_mode":true,"campfire_choices":[{"floor":6,"key":"REST"},{"floor":11,"key":"REST"},{"data":"Dagger Spray","floor":15,"key":"SMITH"}],"neow_cost":"NONE","seed_source_timestamp":88555628112400,"circlet_count":0,"master_deck":["AscendersBane","Defend_G","Defend_G","Defend_G","Defend_G","Defend_G","Strike_G","Strike_G","Strike_G","Strike_G","Survivor","Neutralize","After Image","Deadly Poison","Dash","Dodge and Roll","Deadly Poison","Catalyst","Tools of the Trade","Catalyst","Dagger Spray+1","Burst","PiercingWail"],"relics":["Ring of the Snake","Bag of Preparation","Snake Skull","Art of War","Sozu"],"potions_floor_usage":[7,16,19],"damage_taken":[{"damage":1,"enemies":"Cultist","floor":1,"turns":6},{"damage":5,"enemies":"Small Slimes","floor":3,"turns":5},{"damage":3,"enemies":"Jaw Worm","floor":4,"turns":4},{"damage":6,"enemies":"3 Louse","floor":5,"turns":5},{"damage":33,"enemies":"3 Sentries","floor":7,"turns":12},{"damage":2,"enemies":"2 Fungi Beasts","floor":10,"turns":4},{"damage":0,"enemies":"Blue Slaver","floor":14,"turns":4},{"damage":0,"enemies":"Slime Boss","floor":16,"turns":9},{"damage":0,"enemies":"3 Byrds","floor":18,"turns":5},{"damage":8,"enemies":"Colosseum Slavers","floor":19,"turns":6},{"damage":55,"enemies":"Colosseum Nobs","floor":19,"turns":4}],"seed_played":"4162760865360146953","potions_obtained":[{"floor":4,"key":"Energy Potion"},{"floor":7,"key":"Weak Potion"}],"is_trial":false,"path_per_floor":["M","?","M","M","M","R","E","?","T","M","R","?","$","M","R","B",null,"M","?"],"character_chosen":"THE_SILENT","items_purchased":["Catalyst","Block Potion"],"campfire_rested":2,"item_purchase_floors":[13,13],"current_hp_per_floor":[58,40,35,32,26,45,12,28,28,26,45,45,45,45,45,45,59,59,0],"gold":137,"neow_bonus":"ONE_RANDOM_RARE_CARD","is_prod":false,"is_daily":false,"chose_seed":false,"campfire_upgraded":1,"win_rate":0,"timestamp":1551495304,"path_taken":["M","?","M","M","M","R","E","?","T","M","R","?","$","M","R","BOSS","M","?"],"build_version":"2019-01-23","purchased_purges":1,"victory":false,"max_hp_per_floor":[66,66,66,66,66,66,66,66,66,66,66,63,63,63,63,63,63,63,63],"card_choices":[{"not_picked":["Acrobatics","Blade Dance"],"picked":"Deadly Poison","floor":1},{"not_picked":["Backflip","Endless Agony"],"picked":"Dash","floor":3},{"not_picked":["Flying Knee","Underhanded Strike"],"picked":"Dodge and Roll","floor":4},{"not_picked":["Dagger Spray","Prepared"],"picked":"Deadly Poison","floor":5},{"not_picked":["Skewer","Deflect"],"picked":"Catalyst","floor":7},{"not_picked":["Poisoned Stab","Sucker Punch"],"picked":"Tools of the Trade","floor":10},{"not_picked":["Bane","Finisher"],"picked":"Dagger Spray","floor":14},{"not_picked":["Envenom","Night Terror"],"picked":"Burst","floor":16},{"not_picked":["Predator","Bane"],"picked":"PiercingWail","floor":18}],"player_experience":1433280,"relics_obtained":[{"floor":7,"key":"Snake Skull"},{"floor":9,"key":"Art of War"}],"event_choices":[{"damage_healed":0,"gold_gain":0,"player_choice":"Success","damage_taken":18,"relics_obtained":["Bag of Preparation"],"max_hp_gain":0,"max_hp_loss":0,"event_name":"Scrap Ooze","floor":2,"gold_loss":0},{"damage_healed":16,"gold_gain":0,"player_choice":"Healed and dodged fight","damage_taken":0,"max_hp_gain":0,"max_hp_loss":0,"event_name":"Mushrooms","floor":8,"gold_loss":0,"cards_obtained":["Parasite"]},{"cards_removed":["Parasite"],"damage_healed":0,"gold_gain":0,"player_choice":"Purged","damage_taken":0,"max_hp_gain":0,"max_hp_loss":0,"event_name":"Purifier","floor":12,"gold_loss":0},{"damage_healed":0,"gold_gain":0,"player_choice":"Fight","damage_taken":0,"max_hp_gain":0,"max_hp_loss":0,"event_name":"Colosseum","floor":19,"gold_loss":0},{"damage_healed":0,"gold_gain":0,"player_choice":"Fought Nobs","damage_taken":0,"max_hp_gain":0,"max_hp_loss":0,"event_name":"Colosseum","floor":19,"gold_loss":0}],"is_beta":false,"boss_relics":[{"not_picked":["Lizard Tail","Ring of the Serpent"],"picked":"Sozu"}],"items_purged_floors":[13],"is_endless":false,"potions_floor_spawned":[4,7,14,18],"killed_by":"Colosseum Nobs","ascension_level":15}