{"gold_per_floor":[113,36,36,48,66,66,82,7,59,59,72,72,83,95,95,199,199,217,217],"floor_reached":19,"playtime":898,"items_purged":["Strike_R"],"score":161,"play_id":"4af252e6-4b37-43d0-872e-9ebfe42cfdf6","local_time":"20181019230752","is_ascension_mode":false,"campfire_choices":[{"data":"Rupture","floor":6,"key":"SMITH"},{"data":"Dual Wield","floor":12,"key":"SMITH"},{"data":"Bash","floor":15,"key":"SMITH"}],"neow_cost":"NONE","seed_source_timestamp":848576296363927,"circlet_count":0,"master_deck":["Strike_R","Strike_R","Defend_R","Defend_R","Defend_R","Defend_R","Bash+1","Rupture+1","Whirlwind","Sword Boomerang","Dropkick","Dual Wield+1","Burning Pact","Offering"],"special_seed":0,"relics":["Burning Blood","Happy Flower","Runic Cube"],"potions_floor_usage":[16,16,16],"damage_taken":[{"damage":3.0,"enemies":"2 Louse","floor":1.0,"turns":3.0},{"damage":6,"enemies":"Jaw Worm","floor":4,"turns":5},{"damage":0,"enemies":"Small Slimes","floor":5,"turns":2},{"damage":6,"enemies":"Exordium Wildlife","floor":7,"turns":2},{"damage":12,"enemies":"Large Slime","floor":11,"turns":5},{"damage":4,"enemies":"Blue Slaver","floor":13,"turns":3},{"damage":8,"enemies":"3 Louse","floor":14,"turns":2},{"damage":54,"enemies":"The Guardian","floor":16,"turns":13},{"damage":46,"enemies":"2 Thieves","floor":18,"turns":3},{"damage":30,"enemies":"Spheric Guardian","floor":19,"turns":5}],"seed_played":"2722938212755506608","potions_obtained":[{"floor":4,"key":"Strength Potion"},{"floor":7,"key":"Explosive Potion"},{"floor":11,"key":"AttackPotion"}],"is_trial":false,"path_per_floor":["M","$","?","M","M","R","M","$","T","?","M","R","M","M","R","B",null,"M"],"character_chosen":"IRONCLAD","items_purchased":["Whirlwind"],"campfire_rested":0,"item_purchase_floors":[2],"current_hp_per_floor":[80,80,85,85,85,85,85,85,85,78,72,72,74,72,72,24,85,45,15],"gold":217,"neow_bonus":"REMOVE_CARD","is_prod":false,"is_daily":false,"chose_seed":false,"campfire_upgraded":3,"win_rate":0,"timestamp":1540004872,"path_taken":["M","$","?","M","M","R","M","$","T","?","M","R","M","M","R","BOSS","M","M"],"build_version":"2018-10-18","purchased_purges":1,"victory":false,"max_hp_per_floor":[80,80,85,85,85,85,85,85,85,85,85,85,85,85,85,85,85,85,85],"card_choices":[{"not_picked":["Thunderclap","Armaments"],"picked":"Rupture","floor":1.0},{"not_picked":["Flame Barrier","Shrug It Off"],"picked":"Sword Boomerang","floor":4},{"not_picked":["Rage","Whirlwind"],"picked":"Dropkick","floor":5},{"not_picked":["Perfected Strike","Sentinel","Reckless Charge"],"picked":"SKIP","floor":7},{"not_picked":["Carnage","Rupture"],"picked":"Dual Wield","floor":11},{"not_picked":["Body Slam","Uppercut","Anger"],"picked":"SKIP","floor":13},{"not_picked":["Second Wind","Headbutt"],"picked":"Burning Pact","floor":14},{"not_picked":["Double Tap","Demon Form"],"picked":"Offering","floor":16},{"not_picked":["Iron Wave","Shockwave","Headbutt"],"picked":"SKIP","floor":18}],"player_experience":643150,"relics_obtained":[{"floor":9,"key":"Happy Flower"}],"event_choices":[{"damage_healed":0,"gold_gain":0,"player_choice":"Donut","damage_taken":0,"max_hp_gain":5,"max_hp_loss":0,"event_name":"Big Fish","floor":3,"gold_loss":0},{"cards_removed":["Strike_R"],"damage_healed":0,"gold_gain":0,"player_choice":"Card Removal","damage_taken":7,"max_hp_gain":0,"max_hp_loss":0,"event_name":"Golden Wing","floor":10,"gold_loss":0}],"is_beta":false,"boss_relics":[{"not_picked":["Eternal Feather","Black Blood"],"picked":"Runic Cube"}],"items_purged_floors":[8],"is_endless":false,"potions_floor_spawned":[4,7,11,13],"killed_by":"Spheric Guardian","ascension_level":0}