{"path_per_floor":["M","$","?","?","M","E","$","R","T","R","M","?","R","E","R","B",null,"M","?","$","M","?","R","?","R","T","R","M","M","E","M","R"],"character_chosen":"IRONCLAD","items_purchased":["Shrug It Off","Clothesline","Heavy Blade","Jack Of All Trades"],"gold_per_floor":[112,14,14,14,33,58,34,34,61,61,71,71,71,102,102,206,206,224,139,39,53,53,53,53,53,79,79,96,111,140,153,153],"floor_reached":33,"campfire_rested":3,"playtime":2449,"current_hp_per_floor":[87,87,75,75,79,49,49,49,49,49,55,37,65,59,87,40,94,94,94,94,76,76,76,60,60,60,60,47,36,33,35,63],"items_purged":[],"gold":153,"play_id":"432917c0-782f-49c2-928b-4db590843921","is_prod":false,"is_daily":false,"campfire_rituals":0,"campfire_upgraded":5,"is_hardmode":false,"path_taken":["M","?","?","?","?","E","?","R","T","R","M","?","R","E","R","BOSS","M","?","$","M","?","R","?","R","T","R","M","M","E","?","R","BOSS"],"build_version":"2018-01-11-PROD2","purchased_purges":0,"victory":false,"master_deck":["Strike_R","Strike_R","Strike_R","Strike_R","Defend_R","Defend_R","Defend_R","Defend_R","Bash","Anger","Shrug It Off","Clothesline","Reckless Charge","Flex","Uppercut","Heavy Blade","Battle Trance","Shrug It Off","Feed","Inflame","Offering","Perfected Strike","Whirlwind","Hemokinesis","Pommel Strike","Jack Of All Trades","Inflame","Whirlwind","Thunderclap","Warcry","Flame Barrier"],"max_hp_per_floor":[94,94,94,94,94,94,94,94,94,94,94,94,94,94,94,94,94,94,94,94,97,94,94,94,94,94,94,94,94,94,94,94],"relics":["Burning Blood","Mango","Letter Opener","Anchor","Bronze Scales","Molten Egg","Orrery","Ancient Tea Set","Enchiridion","Happy Flower","Toxic Egg"],"campfire_meditates":0,"card_choices":[{"not_picked":["Pummel","Metallicize"],"picked":"Anger"},{"not_picked":["Thunderclap","Anger"],"picked":"Flex"},{"not_picked":["Spot Weakness","Iron Wave"],"picked":"Uppercut"},{"not_picked":["Impervious","Reckless Charge"],"picked":"Battle Trance"},{"not_picked":["Sword Boomerang","Searing Blow"],"picked":"Shrug It Off"},{"not_picked":["Impervious","Berserk"],"picked":"Feed"},{"not_picked":["Pommel Strike","Headbutt"],"picked":"Inflame"},{"not_picked":["Pommel Strike","Feel No Pain"],"picked":"Offering"},{"not_picked":["Anger","Whirlwind"],"picked":"Perfected Strike"},{"not_picked":["Second Wind","Sever Soul"],"picked":"Whirlwind"},{"not_picked":["Clash","Metallicize"],"picked":"Hemokinesis"},{"not_picked":["Iron Wave","Anger"],"picked":"Pommel Strike"},{"not_picked":["Burning Pact","Power Through"],"picked":"Inflame"},{"not_picked":["Twin Strike","Hemokinesis"],"picked":"Whirlwind"},{"not_picked":["Infernal Blade","Combust"],"picked":"Thunderclap"},{"not_picked":["Hemokinesis","True Grit"],"picked":"Warcry"},{"not_picked":["Reckless Charge","Thunderclap"],"picked":"Flame Barrier"}],"player_experience":8453,"potions_floor_usage":[6,14,30,33,33],"damage_taken":[{"damage":13,"enemies":"Blue Slaver","floor":1,"turns":7},{"damage":2,"enemies":"2 Louse","floor":5,"turns":4},{"damage":36,"enemies":"3 Sentries","floor":6,"turns":7},{"damage":0,"enemies":"Jaw Worm","floor":11,"turns":2},{"damage":12,"enemies":"Lagavulin","floor":14,"turns":4},{"damage":53,"enemies":"Hexaghost","floor":16,"turns":10},{"damage":4,"enemies":"Shell Parasite","floor":18,"turns":2},{"damage":27,"enemies":"3 Byrds","floor":21,"turns":4},{"damage":19,"enemies":"Slaver and Parasite","floor":28,"turns":2},{"damage":17,"enemies":"Chosen and Byrds","floor":29,"turns":4},{"damage":9,"enemies":"Gremlin Leader","floor":30,"turns":5},{"damage":4,"enemies":"Snake Plant","floor":31,"turns":3},{"damage":64,"enemies":"Automaton","floor":33,"turns":6}],"event_choices":[{"event_name":"Scrap Ooze","player_choice":"success","floor":3,"damage_taken":12},{"event_name":"Living Wall","player_choice":"Change","floor":4,"damage_taken":0},{"event_name":"Shining Light","player_choice":"Entered Light","floor":12,"damage_taken":0},{"event_name":"Addict","player_choice":"Obtained Relic","floor":19,"damage_taken":0},{"event_name":"Purifier","player_choice":"One Purge","floor":22,"damage_taken":0},{"event_name":"Cursed Tome","player_choice":"Obtained Book","floor":24,"damage_taken":0}],"boss_relics":[{"not_picked":["Question Card","Philosopher\u0027s Stone"],"picked":"Orrery"}],"potions_floor_spawned":[1,6,21,30,31],"seed_played":"2673244959116925885","killed_by":"Automaton","is_trial":false}