{"gold_per_floor":[118,135,154,167,181,181,201,201,201,232,251,265,13,26,26,128,128,140,140],"floor_reached":19,"playtime":1894,"items_purged":[],"score":296,"play_id":"9323274e-81cb-4907-8b90-77a8582cf588","local_time":"20190204184712","is_ascension_mode":true,"campfire_choices":[{"floor":6,"key":"REST"},{"floor":8,"key":"REST"},{"floor":15,"key":"REST"}],"neow_cost":"PERCENT_DAMAGE","seed_source_timestamp":1352547108771524,"circlet_count":0,"master_deck":["AscendersBane","Strike_R","Strike_R","Strike_R","Strike_R","Strike_R","Defend_R","Defend_R","Defend_R","Defend_R","Bash","Body Slam","Pummel","Uppercut","Heavy Blade","Headbutt","Iron Wave","Metallicize","Shrug It Off","Shrug It Off","Armaments","Demon Form","Clumsy","Injury","Injury"],"relics":["Burning Blood","Matryoshka","Bag of Preparation","Bottled Tornado","Calling Bell","Lantern","Paper Frog","Magic Flower"],"potions_floor_usage":[3,7,16,19,19],"damage_taken":[{"damage":6,"enemies":"Cultist","floor":1,"turns":4},{"damage":10,"enemies":"Small Slimes","floor":2,"turns":4},{"damage":12,"enemies":"Jaw Worm","floor":3,"turns":2},{"damage":12,"enemies":"Blue Slaver","floor":4,"turns":3},{"damage":46,"enemies":"Large Slime","floor":5,"turns":8},{"damage":10,"enemies":"2 Fungi Beasts","floor":7,"turns":3},{"damage":23,"enemies":"Gremlin Nob","floor":10,"turns":4},{"damage":6,"enemies":"Exordium Wildlife","floor":11,"turns":3},{"damage":4,"enemies":"3 Louse","floor":12,"turns":4},{"damage":6,"enemies":"Exordium Thugs","floor":14,"turns":6},{"damage":73,"enemies":"Hexaghost","floor":16,"turns":16},{"damage":22,"enemies":"3 Byrds","floor":18,"turns":6},{"damage":61,"enemies":"Masked Bandits","floor":19,"turns":5}],"seed_played":"-8420367240058815588","potions_obtained":[{"floor":2,"key":"Strength Potion"},{"floor":5,"key":"Explosive Potion"},{"floor":11,"key":"SpeedPotion"},{"floor":14,"key":"FearPotion"},{"floor":16,"key":"Swift Potion"}],"is_trial":false,"path_per_floor":["M","M","M","M","M","R","M","R","T","E","M","M","$","M","R","B",null,"M","?"],"character_chosen":"IRONCLAD","items_purchased":["Bottled Tornado"],"campfire_rested":3,"item_purchase_floors":[13],"current_hp_per_floor":[67,63,57,51,11,39,35,63,63,46,46,48,48,48,76,9,74,61,0],"gold":140,"neow_bonus":"TWENTY_PERCENT_HP_BONUS","is_prod":false,"is_daily":false,"chose_seed":false,"campfire_upgraded":0,"win_rate":0,"timestamp":1549324032,"path_taken":["M","M","M","M","M","R","M","R","T","E","M","M","?","M","R","BOSS","M","?"],"build_version":"2019-01-23","purchased_purges":0,"victory":false,"max_hp_per_floor":[96,96,96,96,96,96,96,96,96,96,96,96,96,96,96,96,96,96,96],"card_choices":[{"not_picked":["Burning Pact","True Grit"],"picked":"Body Slam","floor":1},{"not_picked":["True Grit","Heavy Blade"],"picked":"Pummel","floor":2},{"not_picked":["Bloodletting","Body Slam"],"picked":"Uppercut","floor":3},{"not_picked":["Perfected Strike","Bloodletting"],"picked":"Heavy Blade","floor":4},{"not_picked":["Reckless Charge","Offering"],"picked":"Headbutt","floor":5},{"not_picked":["Perfected Strike","Reckless Charge"],"picked":"Iron Wave","floor":7},{"not_picked":["Armaments","Perfected Strike"],"picked":"Metallicize","floor":10},{"not_picked":["Pommel Strike","Rupture"],"picked":"Shrug It Off","floor":11},{"not_picked":["Dual Wield","Ghostly Armor"],"picked":"Shrug It Off","floor":12},{"not_picked":["Rage","Havoc"],"picked":"Armaments","floor":14},{"not_picked":["Exhume","Fiend Fire"],"picked":"Demon Form","floor":16},{"not_picked":["Thunderclap","Havoc","Rampage"],"picked":"SKIP","floor":18}],"player_experience":1107780,"relics_obtained":[{"floor":9,"key":"Matryoshka"},{"floor":10,"key":"Bag of Preparation"},{"floor":17,"key":"Lantern"},{"floor":17,"key":"Paper Frog"},{"floor":17,"key":"Magic Flower"}],"event_choices":[{"damage_healed":0,"gold_gain":0,"player_choice":"Fought Bandits","damage_taken":0,"max_hp_gain":0,"max_hp_loss":0,"event_name":"Masked Bandits","floor":19,"gold_loss":0}],"is_beta":false,"boss_relics":[{"not_picked":["Ectoplasm","Runic Cube"],"picked":"Calling Bell"}],"items_purged_floors":[],"is_endless":false,"potions_floor_spawned":[2,5,11,14,16],"killed_by":"Masked Bandits","ascension_level":11}