{"path_per_floor":["M","$","?","$","?","R","E","M","T","$","M","$","M","M","R","B",null,"M","$","?","M","M","R","M","?","T","?","M","?","M","M","R"],"character_chosen":"IRONCLAD","items_purchased":["Dropkick","True Grit","Rage","Rampage","Flash of Steel"],"gold_per_floor":[117,42,42,42,217,217,261,284,284,102,122,10,25,39,39,160,160,176,77,77,92,112,112,137,62,62,62,83,83,94,112,112,112],"floor_reached":33,"campfire_rested":2,"playtime":1471,"current_hp_per_floor":[80,80,60,60,60,60,26,30,30,30,36,36,42,41,65,36,80,80,80,80,80,57,57,41,41,51,51,48,48,42,35,62,0],"items_purged":["Strike_R","Doubt"],"gold":112,"score":299,"play_id":"8d4a575c-a5a5-4bc8-a88c-c95897ae5f37","local_time":"20180325153325","is_prod":false,"is_daily":false,"is_ascension_mode":true,"campfire_upgraded":2,"timestamp":1522006405,"path_taken":["M","$","?","$","?","R","E","M","T","?","M","$","M","M","R","BOSS","M","$","?","M","M","R","M","?","T","?","?","?","M","M","R","BOSS"],"build_version":"2018-03-22v2","purchased_purges":2,"victory":false,"master_deck":["Strike_R","Strike_R","Strike_R","Defend_R","Defend_R","Defend_R","Defend_R","Bash","Bludgeon+1","Flame Barrier","Dropkick","True Grit+1","Rage","Rampage","Flex","Offering","Flash of Steel","Dropkick+1","True Grit","Dark Embrace"],"max_hp_per_floor":[80,80,80,80,80,80,80,80,80,80,80,80,80,80,80,80,80,80,80,80,80,80,80,80,80,90,90,90,90,90,90,90,90],"relics":["Burning Blood","Bloody Idol","Art of War","Shovel","Cursed Key","Pear"],"card_choices":[{"not_picked":["Havoc","Wild Strike"],"picked":"Flame Barrier","floor":8},{"not_picked":["Flame Barrier","Infernal Blade"],"picked":"Flex","floor":13},{"not_picked":["Feed","Demon Form"],"picked":"Offering","floor":16},{"not_picked":["Cleave","Armaments"],"picked":"Dropkick","floor":22},{"not_picked":["Clash","Rage"],"picked":"True Grit","floor":28},{"not_picked":["Clothesline","Wild Strike"],"picked":"Dark Embrace","floor":30}],"player_experience":340315,"potions_floor_usage":[16,24,24,33,33],"damage_taken":[{"damage":0,"enemies":"Small Slimes","floor":1,"turns":2},{"damage":40,"enemies":"Lagavulin","floor":7,"turns":5},{"damage":2,"enemies":"Jaw Worm","floor":8,"turns":2},{"damage":0,"enemies":"Cultist","floor":11,"turns":2},{"damage":0,"enemies":"Looter","floor":13,"turns":2},{"damage":7,"enemies":"Large Slime","floor":14,"turns":5},{"damage":50,"enemies":"Slime Boss","floor":16,"turns":8},{"damage":1,"enemies":"3 Byrds","floor":18,"turns":3},{"damage":4,"enemies":"Spheric Guardian","floor":21,"turns":3},{"damage":29,"enemies":"Centurion and Healer","floor":22,"turns":5},{"damage":22,"enemies":"Chosen and Byrds","floor":24,"turns":7},{"damage":9,"enemies":"3 Cultists","floor":28,"turns":5},{"damage":17,"enemies":"Sentry and Sphere","floor":30,"turns":4},{"damage":18,"enemies":"Chosen and Byrds","floor":31,"turns":6},{"damage":65,"enemies":"Automaton","floor":33,"turns":8}],"event_choices":[{"event_name":"Golden Idol","player_choice":"Take Damage","floor":3,"damage_taken":0},{"event_name":"Liars Game","player_choice":"agreed","floor":5,"damage_taken":0},{"event_name":"Drug Dealer","player_choice":"Ignored","floor":20,"damage_taken":0},{"event_name":"Beggar","player_choice":"Gave Gold","floor":25,"damage_taken":0},{"event_name":"Back to Basics","player_choice":"Elegance","floor":27,"damage_taken":0},{"event_name":"Forgotten Altar","player_choice":"Gave Idol","floor":29,"damage_taken":0}],"boss_relics":[{"not_picked":["Runic Cube","Astrolabe"],"picked":"Cursed Key"}],"potions_floor_spawned":[1,13,14,16,18,21,24],"seed_played":"-5291633540678347975","killed_by":"Automaton","ascension_level":4,"is_trial":false}