{"path_per_floor":["M","M","?","M","?","E","R","M","T","R","?","M","E","$","R","B",null,"M","?","?","M","M","R","E","M","T","E","M","E","R","$","R","B",null,"M","$","?","?","M","R","M","M","T","?"],"character_chosen":"IRONCLAD","items_purchased":["Gambling Chip","Paper Frog","Inflame","Pommel Strike","Blind"],"gold_per_floor":[115,131,206,221,221,249,249,264,264,264,284,303,338,46,46,149,149,165,215,215,232,244,244,279,291,291,325,345,374,374,59,59,163,163,173,15,115,0,11,11,21,39,86,86],"floor_reached":45,"campfire_rested":0,"playtime":4108,"current_hp_per_floor":[80,80,69,67,80,56,56,62,62,62,60,62,50,50,50,46,80,77,77,56,50,49,49,41,34,34,55,56,46,46,46,46,56,56,44,44,44,44,48,48,42,44,44,34],"items_purged":[],"gold":86,"play_id":"ed38233c-b972-4fef-9037-020748062f09","is_prod":false,"is_daily":false,"campfire_rituals":0,"campfire_upgraded":7,"is_hardmode":false,"path_taken":["M","M","?","M","?","E","R","M","T","R","?","?","E","$","R","BOSS","M","?","?","M","M","R","E","M","T","E","?","E","R","$","R","BOSS","M","$","?","?","?","R","M","M","T","?","E"],"build_version":"2018-01-11-PROD2","purchased_purges":1,"victory":false,"master_deck":["Defend_R","Defend_R","Defend_R","Defend_R","Bash","Sword Boomerang","Offering","Heavy Blade","Clothesline","Flex","Headbutt","Armaments","Shockwave","Thunderclap","Reaper","Intimidate","Twin Strike","Flex","Anger","Bite_R","Bite_R","Bite_R","Bite_R","Bite_R","Shrug It Off","Twin Strike","Spot Weakness","Warcry","Dual Wield","Pommel Strike","Battle Trance","Inflame","Demon Form","Bloodletting","Pommel Strike","Blind","Rupture","Power Through","Rampage","Pain","Madness","Madness"],"max_hp_per_floor":[80,80,80,80,80,80,80,80,80,80,80,80,80,80,80,80,80,80,80,56,56,56,56,56,56,56,56,56,56,56,56,56,56,56,56,56,56,56,56,56,56,56,56,56],"relics":["Burning Blood","Mercury Hourglass","Odd Mushroom","Peace Pipe","Gambling Chip","Orrery","Gremlin Horn","Toxic Egg","Charon\u0027s Ashes","Ancient Tea Set","Paper Frog","Cursed Key","Red Mask","Lantern"],"campfire_meditates":0,"card_choices":[{"not_picked":["Armaments","True Grit"],"picked":"Offering"},{"not_picked":["Clothesline","Anger"],"picked":"Heavy Blade"},{"not_picked":["Spot Weakness","Twin Strike"],"picked":"Clothesline"},{"not_picked":["Demon Form","Reckless Charge"],"picked":"Flex"},{"not_picked":["Sword Boomerang","Clothesline"],"picked":"Headbutt"},{"not_picked":["Bloodletting","Combust"],"picked":"Armaments"},{"not_picked":["Rage","Cleave"],"picked":"Shockwave"},{"not_picked":["Shockwave","Combust"],"picked":"Thunderclap"},{"not_picked":["Demon Form","Impervious"],"picked":"Reaper"},{"not_picked":["Iron Wave","Perfected Strike"],"picked":"Intimidate"},{"not_picked":["Clash","Headbutt"],"picked":"Twin Strike"},{"not_picked":["Cleave","Anger"],"picked":"Flex"},{"not_picked":["Spot Weakness","Disarm"],"picked":"Anger"},{"not_picked":["Iron Wave","Juggernaut"],"picked":"Shrug It Off"},{"not_picked":["Corruption","Hemokinesis"],"picked":"Twin Strike"},{"not_picked":["Clash","Clothesline"],"picked":"Spot Weakness"},{"not_picked":["Perfected Strike","Iron Wave"],"picked":"Warcry"},{"not_picked":["Twin Strike","Fire Breathing"],"picked":"Dual Wield"},{"not_picked":["True Grit","Hemokinesis"],"picked":"Pommel Strike"},{"not_picked":["Clothesline","Headbutt"],"picked":"Battle Trance"},{"not_picked":["Reaper","Impervious"],"picked":"Demon Form"},{"not_picked":["Dual Wield","Hemokinesis"],"picked":"Bloodletting"},{"not_picked":["Clash","Reckless Charge"],"picked":"Rupture"},{"not_picked":["Combust","Warcry"],"picked":"Power Through"},{"not_picked":["Spot Weakness","Hemokinesis"],"picked":"Rampage"}],"player_experience":10902,"potions_floor_usage":[6,13,16,16,24,25,28,29,41,42,42],"damage_taken":[{"damage":1,"enemies":"Cultist","floor":1,"turns":4},{"damage":0,"enemies":"2 Louse","floor":2,"turns":3},{"damage":8,"enemies":"Jaw Worm","floor":4,"turns":3},{"damage":30,"enemies":"Lagavulin","floor":6,"turns":6},{"damage":0,"enemies":"Exordium Thugs","floor":8,"turns":2},{"damage":8,"enemies":"The Mushroom Lair","floor":11,"turns":3},{"damage":4,"enemies":"3 Louse","floor":12,"turns":1},{"damage":18,"enemies":"3 Sentries","floor":13,"turns":4},{"damage":25,"enemies":"The Guardian","floor":16,"turns":8},{"damage":9,"enemies":"Spheric Guardian","floor":18,"turns":3},{"damage":19,"enemies":"3 Byrds","floor":21,"turns":4},{"damage":14,"enemies":"Snake Plant","floor":22,"turns":4},{"damage":34,"enemies":"Slavers","floor":24,"turns":6},{"damage":21,"enemies":"Sentry and Sphere","floor":25,"turns":4},{"damage":9,"enemies":"Gremlin Leader","floor":27,"turns":5},{"damage":6,"enemies":"Centurion and Healer","floor":28,"turns":4},{"damage":21,"enemies":"Book of Stabbing","floor":29,"turns":4},{"damage":16,"enemies":"Collector","floor":33,"turns":6},{"damage":23,"enemies":"3 Darklings","floor":35,"turns":4},{"damage":4,"enemies":"Orb Walker","floor":39,"turns":2},{"damage":25,"enemies":"Maw","floor":41,"turns":5},{"damage":4,"enemies":"3 Darklings","floor":42,"turns":2},{"damage":35,"enemies":"2 Orb Walkers","floor":45,"turns":2}],"event_choices":[{"event_name":"World of Goop","player_choice":"Gather Gold","floor":3,"damage_taken":0},{"event_name":"Big Fish","player_choice":"Banana","floor":5,"damage_taken":0},{"event_name":"Mushrooms","player_choice":"Fought Mushrooms","floor":11,"damage_taken":0},{"event_name":"The Joust","player_choice":"Bet on Murderer","floor":19,"damage_taken":0},{"event_name":"Vampires","player_choice":"Became a vampire","floor":20,"damage_taken":0},{"event_name":"Golden Shrine","player_choice":"Pray","floor":37,"damage_taken":0},{"event_name":"Tomb of Lord Red Mask","player_choice":"Paid","floor":38,"damage_taken":0},{"event_name":"Winding Halls","player_choice":"Embrace Madness","floor":44,"damage_taken":0}],"boss_relics":[{"not_picked":["Philosopher\u0027s Stone","Runic Cube"],"picked":"Orrery"},{"not_picked":["Lizard Tail","Runic Pyramid"],"picked":"Cursed Key"}],"potions_floor_spawned":[4,8,11,12,21,24,25,28,35,39,41],"seed_played":"2321610975016765085","killed_by":"2 Orb Walkers","is_trial":false}