{"path_per_floor":["M","M","M","M","?","R","?","R","T","R","E","M","?","?","R","B",null,"M","?","$","?","T","R","?","M","T","?","R","M","M","M","R","B",null,"M","?","?","?","$","R","M","?","T","E","R","M","M","M","R","B"],"character_chosen":"IRONCLAD","items_purchased":["Blood Vial","Clash","Matryoshka"],"gold_per_floor":[111,131,145,161,236,236,236,236,236,236,267,286,286,286,286,386,386,404,404,132,132,132,132,47,57,127,127,127,144,154,174,174,271,271,291,291,291,291,35,35,51,51,51,77,77,91,111,131,131,131],"floor_reached":51,"campfire_rested":3,"playtime":1305,"current_hp_per_floor":[72,74,70,60,49,49,42,66,66,66,54,54,37,58,58,36,74,62,45,45,74,74,74,74,71,71,71,71,73,56,53,79,15,71,63,63,63,63,63,63,51,73,73,75,75,59,59,41,67,43],"items_purged":["Parasite"],"gold":131,"score":956,"play_id":"cd27f519-f1be-4891-b77b-cf61ff3b2fbe","local_time":"20180320054401","is_prod":false,"is_daily":false,"is_ascension_mode":true,"campfire_upgraded":4,"timestamp":1521542641,"path_taken":["M","M","M","M","?","R","?","R","T","R","E","M","?","?","R","BOSS","M","?","$","?","?","R","?","?","T","?","R","M","M","M","R","BOSS","M","?","?","?","$","R","M","?","T","E","R","M","M","M","R","BOSS"],"build_version":"2018-03-15v3","purchased_purges":1,"victory":true,"master_deck":["Strike_R","Strike_R+1","Strike_R","Strike_R","Defend_R","Defend_R","Defend_R","Defend_R","Bash+1","Rampage+1","Cleave","Flame Barrier+1","Whirlwind+1","Double Tap+1","Flex","Inflame","Reaper","Flame Barrier+1","Flex+1","Writhe"],"max_hp_per_floor":[80,80,80,80,80,80,80,80,80,80,87,87,87,87,87,87,87,87,92,89,89,89,89,89,89,89,89,89,89,89,89,89,89,89,89,89,89,89,89,89,89,89,89,89,89,89,89,89,89,89],"relics":["Burning Blood","Happy Flower","Ice Cream","Strawberry","Lizard Tail","Blood Vial","Shovel","Bronze Scales","Kunai","Dodecahedron","Vajra","Sozu","Matryoshka","Smiling Mask","Ancient Tea Set","Orichalcum","Darkstone Periapt","Pen Nib"],"card_choices":[{"not_picked":["Cleave","Combust"],"picked":"Rampage"},{"not_picked":["Fiend Fire","Clothesline"],"picked":"Cleave"},{"not_picked":["Armaments","Heavy Blade"],"picked":"Flame Barrier"},{"not_picked":["Power Through","Iron Wave"],"picked":"Whirlwind"},{"not_picked":["Juggernaut","Exhume"],"picked":"Double Tap"},{"not_picked":["Clothesline","Dual Wield"],"picked":"Flex"},{"not_picked":["Perfected Strike","Cleave"],"picked":"Inflame"},{"not_picked":["Rupture","Iron Wave"],"picked":"Reaper"},{"not_picked":["Searing Blow","Heavy Blade"],"picked":"Flex"}],"player_experience":323177,"potions_floor_usage":[16,16,33,33],"damage_taken":[{"damage":6,"enemies":"Cultist","floor":1,"turns":3},{"damage":4,"enemies":"Small Slimes","floor":2,"turns":3},{"damage":10,"enemies":"2 Louse","floor":3,"turns":3},{"damage":16,"enemies":"Blue Slaver","floor":4,"turns":4},{"damage":25,"enemies":"Lagavulin","floor":11,"turns":5},{"damage":6,"enemies":"Large Slime","floor":12,"turns":5},{"damage":28,"enemies":"Hexaghost","floor":16,"turns":9},{"damage":18,"enemies":"2 Thieves","floor":18,"turns":4},{"damage":11,"enemies":"Shell Parasite","floor":25,"turns":5},{"damage":6,"enemies":"Cultist and Chosen","floor":29,"turns":4},{"damage":25,"enemies":"Snecko","floor":30,"turns":5},{"damage":11,"enemies":"Sentry and Sphere","floor":31,"turns":3},{"damage":105,"enemies":"Collector","floor":33,"turns":9},{"damage":16,"enemies":"3 Shapes","floor":35,"turns":2},{"damage":20,"enemies":"Orb Walker","floor":41,"turns":3},{"damage":6,"enemies":"2 Orb Walkers","floor":44,"turns":2},{"damage":24,"enemies":"4 Shapes","floor":46,"turns":1},{"damage":36,"enemies":"3 Darklings","floor":47,"turns":4},{"damage":26,"enemies":"Maw","floor":48,"turns":7},{"damage":87,"enemies":"Time Eater","floor":50,"turns":10}],"event_choices":[{"event_name":"World of Goop","player_choice":"Gather Gold","floor":5,"damage_taken":0},{"event_name":"Golden Wing","player_choice":"Card Removal","floor":7,"damage_taken":0},{"event_name":"Shining Light","player_choice":"Entered Light","floor":13,"damage_taken":0},{"event_name":"Mushrooms","player_choice":"Healed and dodged fight","floor":14,"damage_taken":0},{"event_name":"Forgotten Altar","player_choice":"Shed Blood","floor":19,"damage_taken":0},{"event_name":"The Library","player_choice":"Heal","floor":21,"damage_taken":0},{"event_name":"Addict","player_choice":"Obtained Relic","floor":24,"damage_taken":0},{"event_name":"The Mausoleum","player_choice":"Yes","floor":27,"damage_taken":0},{"event_name":"Duplicator","player_choice":"One dupe","floor":36,"damage_taken":0},{"event_name":"Mysterious Sphere","player_choice":"Ignore","floor":37,"damage_taken":0},{"event_name":"Winding Halls","player_choice":"Writhe","floor":42,"damage_taken":0}],"boss_relics":[{"not_picked":["Orrery","Velvet Choker"],"picked":"Lizard Tail"},{"not_picked":["Black Star","Tiny House"],"picked":"Sozu"}],"potions_floor_spawned":[1,11,16,31,35,41,46,48],"seed_played":"-2429942331450728955","ascension_level":9,"is_trial":false}