{"gold_per_floor":[110,110,110,123,133,133,133,133,133,168,224,241,84,95,95,196,196,207,207,8,22,42,69,69,102,125,125],"floor_reached":27,"playtime":1710,"items_purged":["Strike_B"],"score":351,"play_id":"afbe9c7f-652b-425b-ad3a-2615b5474b65","local_time":"20190123204615","is_ascension_mode":false,"campfire_choices":[{"data":"Zap","floor":6,"key":"SMITH"},{"data":"FTL","floor":8,"key":"SMITH"},{"data":"Defragment","floor":15,"key":"SMITH"},{"data":"Recycle","floor":24,"key":"SMITH"}],"neow_cost":"PERCENT_DAMAGE","seed_source_timestamp":0,"circlet_count":0,"master_deck":["Zap+1","Dualcast+1","Secret Technique","Sadistic Nature","Sweeping Beam","FTL+1","Conserve Battery","Static Discharge","Rainbow","Loop","Defragment+1","Amplify","Echo Form","Electrodynamics","Turbo","Hello World","Recycle+1","Turbo","Rainbow","Cold Snap+1","Conserve Battery","Undo+1"],"special_seed":0,"relics":["Cracked Core","Matryoshka","Cables","WingedGreaves","Pandora\u0027s Box","Runic Capacitor","Nunchaku","Kunai","Bag of Preparation","Smiling Mask"],"potions_floor_usage":[10,16,23,27],"damage_taken":[{"damage":1,"enemies":"Cultist","floor":1,"turns":4},{"damage":6,"enemies":"Jaw Worm","floor":4,"turns":3},{"damage":0,"enemies":"Small Slimes","floor":5,"turns":2},{"damage":12,"enemies":"Gremlin Nob","floor":10,"turns":4},{"damage":22,"enemies":"Lagavulin Event","floor":11,"turns":4},{"damage":3,"enemies":"2 Fungi Beasts","floor":12,"turns":3},{"damage":4,"enemies":"Large Slime","floor":14,"turns":5},{"damage":10,"enemies":"The Guardian","floor":16,"turns":6},{"damage":11,"enemies":"Shell Parasite","floor":18,"turns":4},{"damage":14,"enemies":"2 Thieves","floor":21,"turns":3},{"damage":12,"enemies":"Cultist and Chosen","floor":22,"turns":6},{"damage":20,"enemies":"Book of Stabbing","floor":23,"turns":5},{"damage":24,"enemies":"Gremlin Leader","floor":25,"turns":5},{"damage":18,"enemies":"Book of Stabbing","floor":27,"turns":3}],"seed_played":"-2753056555973100768","potions_obtained":[{"floor":3,"key":"FairyPotion"},{"floor":3,"key":"FairyPotion"},{"floor":3,"key":"Weak Potion"},{"floor":12,"key":"LiquidBronze"},{"floor":14,"key":"Regen Potion"},{"floor":16,"key":"Poison Potion"},{"floor":23,"key":"Fire Potion"}],"is_trial":false,"path_per_floor":["M","?","?","M","M","R","?","R","T","E","?","M","$","M","R","B",null,"M","?","$","M","M","E","R","E","T","E"],"character_chosen":"DEFECT","items_purchased":["Defragment","Runic Capacitor"],"campfire_rested":0,"item_purchase_floors":[13,20],"current_hp_per_floor":[53,38,38,32,32,32,57,57,57,45,23,20,20,16,16,21,75,64,64,64,50,38,18,18,1,1,0],"gold":125,"neow_bonus":"RANDOM_COLORLESS_2","is_prod":false,"is_daily":false,"chose_seed":false,"campfire_upgraded":4,"win_rate":0,"timestamp":1548243975,"path_taken":["M","?","?","?","M","R","?","R","T","E","?","M","$","M","R","BOSS","M","?","$","M","M","E","R","E","T","E"],"build_version":"2019-01-17v2","purchased_purges":1,"victory":false,"max_hp_per_floor":[75,75,75,75,75,75,75,75,75,75,75,75,75,75,75,75,75,75,75,75,75,75,75,75,75,75,75],"card_choices":[{"not_picked":["Cold Snap","Leap"],"picked":"Sweeping Beam","floor":1},{"not_picked":["Streamline","Ball Lightning"],"picked":"FTL","floor":4},{"not_picked":["Beam Cell","Turbo"],"picked":"Conserve Battery","floor":5},{"not_picked":["Sweeping Beam","Turbo"],"picked":"Static Discharge","floor":10},{"not_picked":["Gash","Beam Cell"],"picked":"Rainbow","floor":11},{"not_picked":["Compile Driver","Gash"],"picked":"Loop","floor":12},{"not_picked":["Streamline","Genetic Algorithm","Hologram"],"picked":"SKIP","floor":14},{"not_picked":["Creative AI","All For One"],"picked":"Amplify","floor":16},{"not_picked":["Sweeping Beam","Sunder"],"picked":"Cold Snap+1","floor":18},{"not_picked":["Gash","BootSequence"],"picked":"Undo+1","floor":21},{"not_picked":["Leap","Fusion","Conserve Battery"],"picked":"SKIP","floor":22},{"not_picked":["Conserve Battery","Beam Cell","Streamline"],"picked":"SKIP","floor":23},{"not_picked":["Rebound","Rip and Tear","Sweeping Beam"],"picked":"SKIP","floor":25}],"player_experience":874362,"relics_obtained":[{"floor":9,"key":"Matryoshka"},{"floor":10,"key":"Cables"},{"floor":11,"key":"WingedGreaves"},{"floor":23,"key":"Nunchaku"},{"floor":25,"key":"Kunai"},{"floor":26,"key":"Bag of Preparation"},{"floor":26,"key":"Smiling Mask"}],"event_choices":[{"damage_healed":0,"gold_gain":0,"player_choice":"Entered Light","damage_taken":15,"max_hp_gain":0,"max_hp_loss":0,"event_name":"Shining Light","floor":2,"gold_loss":0,"cards_upgraded":["Dualcast","Strike_B"]},{"damage_healed":0,"gold_gain":0,"player_choice":"Got Potions","damage_taken":0,"max_hp_gain":0,"max_hp_loss":0,"event_name":"Lab","floor":3,"gold_loss":0},{"damage_healed":25,"gold_gain":0,"player_choice":"Banana","damage_taken":0,"max_hp_gain":0,"max_hp_loss":0,"event_name":"Big Fish","floor":7,"gold_loss":0},{"damage_healed":0,"gold_gain":0,"player_choice":"Searched \u00272\u0027 times","damage_taken":0,"max_hp_gain":0,"max_hp_loss":0,"event_name":"Dead Adventurer","floor":11,"gold_loss":0},{"damage_healed":0,"gold_gain":0,"player_choice":"Read","damage_taken":0,"max_hp_gain":0,"max_hp_loss":0,"event_name":"The Library","floor":19,"gold_loss":0,"cards_obtained":["Conserve Battery"]}],"is_beta":false,"boss_relics":[{"not_picked":["Eternal Feather","Runic Dome"],"picked":"Pandora\u0027s Box"}],"items_purged_floors":[13],"is_endless":false,"potions_floor_spawned":[12,14,16,23],"killed_by":"Book of Stabbing","ascension_level":0}