{"path_per_floor":["M","$","M","M","M","R","E","?","T","?","?","R","M","$","R","B",null,"M","?","M","M","$","R","M","R","T","M","?","R","M","?","R","B",null,"M","$","?","$","M","R"],"character_chosen":"IRONCLAD","items_purchased":["Flame Barrier","Armaments","Madness"],"gold_per_floor":[112,31,50,61,74,74,99,99,126,126,153,153,166,45,45,145,145,155,70,50,60,60,60,75,75,75,86,86,86,105,105,105,207,207,225,124,124,124,141,141],"floor_reached":41,"campfire_rested":3,"playtime":4930,"current_hp_per_floor":[80,80,75,79,80,80,57,57,57,41,28,52,70,70,70,65,77,77,77,77,75,75,75,35,58,68,44,44,44,87,87,87,23,87,71,71,71,71,35,61],"items_purged":["Parasite"],"gold":141,"score":367,"play_id":"048be8a8-49a0-4b90-84a1-5d871161b050","is_prod":false,"is_daily":false,"is_ascension_mode":false,"campfire_upgraded":5,"path_taken":["M","$","M","M","M","R","E","?","T","?","?","R","M","$","R","BOSS","M","?","M","M","$","R","M","R","T","M","?","R","M","?","R","BOSS","M","$","?","$","M","R","M"],"build_version":"2018-02-12-PROD1","purchased_purges":1,"victory":false,"master_deck":["Defend_R","Defend_R","Defend_R","Defend_R","Bash+1","Seeing Red","Cleave","Body Slam+1","Flame Barrier","Dual Wield+1","Flame Barrier+1","Headbutt","Reaper","Metallicize+1","Armaments","Double Tap","Armaments","Iron Wave","Cleave","Disarm","Warcry","Iron Wave","Metallicize+1","Shrug It Off","Metallicize+1","Dual Wield+1","Bite","Bite","Bite","Bite","Madness"],"max_hp_per_floor":[80,80,80,80,80,80,80,80,80,80,80,80,80,77,77,77,77,77,77,77,77,77,77,77,77,87,87,87,87,87,87,87,87,87,87,87,87,87,87,87],"relics":["Burning Blood","Champion Belt","Vajra","Odd Mushroom","Orrery","Pear","Lizard Tail"],"card_choices":[{"not_picked":["Iron Wave","Clothesline"],"picked":"Body Slam"},{"not_picked":["Headbutt","Heavy Blade"],"picked":"Dual Wield"},{"not_picked":["Warcry","Cleave"],"picked":"Flame Barrier"},{"not_picked":["Pummel","Clothesline"],"picked":"Headbutt"},{"not_picked":["Infernal Blade","True Grit"],"picked":"Reaper"},{"not_picked":["Wild Strike","Clothesline"],"picked":"Metallicize"},{"not_picked":["Brutality","Bludgeon"],"picked":"Double Tap"},{"not_picked":["Havoc","Thunderclap"],"picked":"Armaments"},{"not_picked":["Sword Boomerang","Pummel"],"picked":"Iron Wave"},{"not_picked":["Twin Strike","Intimidate"],"picked":"Cleave"},{"not_picked":["Havoc","Rampage"],"picked":"Disarm"},{"not_picked":["Clash","Seeing Red"],"picked":"Warcry"},{"not_picked":["Warcry","Heavy Blade"],"picked":"Iron Wave"},{"not_picked":["Dual Wield","Spot Weakness"],"picked":"Metallicize"},{"not_picked":["Perfected Strike","Headbutt"],"picked":"Shrug It Off"},{"not_picked":["Rupture","Demon Form"],"picked":"Metallicize"}],"player_experience":111693,"potions_floor_usage":[16,16,16,33,33,35,41,41],"damage_taken":[{"damage":1,"enemies":"Cultist","floor":1,"turns":4},{"damage":11,"enemies":"Jaw Worm","floor":3,"turns":4},{"damage":2,"enemies":"Small Slimes","floor":4,"turns":4},{"damage":4,"enemies":"2 Fungi Beasts","floor":5,"turns":4},{"damage":29,"enemies":"Gremlin Nob","floor":7,"turns":6},{"damage":40,"enemies":"The Mushroom Lair","floor":11,"turns":4},{"damage":0,"enemies":"Large Slime","floor":13,"turns":5},{"damage":16,"enemies":"Slime Boss","floor":16,"turns":11},{"damage":6,"enemies":"Spheric Guardian","floor":18,"turns":10},{"damage":4,"enemies":"2 Thieves","floor":20,"turns":4},{"damage":13,"enemies":"Snake Plant","floor":21,"turns":7},{"damage":60,"enemies":"Cultist and Chosen","floor":24,"turns":11},{"damage":42,"enemies":"3 Cultists","floor":27,"turns":8},{"damage":4,"enemies":"Centurion and Healer","floor":30,"turns":25},{"damage":133,"enemies":"Automaton","floor":33,"turns":26},{"damage":32,"enemies":"3 Shapes","floor":35,"turns":55},{"damage":64,"enemies":"3 Darklings","floor":39,"turns":11},{"damage":164,"enemies":"Maw","floor":41,"turns":14}],"event_choices":[{"event_name":"Living Wall","player_choice":"Grow","floor":8,"damage_taken":0},{"event_name":"Shining Light","player_choice":"Entered Light","floor":10,"damage_taken":0},{"event_name":"Mushrooms","player_choice":"Fought Mushrooms","floor":11,"damage_taken":0},{"event_name":"Addict","player_choice":"Obtained Relic","floor":19,"damage_taken":0},{"event_name":"The Library","player_choice":"Read","floor":28,"damage_taken":0},{"event_name":"Vampires","player_choice":"Became a vampire (Vial)","floor":31,"damage_taken":0},{"event_name":"Purifier","player_choice":"One Purge","floor":37,"damage_taken":0}],"boss_relics":[{"not_picked":["Runic Dome","Ectoplasm"],"picked":"Orrery"},{"not_picked":["Cursed Key","Velvet Choker"],"picked":"Lizard Tail"}],"potions_floor_spawned":[5,7,13,16,18,20,24,30,33,35],"seed_played":"5325759418731122376","killed_by":"Maw","ascension_level":0,"is_trial":false}