{"gold_per_floor":[111,111,130,149,5,5,30,30,30,30,44,44,75,41,41,137,137,153,153,98,19,32,62,62,0,0,0,28,77,77,110,110,212,212,232,252,84,130,145,180,180,208,234,234],"floor_reached":44,"playtime":1598,"items_purged":["Strike_G","Strike_G"],"score":579,"play_id":"db74a82e-5806-417b-bd62-891b3210aa4b","local_time":"20190207230244","is_ascension_mode":true,"campfire_choices":[{"data":"Neutralize","floor":6.0,"key":"SMITH"},{"data":"Poisoned Stab","floor":10.0,"key":"SMITH"},{"data":"Deadly Poison","floor":12.0,"key":"SMITH"},{"floor":15.0,"key":"REST"},{"floor":24,"key":"REST"},{"floor":27,"key":"REST"},{"floor":30,"key":"REST"},{"floor":32,"key":"REST"},{"floor":41,"key":"REST"}],"neow_cost":"NONE","seed_source_timestamp":13709854144800,"circlet_count":0,"master_deck":["Defend_G","Defend_G","Defend_G","Defend_G","Defend_G","Survivor","Neutralize+1","Backflip","Cloak And Dagger","Poisoned Stab+1","Noxious Fumes+1","Deadly Poison+1","Poisoned Stab","Footwork+1","Noxious Fumes+1","Noxious Fumes+1","Backflip+1","PiercingWail","Envenom+1","Dodge and Roll+1","Adrenaline","Predator+1","Noxious Fumes+1","Well Laid Plans+1","Cloak And Dagger+1","Caltrops+1"],"special_seed":0,"relics":["Ring of the Snake","NeowsBlessing","Frozen Egg 2","Dream Catcher","Ancient Tea Set","Empty Cage","Tiny Chest","Meat on the Bone","Molten Egg 2","Nunchaku","Omamori","PreservedInsect","Sozu","Toxic Egg 2","Pear","Pen Nib"],"potions_floor_usage":[23,31],"damage_taken":[{"damage":0.0,"enemies":"2 Louse","floor":1.0,"turns":1.0},{"damage":0.0,"enemies":"Cultist","floor":3.0,"turns":1.0},{"damage":0.0,"enemies":"Jaw Worm","floor":4.0,"turns":1.0},{"damage":16.0,"enemies":"Lagavulin","floor":7.0,"turns":8.0},{"damage":1.0,"enemies":"Exordium Thugs","floor":11.0,"turns":4.0},{"damage":25.0,"enemies":"3 Sentries","floor":13.0,"turns":9.0},{"damage":13.0,"enemies":"The Guardian","floor":16.0,"turns":8.0},{"damage":8,"enemies":"Shell Parasite","floor":18,"turns":5},{"damage":28,"enemies":"3 Byrds","floor":22,"turns":4},{"damage":31,"enemies":"Gremlin Leader","floor":23,"turns":6},{"damage":4,"enemies":"Book of Stabbing","floor":28,"turns":5},{"damage":25,"enemies":"Slavers","floor":31,"turns":5},{"damage":30,"enemies":"Collector","floor":33,"turns":8},{"damage":0,"enemies":"3 Shapes","floor":35,"turns":5},{"damage":15,"enemies":"3 Darklings","floor":36,"turns":5},{"damage":9,"enemies":"4 Shapes","floor":39,"turns":6},{"damage":14,"enemies":"Giant Head","floor":40,"turns":8},{"damage":29,"enemies":"Nemesis","floor":42,"turns":5},{"damage":56,"enemies":"Reptomancer","floor":44,"turns":3}],"seed_played":"-3414414857206507921","potions_obtained":[{"floor":7.0,"key":"Fire Potion"},{"floor":11.0,"key":"Poison Potion"},{"floor":23,"key":"Block Potion"},{"floor":31,"key":"Strength Potion"}],"is_trial":false,"path_per_floor":["M","?","M","M","$","R","E","?","T","R","M","R","E","$","R","B",null,"M","?","?","$","M","E","R","?","T","R","E","T","R","E","R","B",null,"M","M","$","T","M","E","R","E","T","E"],"character_chosen":"THE_SILENT","items_purchased":["Cloak And Dagger","Poisoned Stab","Footwork+1","Noxious Fumes+1","Well Laid Plans+1"],"campfire_rested":6,"item_purchase_floors":[5,5,14,21,37],"current_hp_per_floor":[70,70,70,70,70,70,54,54,54,54,53,53,28,28,49,36,70,62,62,62,62,34,3,24,24,24,45,41,41,62,37,58,40,70,70,55,55,55,46,44,65,46,46,0],"gold":234,"neow_bonus":"THREE_ENEMY_KILL","is_prod":false,"is_daily":false,"chose_seed":false,"campfire_upgraded":3,"win_rate":0,"timestamp":1549576964,"path_taken":["M","?","?","M","$","R","E","?","T","R","M","R","E","?","R","BOSS","M","?","?","$","M","E","R","?","T","R","E","?","R","E","R","BOSS","M","M","$","?","M","E","R","E","T","E"],"build_version":"2019-01-23","purchased_purges":2,"victory":false,"max_hp_per_floor":[70,70,70,70,70,70,70,70,70,70,70,70,70,70,70,70,70,70,70,70,70,70,70,70,70,70,70,70,70,70,70,70,70,70,70,70,70,70,70,70,70,80,80,80],"card_choices":[{"not_picked":["Deflect","Expertise"],"picked":"Backflip","floor":1.0},{"not_picked":["Backflip","Prepared","Eviscerate"],"picked":"SKIP","floor":3.0},{"not_picked":["Phantasmal Killer","Slice","Outmaneuver"],"picked":"SKIP","floor":4.0},{"not_picked":["Flying Knee","Finisher"],"picked":"Noxious Fumes","floor":7.0},{"not_picked":["Sucker Punch","Cloak And Dagger"],"picked":"Deadly Poison","floor":11.0},{"not_picked":["Choke","Setup"],"picked":"Poisoned Stab","floor":13.0},{"not_picked":["Poisoned Stab","Escape Plan"],"picked":"Noxious Fumes+1","floor":15.0},{"not_picked":["Setup","Outmaneuver","Slice"],"picked":"SKIP","floor":18},{"not_picked":["Deadly Poison","Quick Slash+1","Choke"],"picked":"SKIP","floor":22},{"not_picked":["Predator","Masterful Stab+1","Tactician"],"picked":"SKIP","floor":23},{"not_picked":["Dagger Spray","Prepared+1"],"picked":"Backflip+1","floor":24},{"not_picked":["Endless Agony+1","Dagger Spray+1"],"picked":"PiercingWail","floor":27},{"not_picked":["Crippling Poison","Blade Dance"],"picked":"Envenom+1","floor":28},{"not_picked":["Burst","Distraction","Quick Slash+1"],"picked":"SKIP","floor":31},{"not_picked":["Slice+1","Dagger Spray+1"],"picked":"Dodge and Roll+1","floor":32},{"not_picked":["Burst","Night Terror"],"picked":"Adrenaline","floor":33},{"not_picked":["Underhanded Strike+1","Acrobatics"],"picked":"Predator+1","floor":35},{"not_picked":["Dodge and Roll","Reflex+1"],"picked":"Noxious Fumes+1","floor":36},{"not_picked":["Expertise","Outmaneuver","Heel Hook+1"],"picked":"SKIP","floor":39},{"not_picked":["Acrobatics+1","Dagger Throw+1","Slice+1"],"picked":"SKIP","floor":40},{"not_picked":["Backstab+1","Underhanded Strike+1"],"picked":"Cloak And Dagger+1","floor":41},{"not_picked":["Slice+1","Eviscerate+1"],"picked":"Caltrops+1","floor":42}],"player_experience":563721,"relics_obtained":[{"floor":7.0,"key":"Frozen Egg 2"},{"floor":9.0,"key":"Dream Catcher"},{"floor":13.0,"key":"Ancient Tea Set"},{"floor":23,"key":"Meat on the Bone"},{"floor":26,"key":"Molten Egg 2"},{"floor":28,"key":"Nunchaku"},{"floor":29,"key":"Omamori"},{"floor":31,"key":"PreservedInsect"},{"floor":40,"key":"Toxic Egg 2"},{"floor":42,"key":"Pear"},{"floor":43,"key":"Pen Nib"}],"event_choices":[{"cards_removed":["Strike_G"],"damage_healed":0.0,"max_hp_gain":0.0,"max_hp_loss":0.0,"gold_gain":0.0,"event_name":"Purifier","player_choice":"Purged","floor":2.0,"gold_loss":0.0,"damage_taken":0.0},{"damage_healed":0.0,"max_hp_gain":0.0,"max_hp_loss":0.0,"gold_gain":0.0,"event_name":"The Cleric","player_choice":"Leave","floor":8.0,"gold_loss":0.0,"damage_taken":0.0},{"damage_healed":0,"gold_gain":0,"player_choice":"Ignored","damage_taken":0,"max_hp_gain":0,"max_hp_loss":0,"event_name":"Ghosts","floor":19,"gold_loss":0},{"damage_healed":0,"gold_gain":0,"player_choice":"Obtained Relic","damage_taken":0,"relics_obtained":["Tiny Chest"],"max_hp_gain":0,"max_hp_loss":0,"event_name":"Addict","floor":20,"gold_loss":85},{"damage_healed":0,"gold_gain":0,"player_choice":"Paid Fearfully","damage_taken":0,"max_hp_gain":0,"max_hp_loss":0,"event_name":"Masked Bandits","floor":25,"gold_loss":62}],"is_beta":false,"boss_relics":[{"not_picked":["Calling Bell","Coffee Dripper"],"picked":"Empty Cage"},{"not_picked":["Astrolabe","White Beast Statue"],"picked":"Sozu"}],"items_purged_floors":[5,37],"is_endless":false,"potions_floor_spawned":[7,11,23,31,39,40,42],"killed_by":"Reptomancer","ascension_level":1}