{"path_per_floor":["M","?","$","M","M","R","E","?","T","?","?","R","E","T","R","B",null,"M","$","M","M","M","?","R","?","T","M","R","?","R","$","R"],"character_chosen":"IRONCLAD","items_purchased":["Armaments","Shrug It Off","Orichalcum","Panacea"],"gold_per_floor":[113,113,23,38,49,49,81,138,164,164,129,129,172,172,172,296,296,319,0,16,39,53,13,13,13,13,34,34,34,34,34,34],"floor_reached":33,"campfire_rested":4,"playtime":2727,"current_hp_per_floor":[75,75,75,74,74,74,40,26,26,26,44,66,47,47,69,31,74,65,65,41,41,39,39,61,61,61,52,52,52,52,52,74],"items_purged":["Decay"],"gold":34,"play_id":"3e8504f4-c0c8-4b31-bce0-691f830cfc46","is_prod":false,"is_daily":false,"campfire_rituals":0,"campfire_upgraded":3,"is_hardmode":false,"path_taken":["M","?","$","?","M","R","E","?","T","?","?","R","E","?","R","BOSS","M","$","M","M","M","?","R","?","T","?","R","?","R","?","R","BOSS"],"build_version":"2018-01-11-PROD2","purchased_purges":2,"victory":false,"master_deck":["Strike_R","Strike_R","Strike_R","Strike_R","Strike_R","Defend_R","Defend_R","Defend_R","Defend_R","Bash","Evolve","Armaments","Shrug It Off","Anger","Perfected Strike","Flex","Heavy Blade","Shockwave","Reaper","Warcry","Panacea","Flex","Iron Wave","Dual Wield"],"max_hp_per_floor":[80,80,80,80,80,80,80,80,80,74,74,74,74,74,74,74,74,74,74,74,74,74,74,74,74,74,74,74,74,74,74,74],"relics":["Philosopher\u0027s Stone","Bag of Preparation","Self Forming Clay","Blood Vial","Golden Idol","Gremlin Horn","Calipers","Cursed Key","Orichalcum","Omamori","Frozen Eye"],"campfire_meditates":0,"card_choices":[{"not_picked":["Twin Strike","Thunderclap"],"picked":"Evolve"},{"not_picked":["Bloodletting","Inflame"],"picked":"Anger"},{"not_picked":["Flex","Warcry"],"picked":"Perfected Strike"},{"not_picked":["Searing Blow","Clash"],"picked":"Flex"},{"not_picked":["Clash","Infernal Blade"],"picked":"Heavy Blade"},{"not_picked":["Infernal Blade","Intimidate"],"picked":"Shockwave"},{"not_picked":["Immolate","Feed"],"picked":"Reaper"},{"not_picked":["Twin Strike","Spot Weakness"],"picked":"Warcry"},{"not_picked":["Combust","Heavy Blade"],"picked":"Flex"},{"not_picked":["Thunderclap","Rupture"],"picked":"Iron Wave"},{"not_picked":["True Grit","Impervious"],"picked":"Dual Wield"}],"player_experience":25489,"potions_floor_usage":[5,8,16,16,18,22,22,33,33,33],"damage_taken":[{"damage":5,"enemies":"Small Slimes","floor":1,"turns":4},{"damage":1,"enemies":"Blue Slaver","floor":4,"turns":6},{"damage":0,"enemies":"Jaw Worm","floor":5,"turns":3},{"damage":34,"enemies":"Gremlin Nob","floor":7,"turns":4},{"damage":14,"enemies":"Gremlin Nob","floor":8,"turns":4},{"damage":21,"enemies":"Lagavulin","floor":13,"turns":5},{"damage":40,"enemies":"The Guardian","floor":16,"turns":9},{"damage":9,"enemies":"Shell Parasite","floor":18,"turns":4},{"damage":26,"enemies":"2 Thieves","floor":20,"turns":5},{"damage":19,"enemies":"Chosen and Byrds","floor":21,"turns":7},{"damage":22,"enemies":"3 Cultists","floor":22,"turns":6},{"damage":17,"enemies":"Centurion and Healer","floor":27,"turns":6},{"damage":99,"enemies":"Automaton","floor":33,"turns":10}],"event_choices":[{"event_name":"Wheel of Change","player_choice":"Curse","floor":2,"damage_taken":0},{"event_name":"Dead Adventurer","player_choice":"Searched \u00272\u0027 times","floor":8,"damage_taken":0},{"event_name":"Golden Idol","player_choice":"Lose Max HP","floor":10,"damage_taken":0},{"event_name":"The Cleric","player_choice":"Healed","floor":11,"damage_taken":0},{"event_name":"The Woman in Blue","player_choice":"Bought 3 Potions","floor":23,"damage_taken":0},{"event_name":"The Mausoleum","player_choice":"Yes","floor":25,"damage_taken":0},{"event_name":"Upgrade Shrine","player_choice":"Upgraded","floor":29,"damage_taken":0}],"boss_relics":[{"not_picked":["Black Star","Lizard Tail"],"picked":"Cursed Key"}],"potions_floor_spawned":[1,7,8,13,16,20,21,27],"seed_played":"8806423210571741245","killed_by":"Automaton","is_trial":false}