{"gold_per_floor":[116,136,136,151,164,164,182,182,207,227,227,237,298,313,313,414,414,414,414,414,414,60,60,60,60,60,15,15,15,15,15,15,15,15,15,15,15,15,15,15,15,15,15,15,15,15,15,15,15,15],"floor_reached":51,"playtime":2381,"items_purged":[],"score":766,"play_id":"e4d58267-5450-4c4e-8226-85089875ae87","local_time":"20190224173743","is_ascension_mode":false,"campfire_choices":[{"data":"Feed","floor":6,"key":"SMITH"},{"data":"Bash","floor":11,"key":"SMITH"},{"data":"Metallicize","floor":15,"key":"SMITH"},{"data":"RitualDagger","floor":23,"key":"SMITH"},{"data":"Bite","floor":25,"key":"SMITH"},{"data":"Bite","floor":32,"key":"SMITH"},{"data":"Barricade","floor":40,"key":"SMITH"},{"data":"Bite","floor":42,"key":"SMITH"},{"data":"Offering","floor":44,"key":"SMITH"},{"data":"Body Slam","floor":49,"key":"SMITH"}],"neow_cost":"NONE","seed_source_timestamp":770410226585112,"circlet_count":0,"master_deck":["Defend_R","Defend_R","Defend_R","Defend_R","Bash+1","Feed+1","Brutality","Metallicize+1","RitualDagger+1","Thunderclap+1","Bite+1","Bite+1","Bite+1","Bite+1","Metallicize+1","Offering+1","Barricade+1","Combust+1","Body Slam+1","True Grit+1","Sadistic Nature","Trip+1","Bandage Up+1","Bloodletting+1","Clash+1","Body Slam+1"],"relics":["Burning Blood","Bag of Preparation","Orichalcum","Art of War","Ectoplasm","Red Mask","Whetstone","Brimstone","Self Forming Clay","Pen Nib","Coffee Dripper","Unceasing Top","Toxic Egg 2","Prayer Wheel"],"potions_floor_usage":[16,50,50,50],"damage_taken":[{"damage":5,"enemies":"2 Louse","floor":1,"turns":3},{"damage":1,"enemies":"Jaw Worm","floor":2,"turns":4},{"damage":0,"enemies":"Small Slimes","floor":4,"turns":2},{"damage":12,"enemies":"Looter","floor":5,"turns":5},{"damage":11,"enemies":"Lots of Slimes","floor":7,"turns":6},{"damage":11,"enemies":"Blue Slaver","floor":10,"turns":4},{"damage":32,"enemies":"Exordium Thugs","floor":12,"turns":6},{"damage":19,"enemies":"3 Sentries","floor":13,"turns":11},{"damage":9,"enemies":"2 Fungi Beasts","floor":14,"turns":4},{"damage":45,"enemies":"The Guardian","floor":16,"turns":14},{"damage":7,"enemies":"Chosen","floor":18,"turns":4},{"damage":44,"enemies":"Masked Bandits","floor":20,"turns":6},{"damage":11,"enemies":"2 Thieves","floor":27,"turns":3},{"damage":16,"enemies":"Chosen and Byrds","floor":28,"turns":5},{"damage":10,"enemies":"Snecko","floor":29,"turns":4},{"damage":7,"enemies":"Gremlin Leader","floor":30,"turns":3},{"damage":21,"enemies":"Centurion and Healer","floor":31,"turns":4},{"damage":74,"enemies":"Champ","floor":33,"turns":8},{"damage":2,"enemies":"Orb Walker","floor":35,"turns":2},{"damage":37,"enemies":"Mind Bloom Boss Battle","floor":37,"turns":3},{"damage":12,"enemies":"3 Darklings","floor":38,"turns":5},{"damage":68,"enemies":"Nemesis","floor":41,"turns":5},{"damage":14,"enemies":"Jaw Worm Horde","floor":45,"turns":4},{"damage":12,"enemies":"Writhing Mass","floor":47,"turns":4},{"damage":10,"enemies":"Sphere and 2 Shapes","floor":48,"turns":3},{"damage":52,"enemies":"Time Eater","floor":50,"turns":6}],"seed_played":"6056976508345356896","potions_obtained":[{"floor":1,"key":"GamblersBrew"},{"floor":4,"key":"Energy Potion"},{"floor":7,"key":"LiquidBronze"},{"floor":14,"key":"EssenceOfSteel"},{"floor":18,"key":"Dexterity Potion"},{"floor":29,"key":"BloodPotion"},{"floor":37,"key":"Swift Potion"}],"is_trial":false,"path_per_floor":["M","M","?","M","M","R","M","?","T","M","R","M","?","M","R","B",null,"M","?","?","?","$","R","$","R","T","M","M","M","E","M","R","B",null,"M","?","?","M","?","R","E","R","T","R","M","?","M","M","R","B",null],"character_chosen":"IRONCLAD","items_purchased":["Whetstone","Brimstone"],"campfire_rested":0,"item_purchase_floors":[22,22],"current_hp_per_floor":[83,86,83,89,86,86,85,85,85,84,84,62,53,54,54,15,112,115,109,75,75,75,75,75,75,75,78,83,87,88,77,77,45,92,92,87,68,79,79,79,36,36,36,36,44,34,49,64,64,45],"gold":15,"neow_bonus":"ONE_RANDOM_RARE_CARD","is_prod":false,"is_daily":false,"chose_seed":false,"campfire_upgraded":10,"win_rate":0,"timestamp":1550997463,"path_taken":["M","M","?","M","M","R","M","?","T","M","R","?","?","M","R","BOSS","M","?","?","?","$","R","?","R","T","M","M","M","E","?","R","BOSS","M","?","?","?","?","R","E","R","T","R","M","?","M","M","R","BOSS"],"build_version":"2019-01-23","purchased_purges":0,"victory":true,"max_hp_per_floor":[83,86,86,89,92,92,96,96,96,100,100,104,108,112,112,112,112,116,116,120,84,84,84,84,84,84,84,88,88,88,92,92,92,92,92,87,87,87,87,87,87,87,87,87,91,91,91,95,95,95],"card_choices":[{"not_picked":["Battle Trance","Shrug It Off","Iron Wave"],"picked":"SKIP","floor":1},{"not_picked":["Intimidate","Twin Strike","Anger"],"picked":"SKIP","floor":2},{"not_picked":["Anger","Perfected Strike","Pommel Strike"],"picked":"SKIP","floor":4},{"not_picked":["Clothesline","Power Through","Ghostly Armor"],"picked":"SKIP","floor":5},{"not_picked":["Power Through","Infernal Blade","Entrench"],"picked":"SKIP","floor":7},{"not_picked":["Heavy Blade","Havoc"],"picked":"Brutality","floor":10},{"not_picked":["Evolve","Fire Breathing"],"picked":"Metallicize","floor":12},{"not_picked":["Twin Strike","Thunderclap","Anger"],"picked":"SKIP","floor":14},{"not_picked":["Flex","Evolve","Heavy Blade"],"picked":"SKIP","floor":18},{"not_picked":["Dual Wield","Flame Barrier+1"],"picked":"Thunderclap+1","floor":20},{"not_picked":["Disarm","Shrug It Off","Rupture"],"picked":"SKIP","floor":27},{"not_picked":["Body Slam","Spot Weakness","Twin Strike+1"],"picked":"SKIP","floor":28},{"not_picked":["Iron Wave","Cleave+1","Shrug It Off"],"picked":"SKIP","floor":29},{"not_picked":["Iron Wave","Cleave+1","Shrug It Off"],"picked":"SKIP","floor":29},{"not_picked":["Disarm","Pommel Strike+1"],"picked":"Metallicize+1","floor":30},{"not_picked":["Searing Blow+1","Clash+1"],"picked":"Offering","floor":31},{"not_picked":["Reaper","Limit Break"],"picked":"Barricade","floor":33},{"not_picked":["Carnage","Shrug It Off","Iron Wave+1"],"picked":"SKIP","floor":35},{"not_picked":["Flex+1","Carnage+1","Burning Pact"],"picked":"SKIP","floor":38},{"not_picked":["Twin Strike+1","Headbutt+1"],"picked":"Combust+1","floor":41},{"not_picked":["Rage+1","Whirlwind+1"],"picked":"Body Slam","floor":45},{"not_picked":["Bloodletting+1","Carnage"],"picked":"True Grit+1","floor":45},{"not_picked":["Metamorphosis+1","Bandage Up+1"],"picked":"Sadistic Nature","floor":46},{"not_picked":["PanicButton+1","Forethought+1"],"picked":"Trip+1","floor":46},{"not_picked":["Good Instincts+1","Enlightenment+1"],"picked":"Bandage Up+1","floor":46},{"not_picked":["Pommel Strike","Heavy Blade"],"picked":"Bloodletting+1","floor":47},{"not_picked":["Pommel Strike","Clothesline+1","Wild Strike"],"picked":"SKIP","floor":47},{"not_picked":["Wild Strike","Uppercut+1"],"picked":"Clash+1","floor":48},{"not_picked":["Shockwave+1","Clash"],"picked":"Body Slam+1","floor":48}],"player_experience":914245,"relics_obtained":[{"floor":9,"key":"Orichalcum"},{"floor":13,"key":"Art of War"},{"floor":20,"key":"Red Mask"},{"floor":26,"key":"Self Forming Clay"},{"floor":30,"key":"Pen Nib"},{"floor":37,"key":"Unceasing Top"},{"floor":41,"key":"Toxic Egg 2"},{"floor":43,"key":"Prayer Wheel"}],"event_choices":[{"damage_healed":0,"gold_gain":0,"player_choice":"Success","damage_taken":3,"relics_obtained":["Bag of Preparation"],"max_hp_gain":0,"max_hp_loss":0,"event_name":"Scrap Ooze","floor":3,"gold_loss":0},{"cards_removed":["Strike_R"],"damage_healed":0,"gold_gain":0,"player_choice":"Forget","damage_taken":0,"max_hp_gain":0,"max_hp_loss":0,"event_name":"Living Wall","floor":8,"gold_loss":0},{"damage_healed":0,"gold_gain":0,"player_choice":"Searched \u00271\u0027 times","damage_taken":0,"max_hp_gain":0,"max_hp_loss":0,"event_name":"Dead Adventurer","floor":13,"gold_loss":0},{"damage_healed":0,"gold_gain":0,"player_choice":"Joined the Cult","damage_taken":6,"max_hp_gain":0,"max_hp_loss":0,"event_name":"Nest","floor":19,"gold_loss":0,"cards_obtained":["RitualDagger"]},{"damage_healed":0,"gold_gain":0,"player_choice":"Fought Bandits","damage_taken":0,"max_hp_gain":0,"max_hp_loss":0,"event_name":"Masked Bandits","floor":20,"gold_loss":0},{"damage_healed":0,"gold_gain":0,"player_choice":"Became a vampire","damage_taken":0,"max_hp_gain":0,"max_hp_loss":36,"event_name":"Vampires","floor":21,"gold_loss":0,"cards_obtained":["Bite","Bite","Bite","Bite","Bite"]},{"damage_healed":0,"gold_gain":0,"player_choice":"Max HP","damage_taken":0,"max_hp_gain":0,"max_hp_loss":5,"event_name":"Winding Halls","floor":36,"gold_loss":0},{"damage_healed":0,"gold_gain":0,"player_choice":"Fight","damage_taken":0,"max_hp_gain":0,"max_hp_loss":0,"event_name":"MindBloom","floor":37,"gold_loss":0},{"cards_removed":["Bite"],"damage_healed":0,"gold_gain":0,"player_choice":"Removed Attack","damage_taken":0,"max_hp_gain":0,"max_hp_loss":0,"event_name":"Falling","floor":39,"gold_loss":0},{"damage_healed":0,"gold_gain":0,"player_choice":"Memory 3","damage_taken":10,"max_hp_gain":0,"max_hp_loss":0,"event_name":"SensoryStone","floor":46,"gold_loss":0}],"is_beta":false,"boss_relics":[{"not_picked":["Runic Dome","Orrery"],"picked":"Ectoplasm"},{"not_picked":["Eternal Feather","Fusion Hammer"],"picked":"Coffee Dripper"}],"items_purged_floors":[],"is_endless":false,"potions_floor_spawned":[1,4,7,14,18,29,30,33,37,38,41,47],"ascension_level":0}