{"gold_per_floor":[114,127,142,161,181,181,181,181,204,204,218,106,121,136,136,234,234,251,251,251,151,151,151,182,194,194,194,205,44,63,75,75,179,179,191,191,204,220,240,240,273,273,348,381,399,35,35,55,55,55],"floor_reached":51,"playtime":5095,"items_purged":["Strike_G","Strike_G","Strike_G","Die Die Die"],"score":774,"play_id":"2af7d891-edef-4529-8ac2-4aadc0fa046c","local_time":"20190210124522","is_ascension_mode":true,"campfire_choices":[{"data":"Neutralize","floor":6,"key":"SMITH"},{"data":"Sucker Punch","floor":8,"key":"SMITH"},{"data":"Infinite Blades","floor":10,"key":"SMITH"},{"data":"Footwork","floor":15,"key":"SMITH"},{"floor":23,"key":"REST"},{"floor":27,"key":"REST"},{"floor":32,"key":"REST"},{"floor":40,"key":"REST"},{"floor":42,"key":"REST"},{"floor":47,"key":"REST"},{"floor":49,"key":"REST"}],"neow_cost":"NONE","seed_source_timestamp":1815140723556976,"circlet_count":0,"master_deck":["Defend_G","Defend_G","Defend_G","Defend_G","Survivor","Neutralize+1","Escape Plan","Sucker Punch+1","Blade Dance+1","Flying Knee","Infinite Blades+1","Footwork+1","Footwork+1","Backstab","A Thousand Cuts+1","Cloak And Dagger+1","Phantasmal Killer+1","Footwork","Deflect","Leg Sweep+1","Blade Dance","Backflip","Cloak And Dagger+1","Deflect+1","Storm of Steel","Calculated Gamble","Terror+1"],"relics":["Ring of the Snake","Vajra","Astrolabe","Enchiridion","Omamori","Pear","Runic Pyramid","Centennial Puzzle","Frozen Egg 2","Question Card","Snake Skull"],"potions_floor_usage":[11,16,24,24,28,41,41,45,50,50],"damage_taken":[{"damage":0,"enemies":"Small Slimes","floor":1,"turns":4},{"damage":0,"enemies":"Cultist","floor":2,"turns":4},{"damage":0,"enemies":"2 Louse","floor":3,"turns":4},{"damage":9,"enemies":"Blue Slaver","floor":4,"turns":3},{"damage":9,"enemies":"Looter","floor":5,"turns":3},{"damage":5,"enemies":"Exordium Thugs","floor":11,"turns":3},{"damage":0,"enemies":"Exordium Wildlife","floor":13,"turns":6},{"damage":6,"enemies":"Red Slaver","floor":14,"turns":3},{"damage":4,"enemies":"Slime Boss","floor":16,"turns":10},{"damage":21,"enemies":"Chosen","floor":18,"turns":5},{"damage":37,"enemies":"Slavers","floor":24,"turns":3},{"damage":8,"enemies":"Spheric Guardian","floor":25,"turns":4},{"damage":5,"enemies":"Chosen and Byrds","floor":28,"turns":5},{"damage":5,"enemies":"Cultist and Chosen","floor":30,"turns":7},{"damage":2,"enemies":"Snake Plant","floor":31,"turns":5},{"damage":11,"enemies":"Collector","floor":33,"turns":11},{"damage":4,"enemies":"Orb Walker","floor":35,"turns":5},{"damage":28,"enemies":"3 Darklings","floor":37,"turns":6},{"damage":10,"enemies":"4 Shapes","floor":38,"turns":5},{"damage":2,"enemies":"Maw","floor":39,"turns":8},{"damage":12,"enemies":"Reptomancer","floor":41,"turns":9},{"damage":34,"enemies":"Giant Head","floor":44,"turns":12},{"damage":17,"enemies":"Jaw Worm Horde","floor":45,"turns":6},{"damage":7,"enemies":"3 Darklings","floor":48,"turns":7},{"damage":45,"enemies":"Time Eater","floor":50,"turns":18}],"seed_played":"-5101371941190859878","potions_obtained":[{"floor":3,"key":"Explosive Potion"},{"floor":4,"key":"Explosive Potion"},{"floor":5,"key":"SkillPotion"},{"floor":16,"key":"Regen Potion"},{"floor":24,"key":"Energy Potion"},{"floor":28,"key":"Dexterity Potion"},{"floor":30,"key":"Fire Potion"},{"floor":33,"key":"Poison Potion"},{"floor":39,"key":"FearPotion"},{"floor":41,"key":"LiquidBronze"},{"floor":45,"key":"Swift Potion"}],"is_trial":false,"path_per_floor":["M","M","M","M","M","R","?","R","T","R","M","$","M","M","R","B",null,"M","?","?","$","?","R","E","M","T","R","M","$","M","M","R","B",null,"M","?","M","M","M","R","E","R","T","E","M","$","R","M","R","B",null],"character_chosen":"THE_SILENT","items_purchased":["Footwork","Leg Sweep","Snake Skull","Calculated Gamble"],"campfire_rested":7,"item_purchase_floors":[12,29,46,46],"current_hp_per_floor":[70,70,70,61,52,52,52,52,52,52,47,47,47,41,41,37,70,49,33,33,33,33,54,22,14,24,48,43,43,38,36,60,49,80,76,76,48,38,36,60,48,72,72,38,21,21,45,38,62,17],"gold":55,"neow_bonus":"THREE_CARDS","is_prod":false,"is_daily":false,"chose_seed":false,"campfire_upgraded":4,"win_rate":0,"timestamp":1549802722,"path_taken":["M","M","M","M","M","R","?","R","T","R","?","$","M","M","R","BOSS","M","?","?","$","?","R","E","M","T","R","M","$","?","M","R","BOSS","M","?","M","M","?","R","E","R","T","E","?","$","R","?","R","BOSS"],"build_version":"2019-01-23","purchased_purges":4,"victory":true,"max_hp_per_floor":[70,70,70,70,70,70,70,70,70,70,70,70,70,70,70,70,70,70,70,70,70,70,70,70,70,80,80,80,80,80,80,80,80,80,80,80,80,80,80,80,80,80,80,80,80,80,80,80,80,80],"card_choices":[{"not_picked":["Expertise","Masterful Stab"],"picked":"Escape Plan","floor":0},{"not_picked":["Prepared","Heel Hook"],"picked":"Sucker Punch","floor":1},{"not_picked":["Quick Slash","Distraction"],"picked":"Blade Dance","floor":2},{"not_picked":["PiercingWail","Underhanded Strike"],"picked":"Flying Knee","floor":3},{"not_picked":["Poisoned Stab","Storm of Steel"],"picked":"Infinite Blades","floor":4},{"not_picked":["Bouncing Flask","Deflect"],"picked":"Footwork","floor":5},{"not_picked":["Flechettes","Deflect","Reflex"],"picked":"SKIP","floor":11},{"not_picked":["PiercingWail","Eviscerate","Dagger Throw"],"picked":"SKIP","floor":13},{"not_picked":["Concentrate","Well Laid Plans"],"picked":"Backstab","floor":14},{"not_picked":["Night Terror","Storm of Steel"],"picked":"Die Die Die","floor":16},{"not_picked":["Dagger Throw","Flying Knee+1","Slice"],"picked":"SKIP","floor":18},{"not_picked":["Riddle With Holes","PiercingWail"],"picked":"Footwork","floor":24},{"not_picked":["Outmaneuver+1","Endless Agony","Tactician"],"picked":"SKIP","floor":25},{"not_picked":["Predator","Bane+1"],"picked":"Deflect","floor":28},{"not_picked":["Outmaneuver","Slice"],"picked":"Blade Dance","floor":30},{"not_picked":["Catalyst","Underhanded Strike"],"picked":"Backflip","floor":31},{"not_picked":["Backflip+1","Blade Dance","Riddle With Holes"],"picked":"SKIP","floor":35},{"not_picked":["Flying Knee+1","Backflip+1"],"picked":"Cloak And Dagger+1","floor":37},{"not_picked":["Infinite Blades","Dagger Throw+1","Blade Dance+1"],"picked":"SKIP","floor":38},{"not_picked":["Predator","Flying Knee+1"],"picked":"Deflect+1","floor":39},{"not_picked":["Slice+1","Caltrops+1"],"picked":"Storm of Steel","floor":41},{"not_picked":["Flying Knee","Acrobatics","Bullet Time"],"picked":"SKIP","floor":44},{"not_picked":["Blade Dance+1","Caltrops+1","Poisoned Stab+1","Quick Slash+1"],"picked":"SKIP","floor":45},{"not_picked":["Caltrops+1","Blade Dance","Poisoned Stab"],"picked":"Terror+1","floor":48}],"player_experience":452563,"relics_obtained":[{"floor":9,"key":"Vajra"},{"floor":19,"key":"Enchiridion"},{"floor":24,"key":"Omamori"},{"floor":26,"key":"Pear"},{"floor":41,"key":"Centennial Puzzle"},{"floor":43,"key":"Frozen Egg 2"},{"floor":44,"key":"Question Card"}],"event_choices":[{"damage_healed":0,"gold_gain":0,"player_choice":"Upgraded","damage_taken":0,"max_hp_gain":0,"max_hp_loss":0,"event_name":"Upgrade Shrine","floor":7,"gold_loss":0,"cards_upgraded":["Footwork"]},{"damage_healed":0,"gold_gain":0,"player_choice":"Obtained Book","damage_taken":16,"max_hp_gain":0,"max_hp_loss":0,"event_name":"Cursed Tome","floor":19,"gold_loss":0},{"damage_healed":0,"gold_gain":0,"player_choice":"Ignored","damage_taken":0,"max_hp_gain":0,"max_hp_loss":0,"event_name":"Vampires","floor":20,"gold_loss":0},{"damage_healed":0,"gold_gain":0,"player_choice":"Forge","damage_taken":0,"max_hp_gain":0,"max_hp_loss":0,"event_name":"Accursed Blacksmith","floor":22,"gold_loss":0,"cards_upgraded":["Blade Dance"]},{"damage_healed":0,"gold_gain":0,"player_choice":"Upgraded","damage_taken":0,"max_hp_gain":0,"max_hp_loss":0,"event_name":"Upgrade Shrine","floor":36,"gold_loss":0,"cards_upgraded":["Leg Sweep"]}],"is_beta":false,"boss_relics":[{"not_picked":["Velvet Choker","White Beast Statue"],"picked":"Astrolabe"},{"not_picked":["HoveringKite","Tiny House"],"picked":"Runic Pyramid"}],"items_purged_floors":[12,21,29,46],"is_endless":false,"potions_floor_spawned":[3,4,5,16,24,28,30,33,35,39,41,45],"ascension_level":3}