{"gold_per_floor":[119,119,135,135,60,94,110,110,110,110,123,142,142,162,162,240,240,250,67,97,110,110,110,444,444,491,518,518,518,531,541,541,541],"floor_reached":33,"playtime":1216,"items_purged":["Pain","Strike_R"],"score":605,"play_id":"aa3f777d-06b1-4a74-9cd4-50dd3a092043","local_time":"20190303032919","is_ascension_mode":true,"campfire_choices":[{"data":"Bash","floor":8,"key":"SMITH"},{"data":"Cleave","floor":10,"key":"SMITH"},{"data":"Rampage","floor":13,"key":"SMITH"},{"data":"Whirlwind","floor":15,"key":"SMITH"},{"data":"Shrug It Off","floor":23,"key":"SMITH"},{"data":"Battle Trance","floor":25,"key":"SMITH"},{"floor":28,"key":"REST"},{"floor":32,"key":"REST"}],"neow_cost":"NONE","seed_source_timestamp":107936511480532,"circlet_count":0,"master_deck":["AscendersBane","Strike_R","Strike_R","Defend_R","Defend_R","Defend_R","Defend_R","Bash+1","Battle Trance+1","Cleave+1","Rage","Rampage+1","Whirlwind+1","Juggernaut+1","Shrug It Off+1","Metallicize+1","Disarm+1","Anger+1","Cleave","Barricade+1"],"relics":["Burning Blood","NeowsBlessing","WarpedTongs","Pear","Frozen Egg 2","Happy Flower","Empty Cage","Red Mask","Old Coin","Strawberry","Bag of Marbles"],"potions_floor_usage":[16,16,30,30],"damage_taken":[{"damage":0,"enemies":"2 Louse","floor":1,"turns":1},{"damage":0,"enemies":"Cultist","floor":3,"turns":1},{"damage":0,"enemies":"Lagavulin","floor":6,"turns":1},{"damage":7,"enemies":"Jaw Worm","floor":7,"turns":3},{"damage":8,"enemies":"Blue Slaver","floor":11,"turns":3},{"damage":14,"enemies":"Large Slime","floor":12,"turns":4},{"damage":0,"enemies":"2 Fungi Beasts","floor":14,"turns":2},{"damage":20,"enemies":"Slime Boss","floor":16,"turns":6},{"damage":16,"enemies":"Chosen","floor":18,"turns":4},{"damage":14,"enemies":"Masked Bandits","floor":20,"turns":3},{"damage":6,"enemies":"Spheric Guardian","floor":21,"turns":4},{"damage":29,"enemies":"Slavers","floor":24,"turns":5},{"damage":39,"enemies":"Gremlin Leader","floor":27,"turns":7},{"damage":48,"enemies":"Cultist and Chosen","floor":30,"turns":5},{"damage":6,"enemies":"3 Cultists","floor":31,"turns":3},{"damage":40,"enemies":"Collector","floor":33,"turns":3}],"seed_played":"-3628141634610493792","potions_obtained":[{"floor":1,"key":"AttackPotion"},{"floor":3,"key":"Fire Potion"},{"floor":18,"key":"BloodPotion"},{"floor":27,"key":"SpeedPotion"}],"is_trial":false,"path_per_floor":["M","?","M","?","$","E","M","R","T","R","M","M","R","M","R","B",null,"M","$","?","M","?","R","E","R","T","E","R","?","M","M","R","B"],"character_chosen":"IRONCLAD","items_purchased":["Metallicize+1"],"campfire_rested":2,"item_purchase_floors":[19],"current_hp_per_floor":[74,74,75,80,80,85,84,84,84,84,82,74,74,80,80,66,80,70,70,62,62,62,62,39,39,46,13,40,40,7,7,34,0],"gold":541,"neow_bonus":"THREE_ENEMY_KILL","is_prod":false,"is_daily":false,"chose_seed":false,"campfire_upgraded":6,"win_rate":0,"timestamp":1551551359,"path_taken":["M","?","?","?","$","E","M","R","T","R","M","M","R","M","R","BOSS","M","$","?","M","?","R","E","R","T","E","R","?","M","M","R","BOSS"],"build_version":"2019-01-23","purchased_purges":2,"victory":false,"max_hp_per_floor":[75,75,75,85,85,85,85,85,85,85,85,85,85,85,85,85,85,85,85,85,85,85,85,85,85,92,92,92,92,92,92,92,92],"card_choices":[{"not_picked":["Seeing Red","Second Wind"],"picked":"Battle Trance","floor":1},{"not_picked":["Pommel Strike","Rupture"],"picked":"Cleave","floor":3},{"not_picked":["Thunderclap","Seeing Red"],"picked":"Rage","floor":6},{"not_picked":["Twin Strike","Sword Boomerang","Pummel"],"picked":"SKIP","floor":7},{"not_picked":["Twin Strike","Corruption+1"],"picked":"Rampage","floor":11},{"not_picked":["Clash","Sword Boomerang"],"picked":"Whirlwind","floor":12},{"not_picked":["Anger","Reaper","Pummel"],"picked":"SKIP","floor":14},{"not_picked":["Offering","Double Tap"],"picked":"Juggernaut+1","floor":16},{"not_picked":["Thunderclap+1","Clothesline"],"picked":"Shrug It Off","floor":18},{"not_picked":["Bludgeon","Second Wind"],"picked":"Disarm+1","floor":20},{"not_picked":["Iron Wave","Wild Strike"],"picked":"Anger+1","floor":21},{"not_picked":["Corruption+1","Dropkick"],"picked":"Cleave","floor":24},{"not_picked":["Second Wind","Bludgeon"],"picked":"Barricade+1","floor":27},{"not_picked":["Iron Wave","Hemokinesis","Twin Strike"],"picked":"SKIP","floor":30},{"not_picked":["Reckless Charge","Pommel Strike","Whirlwind"],"picked":"SKIP","floor":31}],"player_experience":1025282,"relics_obtained":[{"floor":6,"key":"Frozen Egg 2"},{"floor":9,"key":"Happy Flower"},{"floor":20,"key":"Red Mask"},{"floor":24,"key":"Old Coin"},{"floor":26,"key":"Strawberry"},{"floor":27,"key":"Bag of Marbles"}],"event_choices":[{"damage_healed":0,"gold_gain":0,"player_choice":"Rummage","damage_taken":0,"relics_obtained":["WarpedTongs"],"max_hp_gain":0,"max_hp_loss":0,"event_name":"Accursed Blacksmith","floor":2,"gold_loss":0,"cards_obtained":["Pain"]},{"damage_healed":0,"gold_gain":0,"player_choice":"Success","damage_taken":5,"relics_obtained":["Pear"],"max_hp_gain":0,"max_hp_loss":0,"event_name":"Scrap Ooze","floor":4,"gold_loss":0},{"damage_healed":0,"gold_gain":0,"player_choice":"Fought Bandits","damage_taken":0,"max_hp_gain":0,"max_hp_loss":0,"event_name":"Masked Bandits","floor":20,"gold_loss":0},{"damage_healed":0,"gold_gain":0,"player_choice":"Ignored","damage_taken":0,"max_hp_gain":0,"max_hp_loss":0,"event_name":"Cursed Tome","floor":22,"gold_loss":0},{"damage_healed":0,"gold_gain":0,"player_choice":"Ignored","damage_taken":0,"max_hp_gain":0,"max_hp_loss":0,"event_name":"The Mausoleum","floor":29,"gold_loss":0}],"is_beta":false,"boss_relics":[{"not_picked":["Mark of Pain","Black Star"],"picked":"Empty Cage"}],"items_purged_floors":[5,19],"is_endless":false,"potions_floor_spawned":[1,3,6,12,14,18,27],"killed_by":"Collector","ascension_level":19}