{"path_per_floor":["M","M","M","?","M","R","M","$","T","?","B",null,"M","?","?","$","M","R","?","M","T","M","R","?","R","M","R","B",null,"M","M","?"],"character_chosen":"THE_SILENT","items_purchased":["Noxious Fumes","Caltrops"],"gold_per_floor":[114,126,144,144,159,159,179,32,57,57,19,19,0,0,0,0,11,11,11,29,29,48,48,48,48,59,59,161,161,178,191,191],"floor_reached":33,"campfire_rested":6,"playtime":2711,"current_hp_per_floor":[68,68,65,58,38,59,36,36,36,36,17,70,60,60,60,60,30,51,51,12,12,8,29,29,50,36,57,7,70,49,23,23],"items_purged":["Strike_G"],"gold":191,"score":318,"play_id":"6feabcb7-42b5-435e-b083-5f66a95a929c","is_prod":false,"is_daily":false,"is_ascension_mode":true,"campfire_upgraded":0,"path_taken":["M","?","?","?","?","R","M","$","T","?","?","?","?","$","R","BOSS","M","?","?","$","M","R","?","M","T","M","R","?","R","M","R","BOSS","M","M","?","M"],"build_version":"2018-02-15-PROD1","purchased_purges":1,"victory":false,"master_deck":["Defend_G","Defend_G","Defend_G","Defend_G","Survivor","Neutralize","Caltrops","Calculated Gamble","Concentrate","Poisoned Stab","Backflip","Dodge and Roll","Noxious Fumes","Expertise","Caltrops","Bullet Time","Noxious Fumes","Writhe","Bouncing Flask+1","PiercingWail+1","Caltrops+1","Sucker Punch","Adrenaline","Tactician+1","Bouncing Flask+1","Deflect+1","PiercingWail+1"],"max_hp_per_floor":[70,70,70,70,70,70,70,70,70,70,70,70,70,70,70,70,70,70,70,70,70,70,70,70,70,70,70,70,70,70,70,70],"relics":["Ring of the Snake","Art of War","Question Card","Snake Skull","Pen Nib","Astrolabe"],"card_choices":[{"not_picked":["Quick Slash","Concentrate"],"picked":"Caltrops"},{"not_picked":["Blade Dance","Concentrate"],"picked":"Calculated Gamble"},{"not_picked":["Flying Knee","Outmaneuver"],"picked":"Concentrate"},{"not_picked":["Deflect","Outmaneuver"],"picked":"Poisoned Stab"},{"not_picked":["Flechettes","Slice"],"picked":"Backflip"},{"not_picked":["Eviscerate","Deflect"],"picked":"Dodge and Roll"},{"not_picked":["Die Die Die","Tactician"],"picked":"Bullet Time"},{"not_picked":["Accuracy","Setup","Outmaneuver"],"picked":"Bouncing Flask"},{"not_picked":["Malaise","Deflect","Dagger Throw"],"picked":"PiercingWail"},{"not_picked":["Dagger Throw","Sucker Punch","Concentrate"],"picked":"Caltrops"},{"not_picked":["Backstab","Bouncing Flask","Slice"],"picked":"Sucker Punch"},{"not_picked":["Venomology","Burst","Doppelganger"],"picked":"Adrenaline"},{"not_picked":["Prepared","Dagger Throw","Infinite Blades"],"picked":"PiercingWail"}],"player_experience":183847,"potions_floor_usage":[28,28],"damage_taken":[{"damage":2.0,"enemies":"Cultist","floor":1.0,"turns":5.0},{"damage":0.0,"enemies":"2 Louse","floor":2.0,"turns":3.0},{"damage":3.0,"enemies":"Jaw Worm","floor":3.0,"turns":6.0},{"damage":20.0,"enemies":"Gremlin Gang","floor":5.0,"turns":5.0},{"damage":23.0,"enemies":"3 Louse","floor":7.0,"turns":4.0},{"damage":4.0,"enemies":"Blue Slaver","floor":11.0,"turns":5.0},{"damage":36.0,"enemies":"Slime Boss","floor":11.0,"turns":13.0},{"damage":10.0,"enemies":"2 Thieves","floor":13.0,"turns":4.0},{"damage":30.0,"enemies":"3 Byrds","floor":17.0,"turns":4.0},{"damage":39.0,"enemies":"Snake Plant","floor":20.0,"turns":4.0},{"damage":4.0,"enemies":"Centurion and Healer","floor":22.0,"turns":8.0},{"damage":14,"enemies":"3 Cultists","floor":26,"turns":4},{"damage":50,"enemies":"Automaton","floor":28,"turns":10},{"damage":21,"enemies":"Orb Walker","floor":30,"turns":4},{"damage":26,"enemies":"3 Darklings","floor":31,"turns":10},{"damage":29,"enemies":"Maw","floor":33,"turns":6}],"event_choices":[{"event_name":"Golden Wing","player_choice":"Card Removal","floor":4.0,"damage_taken":0.0},{"event_name":"Living Wall","player_choice":"Change","floor":10.0,"damage_taken":0.0},{"event_name":"Shining Light","player_choice":"Ignored","floor":11.0,"damage_taken":0.0},{"event_name":"The Lab","player_choice":"Got Potions","floor":11.0,"damage_taken":0.0},{"event_name":"The Library","player_choice":"Read","floor":14.0,"damage_taken":0.0},{"event_name":"The Mausoleum","player_choice":"Yes","floor":15.0,"damage_taken":0.0},{"event_name":"Addict","player_choice":"Ignored","floor":19.0,"damage_taken":0.0},{"event_name":"Vampires","player_choice":"Ignored","floor":24.0,"damage_taken":0.0},{"event_name":"The Moai Head","player_choice":"Ignored","floor":32,"damage_taken":0}],"boss_relics":[{"not_picked":["Runic Pyramid","Pandora\u0027s Box"],"picked":"Astrolabe"}],"potions_floor_spawned":[1,2,3,17,20,26],"seed_played":"6748180043964214056","killed_by":"Maw","ascension_level":2,"is_trial":false}