{"path_per_floor":["M","M","$","?","M","R","E","?","T","M","R","$","M","?","R","B",null,"M","?","M","$","?","M","R","T","T","R","M","E","R","M","R"],"character_chosen":"IRONCLAD","items_purchased":["Sword Boomerang","Shrug It Off","Sword Boomerang","Armaments","Limit Break"],"gold_per_floor":[119,136,113,113,127,127,157,157,180,190,190,41,57,57,57,153,153,170,170,181,27,27,43,43,70,70,70,86,144,144,164,164],"floor_reached":33,"campfire_rested":3,"playtime":1160,"current_hp_per_floor":[80,80,80,80,74,74,40,33,33,39,39,39,45,29,53,19,80,50,50,43,43,43,38,38,38,45,45,15,12,38,33,59],"items_purged":["Normality"],"gold":164,"score":318,"play_id":"da985c30-6272-4ddd-813d-68de13ac4ace","local_time":"20180317201814","is_prod":false,"is_daily":false,"is_ascension_mode":true,"campfire_upgraded":4,"timestamp":1521332294,"path_taken":["M","M","$","?","?","R","E","?","T","M","R","$","M","?","R","BOSS","M","?","M","$","?","M","R","?","T","R","M","E","R","M","R","BOSS"],"build_version":"2018-03-15v3","purchased_purges":1,"victory":false,"master_deck":["Strike_R","Strike_R+1","Strike_R","Strike_R","Defend_R","Defend_R+1","Defend_R+1","Defend_R","Bash","Inflame+1","Body Slam","Sword Boomerang+1","Immolate","Inflame","Headbutt","Shrug It Off","Sword Boomerang+1","Armaments","Sword Boomerang","Fiend Fire","Clumsy","Injury","Heavy Blade","Whirlwind","Spot Weakness","Limit Break+1","Flex","Whirlwind+1","Pummel+1","Flex+1"],"max_hp_per_floor":[80,80,80,80,80,80,80,80,80,80,80,80,80,80,80,80,80,80,80,80,80,80,80,80,80,87,87,87,87,87,87,87],"relics":["Burning Blood","Lantern","Matryoshka","Anchor","War Paint","Dream Catcher","Calling Bell","Paper Frog","Magic Flower","Prayer Wheel","Bag of Marbles","Blood Vial","Strawberry","Tiny Chest"],"card_choices":[{"not_picked":["Sentinel","Blood for Blood"],"picked":"Inflame"},{"not_picked":["Shockwave","Wild Strike"],"picked":"Body Slam"},{"not_picked":["Perfected Strike","Dual Wield"],"picked":"Inflame"},{"not_picked":["True Grit","Feel No Pain"],"picked":"Headbutt"},{"not_picked":["Armaments","Warcry"],"picked":"Sword Boomerang"},{"not_picked":["Reaper","Feed"],"picked":"Fiend Fire"},{"not_picked":["Anger","Armaments"],"picked":"Heavy Blade"},{"not_picked":["Flame Barrier","Twin Strike"],"picked":"Spot Weakness"},{"not_picked":["Uppercut","Bludgeon"],"picked":"Flex"},{"not_picked":["Clothesline","Metallicize"],"picked":"Whirlwind"},{"not_picked":["Combust","Wild Strike"],"picked":"Pummel"},{"not_picked":["Second Wind","True Grit"],"picked":"Flex"}],"player_experience":285956,"potions_floor_usage":[16,23,23,29],"damage_taken":[{"damage":0,"enemies":"2 Louse","floor":1,"turns":3},{"damage":1,"enemies":"Cultist","floor":2,"turns":3},{"damage":12,"enemies":"Jaw Worm","floor":5,"turns":2},{"damage":40,"enemies":"Lagavulin","floor":7,"turns":5},{"damage":0,"enemies":"Red Slaver","floor":10,"turns":2},{"damage":0,"enemies":"Looter","floor":13,"turns":2},{"damage":40,"enemies":"The Guardian","floor":16,"turns":7},{"damage":39,"enemies":"2 Thieves","floor":18,"turns":4},{"damage":16,"enemies":"Shell Parasite","floor":20,"turns":4},{"damage":14,"enemies":"Snake Plant","floor":23,"turns":2},{"damage":42,"enemies":"Cultist and Chosen","floor":28,"turns":5},{"damage":15,"enemies":"Book of Stabbing","floor":29,"turns":3},{"damage":17,"enemies":"Centurion and Healer","floor":31,"turns":3},{"damage":101,"enemies":"Automaton","floor":33,"turns":6}],"event_choices":[{"event_name":"Transmorgrifier","player_choice":"Transform","floor":4,"damage_taken":0},{"event_name":"Scrap Ooze","player_choice":"success","floor":8,"damage_taken":7},{"event_name":"Shining Light","player_choice":"Entered Light","floor":14,"damage_taken":0},{"event_name":"The Library","player_choice":"Read","floor":19,"damage_taken":0},{"event_name":"Drug Dealer","player_choice":"Ignored","floor":22,"damage_taken":0}],"boss_relics":[{"not_picked":["Pandora\u0027s Box","Eternal Feather"],"picked":"Calling Bell"}],"potions_floor_spawned":[1,2,16,18,31],"seed_played":"7268028627588358535","killed_by":"Automaton","ascension_level":4,"is_trial":false}