{"path_per_floor":["M","M","?","M","M","R","M","E","T","$","$","R","M","M","R","B",null,"M","M","T","M","$","R","M","R","T","M","?","M","?","M","R","B",null,"M","M","$","M","$","R","E","M","T","M","R","M","?","M","R"],"character_chosen":"IRONCLAD","items_purchased":["Clothesline","Armaments","Twin Strike","Lantern","Gremlin Horn"],"gold_per_floor":[110,126,126,145,162,162,173,208,263,191,142,142,158,175,175,273,273,287,300,300,313,161,161,179,179,179,194,194,214,129,142,142,238,238,257,274,14,29,29,29,54,72,72,83,83,102,102,121,121],"floor_reached":50,"campfire_rested":5,"playtime":5175,"current_hp_per_floor":[80,80,80,77,73,73,63,32,32,32,32,56,55,61,61,27,80,62,55,55,29,29,53,45,69,69,80,64,70,70,76,76,39,80,75,58,58,41,41,65,69,45,45,36,60,69,69,68,68],"items_purged":[],"gold":121,"score":483,"play_id":"f4b67c73-ed9f-4d4f-8f97-2472ecb342c6","is_prod":false,"is_daily":false,"is_ascension_mode":false,"campfire_upgraded":4,"path_taken":["M","M","?","M","?","R","M","E","T","?","$","R","?","M","R","BOSS","M","?","?","M","$","R","M","R","T","M","?","M","?","M","R","BOSS","M","?","$","M","?","R","E","M","T","?","R","M","?","?","R","BOSS"],"build_version":"2018-02-22-PROD2","purchased_purges":0,"victory":false,"master_deck":["Strike_R","Strike_R","Strike_R","Strike_R","Strike_R","Defend_R","Defend_R","Defend_R","Defend_R","Bash","Perfected Strike+1","Headbutt","Seeing Red+1","Twin Strike","Uppercut","Body Slam","Clothesline","Twin Strike","Twin Strike","Reaper+1","Impervious","Fire Breathing+1","Pommel Strike+1","Pommel Strike","Cleave+1","Inflame","Necronomicurse","Sever Soul","Perfected Strike+1","Barricade+1","Thunderclap+1","Headbutt+1","Perfected Strike","Twin Strike","Armaments+1","Inflame+1","Pummel","Dual Wield+1"],"max_hp_per_floor":[80,80,80,80,80,80,80,80,80,80,80,80,80,80,80,80,80,80,80,80,80,80,80,80,80,80,80,80,80,80,80,80,80,80,80,80,80,80,80,80,80,80,80,80,80,80,80,80,80],"relics":["Burning Blood","Champion Belt","Orichalcum","White Beast Statue","Unceasing Top","Lantern","Thread and Needle","Necronomicon","Frozen Egg 2","Lizard Tail","Gremlin Horn","Toolbox","Magic Flower"],"card_choices":[{"not_picked":["Anger","Flex"],"picked":"Perfected Strike"},{"not_picked":["Clash","Pommel Strike"],"picked":"Headbutt"},{"not_picked":["True Grit","Rupture"],"picked":"Seeing Red"},{"not_picked":["Flame Barrier","Iron Wave"],"picked":"Twin Strike"},{"not_picked":["Cleave","Warcry"],"picked":"Uppercut"},{"not_picked":["Sever Soul","True Grit"],"picked":"Body Slam"},{"not_picked":["Clash","Headbutt"],"picked":"Twin Strike"},{"not_picked":["Rampage","Cleave"],"picked":"Reaper"},{"not_picked":["Brutality","Dark Embrace"],"picked":"Impervious"},{"not_picked":["Searing Blow","Hemokinesis"],"picked":"Fire Breathing"},{"not_picked":["Clothesline","Cleave"],"picked":"Pommel Strike"},{"not_picked":["Power Through","Clash"],"picked":"Pommel Strike"},{"not_picked":["Iron Wave","Thunderclap"],"picked":"Cleave"},{"not_picked":["Rampage","Metallicize"],"picked":"Inflame"},{"not_picked":["Cleave","Armaments"],"picked":"Sever Soul"},{"not_picked":["Anger","Twin Strike"],"picked":"Perfected Strike"},{"not_picked":["Double Tap","Juggernaut"],"picked":"Barricade"},{"not_picked":["Iron Wave","Body Slam"],"picked":"Thunderclap"},{"not_picked":["Armaments","Clothesline"],"picked":"Headbutt"},{"not_picked":["Uppercut","Cleave"],"picked":"Perfected Strike"},{"not_picked":["Shrug It Off","Juggernaut"],"picked":"Twin Strike"},{"not_picked":["Blood for Blood","Clothesline"],"picked":"Armaments"},{"not_picked":["Armaments","Sword Boomerang"],"picked":"Inflame"},{"not_picked":["Shrug It Off","Armaments"],"picked":"Pummel"},{"not_picked":["Reckless Charge","Warcry"],"picked":"Dual Wield"}],"player_experience":0,"potions_floor_usage":[18,19,21,21,27,31,31,31,33,36,38,44,44,44,46,50,50],"damage_taken":[{"damage":6,"enemies":"Jaw Worm","floor":1,"turns":3},{"damage":6,"enemies":"Cultist","floor":2,"turns":3},{"damage":9,"enemies":"2 Louse","floor":4,"turns":2},{"damage":10,"enemies":"Looter","floor":5,"turns":2},{"damage":16,"enemies":"Large Slime","floor":7,"turns":5},{"damage":37,"enemies":"Gremlin Nob","floor":8,"turns":5},{"damage":7,"enemies":"3 Louse","floor":13,"turns":3},{"damage":0,"enemies":"Looter","floor":14,"turns":2},{"damage":40,"enemies":"The Guardian","floor":16,"turns":12},{"damage":29,"enemies":"3 Byrds","floor":18,"turns":8},{"damage":19,"enemies":"2 Thieves","floor":19,"turns":4},{"damage":32,"enemies":"Slaver and Parasite","floor":21,"turns":8},{"damage":14,"enemies":"Snake Plant","floor":24,"turns":3},{"damage":3,"enemies":"Centurion and Healer","floor":27,"turns":6},{"damage":0,"enemies":"3 Cultists","floor":29,"turns":4},{"damage":0,"enemies":"Chosen and Byrds","floor":31,"turns":3},{"damage":43,"enemies":"Champ","floor":33,"turns":6},{"damage":11,"enemies":"3 Shapes","floor":35,"turns":5},{"damage":23,"enemies":"3 Darklings","floor":36,"turns":6},{"damage":23,"enemies":"4 Shapes","floor":38,"turns":4},{"damage":2,"enemies":"2 Orb Walkers","floor":41,"turns":3},{"damage":30,"enemies":"Sphere and 2 Shapes","floor":42,"turns":3},{"damage":23,"enemies":"3 Darklings","floor":44,"turns":4},{"damage":0,"enemies":"4 Shapes","floor":46,"turns":6},{"damage":10,"enemies":"Maw","floor":48,"turns":6},{"damage":189,"enemies":"Awakened One","floor":50,"turns":13}],"event_choices":[{"event_name":"Upgrade Shrine","player_choice":"Upgraded","floor":3,"damage_taken":0},{"event_name":"Cursed Tome","player_choice":"Obtained Book","floor":28,"damage_taken":0},{"event_name":"Addict","player_choice":"Obtained Relic","floor":30,"damage_taken":0}],"boss_relics":[{"not_picked":["Ectoplasm","Philosopher\u0027s Stone"],"picked":"White Beast Statue"},{"not_picked":["Question Card","Cursed Key"],"picked":"Lizard Tail"}],"potions_floor_spawned":[2,13,18,19,21,24,27,29,31,33,35,36,38,41,42,44,46,48],"seed_played":"6170191716236519286","killed_by":"Awakened One","ascension_level":0,"is_trial":false}