{"gold_per_floor":[214,174,189,206,206,237,237,249,249,249],"floor_reached":10,"playtime":379,"items_purged":[],"score":82,"play_id":"c1ba49b6-aae0-414d-8c9f-7f00eee63e7c","local_time":"20190221194518","is_ascension_mode":true,"campfire_choices":[{"data":"Creative AI","floor":7,"key":"SMITH"}],"neow_cost":"NONE","seed_source_timestamp":613494742251200,"circlet_count":0,"master_deck":["Strike_B","Strike_B","Strike_B","Strike_B","Defend_B","Defend_B","Defend_B","Defend_B","Zap","Dualcast","Storm","Turbo","Beam Cell","Regret","Creative AI+1","Leap"],"relics":["Cracked Core","Boot","Dodecahedron","Bottled Flame"],"potions_floor_usage":[4,6,10],"damage_taken":[{"damage":5,"enemies":"2 Louse","floor":1,"turns":3},{"damage":1,"enemies":"Cultist","floor":3,"turns":3},{"damage":0,"enemies":"Small Slimes","floor":4,"turns":2},{"damage":24,"enemies":"Lagavulin","floor":6,"turns":6},{"damage":16,"enemies":"2 Fungi Beasts","floor":8,"turns":4},{"damage":35,"enemies":"Gremlin Nob","floor":10,"turns":4}],"seed_played":"5309849272331079009","potions_obtained":[{"floor":2,"key":"SkillPotion"},{"floor":2,"key":"GamblersBrew"},{"floor":2,"key":"FocusPotion"},{"floor":4,"key":"Strength Potion"},{"floor":6,"key":"Poison Potion"}],"is_trial":false,"path_per_floor":["M","?","M","M","?","E","R","M","T","E"],"character_chosen":"DEFECT","items_purchased":[],"campfire_rested":0,"item_purchase_floors":[],"current_hp_per_floor":[70,70,69,69,69,45,45,29,29,0],"gold":249,"neow_bonus":"HUNDRED_GOLD","is_prod":false,"is_daily":false,"chose_seed":false,"campfire_upgraded":1,"win_rate":0,"timestamp":1550796318,"path_taken":["M","?","?","M","?","E","R","M","T","E"],"build_version":"2019-01-23","purchased_purges":0,"victory":false,"max_hp_per_floor":[75,75,75,75,75,75,75,75,75,75],"card_choices":[{"not_picked":["Redo","Barrage"],"picked":"Storm","floor":1},{"not_picked":["Reprogram","Stack"],"picked":"Turbo","floor":3},{"not_picked":["Barrage","Blizzard"],"picked":"Beam Cell","floor":4},{"not_picked":["Turbo","Steam Power"],"picked":"Creative AI","floor":6},{"not_picked":["Turbo","Hologram"],"picked":"Leap","floor":8}],"player_experience":515766,"relics_obtained":[{"floor":6,"key":"Dodecahedron"},{"floor":9,"key":"Bottled Flame"}],"event_choices":[{"damage_healed":0,"gold_gain":0,"player_choice":"Bought 3 Potions","damage_taken":0,"max_hp_gain":0,"max_hp_loss":0,"event_name":"The Woman in Blue","floor":2,"gold_loss":0},{"damage_healed":0,"gold_gain":0,"player_choice":"Box","damage_taken":0,"relics_obtained":["Boot"],"max_hp_gain":0,"max_hp_loss":0,"event_name":"Big Fish","floor":5,"gold_loss":0,"cards_obtained":["Regret"]}],"is_beta":false,"boss_relics":[],"items_purged_floors":[],"is_endless":false,"potions_floor_spawned":[3,4,6],"killed_by":"Gremlin Nob","ascension_level":4}