{"gold_per_floor":[216,179,179,195,195,235,235,278,578,578,578,450,450,473,473,594,594,613,128,152,251,287,330,330,346,346,361,361,209,209,209,209,209],"floor_reached":33,"playtime":1705,"items_purged":[],"score":363,"play_id":"d5501f5c-1db6-4c34-929f-ab4cddb97399","local_time":"20190209085025","is_ascension_mode":true,"campfire_choices":[{"floor":7,"key":"REST"},{"floor":11,"key":"REST"},{"floor":15,"key":"REST"},{"floor":24,"key":"REST"},{"floor":28,"key":"REST"},{"data":"Bash","floor":32,"key":"SMITH"}],"neow_cost":"NONE","seed_source_timestamp":1426214905985700,"circlet_count":0,"master_deck":["Strike_R","Strike_R","Strike_R","Strike_R+1","Strike_R","Defend_R","Defend_R","Defend_R","Defend_R","Bash+1","Inflame+1","Seeing Red","Heavy Blade+1","Iron Wave","Reaper","Twin Strike","Impervious","Infernal Blade","Sword Boomerang","Flex","Whirlwind","Double Tap","Flex","Uppercut","Twin Strike+1","Writhe","Demon Form+1"],"relics":["Burning Blood","Peace Pipe","Golden Idol","Bottled Tornado","Anchor","Old Coin","Orrery","Red Skull","Matryoshka","Red Mask","PreservedInsect","Frozen Egg 2","Centennial Puzzle","Strawberry","Pen Nib"],"potions_floor_usage":[6,16,16,16,20,33,33],"damage_taken":[{"damage":1,"enemies":"2 Louse","floor":1,"turns":3},{"damage":0,"enemies":"Small Slimes","floor":4,"turns":3},{"damage":39,"enemies":"Lagavulin","floor":6,"turns":7},{"damage":31,"enemies":"Gremlin Nob","floor":8,"turns":4},{"damage":0,"enemies":"Cultist","floor":14,"turns":2},{"damage":27,"enemies":"Hexaghost","floor":16,"turns":7},{"damage":12,"enemies":"Chosen","floor":18,"turns":4},{"damage":7,"enemies":"3 Byrds","floor":20,"turns":4},{"damage":75,"enemies":"Masked Bandits","floor":22,"turns":6},{"damage":25,"enemies":"Slavers","floor":23,"turns":5},{"damage":14,"enemies":"Centurion and Healer","floor":25,"turns":5},{"damage":28,"enemies":"Cultist and Chosen","floor":27,"turns":6},{"damage":120,"enemies":"Collector","floor":33,"turns":6}],"seed_played":"-2843284092200949404","potions_obtained":[{"floor":1,"key":"SpeedPotion"},{"floor":4,"key":"Block Potion"},{"floor":16,"key":"LiquidBronze"},{"floor":22,"key":"SteroidPotion"},{"floor":23,"key":"Dexterity Potion"},{"floor":27,"key":"SkillPotion"}],"is_trial":false,"path_per_floor":["M","$","?","M","?","E","R","E","T","?","R","$","?","M","R","B",null,"M","$","M","?","?","E","R","M","T","M","R","$","?","?","R","B"],"character_chosen":"IRONCLAD","items_purchased":["Seeing Red","Explosive Potion","Poison Potion","Twin Strike","Red Skull","Matryoshka","Whirlwind","Strawberry"],"campfire_rested":5,"item_purchase_floors":[2,12,12,12,19,19,19,29],"current_hp_per_floor":[77,77,59,65,65,32,54,29,29,14,36,36,36,42,64,43,66,60,60,66,66,15,32,54,46,46,34,56,63,63,63,63,0],"gold":209,"neow_bonus":"HUNDRED_GOLD","is_prod":false,"is_daily":false,"chose_seed":false,"campfire_upgraded":1,"win_rate":0,"timestamp":1549720225,"path_taken":["M","$","?","M","?","E","R","E","T","?","R","$","?","M","R","BOSS","M","$","?","?","?","E","R","M","T","M","R","$","?","?","R","BOSS"],"build_version":"2019-01-23","purchased_purges":0,"victory":false,"max_hp_per_floor":[80,80,80,80,74,74,74,74,74,74,74,74,74,74,74,74,74,74,74,74,74,74,74,74,74,74,74,74,81,81,81,81,81],"card_choices":[{"not_picked":["Warcry","Clothesline"],"picked":"Inflame","floor":1},{"not_picked":["Wild Strike","Infernal Blade"],"picked":"Heavy Blade","floor":4},{"not_picked":["Wild Strike","Anger"],"picked":"Iron Wave","floor":6},{"not_picked":["Body Slam","Thunderclap"],"picked":"Reaper","floor":8},{"not_picked":["True Grit","Second Wind","Thunderclap"],"picked":"SKIP","floor":14},{"not_picked":["Exhume","Brutality"],"picked":"Impervious","floor":16},{"not_picked":["Body Slam","Thunderclap"],"picked":"Infernal Blade","floor":17},{"not_picked":["Twin Strike","Feel No Pain"],"picked":"Sword Boomerang","floor":17},{"not_picked":["Iron Wave","Shrug It Off"],"picked":"Flex","floor":18},{"not_picked":["Sword Boomerang","Entrench"],"picked":"Double Tap","floor":20},{"not_picked":["Iron Wave+1","Rage"],"picked":"Flex","floor":22},{"not_picked":["Iron Wave","Power Through"],"picked":"Uppercut","floor":23},{"not_picked":["Blood for Blood+1","Wild Strike","Sword Boomerang"],"picked":"SKIP","floor":25},{"not_picked":["Shockwave","Evolve+1"],"picked":"Twin Strike+1","floor":27}],"player_experience":458477,"relics_obtained":[{"floor":6,"key":"Bottled Tornado"},{"floor":8,"key":"Anchor"},{"floor":9,"key":"Old Coin"},{"floor":22,"key":"Red Mask"},{"floor":23,"key":"PreservedInsect"},{"floor":26,"key":"Frozen Egg 2"},{"floor":26,"key":"Centennial Puzzle"}],"event_choices":[{"damage_healed":0,"gold_gain":0,"player_choice":"Success","damage_taken":18,"relics_obtained":["Peace Pipe"],"max_hp_gain":0,"max_hp_loss":0,"event_name":"Scrap Ooze","floor":3,"gold_loss":0},{"damage_healed":0,"gold_gain":0,"player_choice":"Lose Max HP","damage_taken":0,"relics_obtained":["Golden Idol"],"max_hp_gain":0,"max_hp_loss":6,"event_name":"Golden Idol","floor":5,"gold_loss":0},{"damage_healed":0,"gold_gain":0,"player_choice":"Entered Light","damage_taken":15,"max_hp_gain":0,"max_hp_loss":0,"event_name":"Shining Light","floor":10,"gold_loss":0,"cards_upgraded":["Strike_R","Inflame"]},{"damage_healed":0,"gold_gain":0,"player_choice":"Upgraded","damage_taken":0,"max_hp_gain":0,"max_hp_loss":0,"event_name":"Upgrade Shrine","floor":13,"gold_loss":0,"cards_upgraded":["Heavy Blade"]},{"damage_healed":0,"gold_gain":99,"player_choice":"Stole From Cult","damage_taken":0,"max_hp_gain":0,"max_hp_loss":0,"event_name":"Nest","floor":21,"gold_loss":0},{"damage_healed":0,"gold_gain":0,"player_choice":"Fought Bandits","damage_taken":0,"max_hp_gain":0,"max_hp_loss":0,"event_name":"Masked Bandits","floor":22,"gold_loss":0},{"damage_healed":0,"gold_gain":0,"player_choice":"Opened","damage_taken":0,"relics_obtained":["Pen Nib"],"max_hp_gain":0,"max_hp_loss":0,"event_name":"The Mausoleum","floor":30,"gold_loss":0,"cards_obtained":["Writhe"]},{"damage_healed":0,"gold_gain":0,"player_choice":"1 cards matched","damage_taken":0,"max_hp_gain":0,"max_hp_loss":0,"event_name":"Match and Keep!","floor":31,"gold_loss":0,"cards_obtained":["Demon Form"]}],"is_beta":false,"boss_relics":[{"not_picked":["Philosopher\u0027s Stone","Runic Dome"],"picked":"Orrery"}],"items_purged_floors":[],"is_endless":false,"potions_floor_spawned":[1,4,16,22,23,27],"killed_by":"Collector","ascension_level":7}