{"gold_per_floor":[116,116,191,206,219,219,253,275,275,301,301,311,324,41,41,146,146,158,158,174,174,174,209,209,238,238,238],"floor_reached":27,"playtime":1088,"items_purged":[],"score":285,"play_id":"0d138c63-de7f-41f8-95a8-aa3a105744b6","local_time":"20181230151318","is_ascension_mode":true,"campfire_choices":[{"data":"Bash","floor":6,"key":"SMITH"},{"floor":11,"key":"REST"},{"floor":15,"key":"REST"},{"floor":24,"key":"REST"}],"neow_cost":"NONE","seed_source_timestamp":853861851383638,"circlet_count":0,"master_deck":["Strike_R+1","Strike_R+1","Strike_R+1","Strike_R+1","Strike_R+1","Defend_R+1","Defend_R+1","Defend_R+1","Defend_R+1","Bash+1","Combust","Rupture","Iron Wave","Brutality","Inflame","Pommel Strike","Flame Barrier","Headbutt","Feed+1","Limit Break","Hemokinesis+1","Necronomicurse","Cleave","J.A.X.","Bludgeon+1","Spot Weakness+1","Clumsy"],"relics":["Burning Blood","NeowsBlessing","Torii","Odd Mushroom","Letter Opener","Centennial Puzzle","Blood Vial","Cursed Key","Necronomicon","Whetstone","Turnip","Mummified Hand"],"potions_floor_usage":[8,8,16,18,18,20,27],"damage_taken":[{"damage":0,"enemies":"Small Slimes","floor":1,"turns":1},{"damage":0,"enemies":"Jaw Worm","floor":4,"turns":1},{"damage":0,"enemies":"Cultist","floor":5,"turns":1},{"damage":34,"enemies":"Lagavulin","floor":7,"turns":6},{"damage":12,"enemies":"The Mushroom Lair","floor":8,"turns":3},{"damage":20,"enemies":"Gremlin Nob","floor":10,"turns":4},{"damage":19,"enemies":"Looter","floor":12,"turns":3},{"damage":21,"enemies":"Large Slime","floor":13,"turns":5},{"damage":9,"enemies":"Slime Boss","floor":16,"turns":8},{"damage":8,"enemies":"2 Thieves","floor":18,"turns":3},{"damage":22,"enemies":"Spheric Guardian","floor":20,"turns":4},{"damage":39,"enemies":"Gremlin Leader","floor":23,"turns":6},{"damage":25,"enemies":"Book of Stabbing","floor":25,"turns":3},{"damage":47,"enemies":"Slavers","floor":27,"turns":2}],"seed_played":"30152056839720003","potions_obtained":[{"floor":1,"key":"Strength Potion"},{"floor":7,"key":"Poison Potion"},{"floor":10,"key":"Block Potion"},{"floor":13,"key":"Explosive Potion"},{"floor":18,"key":"Strength Potion"},{"floor":25,"key":"Energy Potion"}],"is_trial":false,"path_per_floor":["M","?","?","M","M","R","E","?","T","E","R","M","M","$","R","B",null,"M","?","M","?","?","E","R","E","T","E"],"character_chosen":"IRONCLAD","items_purchased":["Blood Vial","Feed","AttackPotion"],"campfire_rested":3,"item_purchase_floors":[14,14,14],"current_hp_per_floor":[80,64,56,62,68,68,40,34,34,20,44,31,16,16,40,42,83,84,68,54,54,54,26,52,39,39,0],"gold":238,"neow_bonus":"THREE_ENEMY_KILL","is_prod":false,"is_daily":false,"chose_seed":false,"campfire_upgraded":1,"win_rate":0,"timestamp":1546200798,"path_taken":["M","?","?","M","?","R","E","?","T","E","R","M","M","$","R","BOSS","M","?","M","?","?","E","R","E","T","E"],"build_version":"2018-12-20","purchased_purges":0,"victory":false,"max_hp_per_floor":[80,80,80,80,80,80,80,80,80,80,80,80,80,80,80,83,83,86,86,86,86,86,89,89,93,93,93],"card_choices":[{"not_picked":["Feel No Pain","Clash"],"picked":"Combust","floor":1},{"not_picked":["Havoc","Twin Strike"],"picked":"Rupture","floor":4},{"not_picked":["Armaments","Havoc"],"picked":"Iron Wave","floor":5},{"not_picked":["Searing Blow","Thunderclap"],"picked":"Brutality","floor":7},{"not_picked":["Armaments","Pommel Strike"],"picked":"Inflame","floor":8},{"not_picked":["Exhume","Twin Strike"],"picked":"Pommel Strike","floor":10},{"not_picked":["Feel No Pain","Iron Wave"],"picked":"Flame Barrier","floor":12},{"not_picked":["True Grit","Wild Strike"],"picked":"Headbutt","floor":13},{"not_picked":["Berserk","Double Tap"],"picked":"Limit Break","floor":16},{"not_picked":["Warcry","Combust"],"picked":"Hemokinesis+1","floor":18},{"not_picked":["Sword Boomerang","Sever Soul"],"picked":"Cleave","floor":20},{"not_picked":["Twin Strike","Power Through+1"],"picked":"Bludgeon","floor":23},{"not_picked":["Clash","Headbutt"],"picked":"Spot Weakness+1","floor":25}],"player_experience":406657,"relics_obtained":[{"floor":7,"key":"Torii"},{"floor":8,"key":"Odd Mushroom"},{"floor":9,"key":"Letter Opener"},{"floor":10,"key":"Centennial Puzzle"},{"floor":19,"key":"Necronomicon"},{"floor":23,"key":"Whetstone"},{"floor":25,"key":"Turnip"},{"floor":26,"key":"Mummified Hand"}],"event_choices":[{"damage_healed":0,"gold_gain":0,"player_choice":"Entered Light","damage_taken":16,"max_hp_gain":0,"max_hp_loss":0,"event_name":"Shining Light","floor":2,"gold_loss":0,"cards_upgraded":["Strike_R","Strike_R"]},{"damage_healed":0,"gold_gain":75,"player_choice":"Touch","damage_taken":8,"max_hp_gain":0,"max_hp_loss":0,"event_name":"FaceTrader","floor":3,"gold_loss":0},{"damage_healed":0,"gold_gain":0,"player_choice":"Fought Mushrooms","damage_taken":0,"max_hp_gain":0,"max_hp_loss":0,"event_name":"Mushrooms","floor":8,"gold_loss":0},{"damage_healed":0,"gold_gain":0,"player_choice":"Obtained Book","damage_taken":16,"max_hp_gain":0,"max_hp_loss":0,"event_name":"Cursed Tome","floor":19,"gold_loss":0},{"damage_healed":0,"gold_gain":0,"player_choice":"Simplicity","damage_taken":0,"max_hp_gain":0,"max_hp_loss":0,"event_name":"Back to Basics","floor":21,"gold_loss":0,"cards_upgraded":["Strike_R","Strike_R","Strike_R","Defend_R","Defend_R","Defend_R","Defend_R"]},{"damage_healed":0,"gold_gain":0,"player_choice":"Obtain J.A.X.","damage_taken":0,"max_hp_gain":0,"max_hp_loss":0,"event_name":"Drug Dealer","floor":22,"gold_loss":0,"cards_obtained":["J.A.X."]}],"is_beta":false,"boss_relics":[{"not_picked":["White Beast Statue","Velvet Choker"],"picked":"Cursed Key"}],"items_purged_floors":[],"is_endless":false,"potions_floor_spawned":[1,7,10,13,18,25],"killed_by":"Slavers","ascension_level":2}