{"path_per_floor":["M","$","?","?","?","R","M","R","T","R","E","M","?","E","R","B",null,"M","?","?","$","?","R","M","R","T","T","R","E","$","E","R"],"character_chosen":"THE_SILENT","items_purchased":["Accuracy"],"gold_per_floor":[118,43,43,43,43,43,59,59,59,59,86,105,105,137,137,242,242,258,173,173,92,17,17,27,27,27,78,78,113,13,38,38,38],"floor_reached":33,"campfire_rested":1,"playtime":1376,"item_purchase_floors":[21],"current_hp_per_floor":[57,57,50,36,36,36,36,36,36,36,30,29,29,16,16,4,54,40,40,40,40,40,46,46,52,52,52,58,51,51,4,44,0],"items_purged":["Defend_G","Strike_G"],"gold":38,"score":456,"play_id":"8e675d4b-b3af-43ec-b6b9-e59d763788ab","local_time":"20180606014418","is_prod":false,"is_daily":false,"chose_seed":false,"is_ascension_mode":true,"campfire_upgraded":7,"win_rate":0,"timestamp":1528217058,"campfire_choices":[{"data":"Survivor","floor":6,"key":"SMITH"},{"data":"Neutralize","floor":8,"key":"SMITH"},{"data":"Cloak And Dagger","floor":10,"key":"SMITH"},{"data":"Cloak And Dagger","floor":15,"key":"SMITH"},{"data":"Cloak And Dagger","floor":23,"key":"SMITH"},{"data":"Accuracy","floor":25,"key":"SMITH"},{"data":"Accuracy","floor":28,"key":"SMITH"},{"floor":32,"key":"REST"}],"path_taken":["M","$","?","?","?","R","M","R","T","R","E","M","?","E","R","BOSS","M","?","?","$","?","R","M","R","T","?","R","E","?","E","R","BOSS"],"build_version":"2018-05-31","seed_source_timestamp":1138073417025871,"purchased_purges":2,"victory":false,"master_deck":["Defend_G","Defend_G+1","Defend_G","Strike_G+1","Strike_G+1","Strike_G+1","Survivor+1","Neutralize+1","AscendersBane","Cloak And Dagger+1","Cloak And Dagger+1","Accuracy+1","Cloak And Dagger+1","Accuracy+1"],"max_hp_per_floor":[70,70,70,70,70,70,70,70,70,70,70,70,70,70,70,70,70,70,70,70,70,70,70,70,70,70,70,70,70,70,70,70,70],"relics":["Ring of the Snake","Blue Candle","Regal Pillow","Centennial Puzzle","Eternal Feather","Juzu Bracelet","Turnip","Paper Crane","Whetstone","Ancient Tea Set","Thread and Needle"],"card_choices":[{"not_picked":["Outmaneuver","Concentrate"],"picked":"Cloak And Dagger","floor":1},{"not_picked":["Slice","Riddle With Holes"],"picked":"Cloak And Dagger","floor":7},{"not_picked":["Dagger Throw","Sucker Punch"],"picked":"Accuracy","floor":11},{"not_picked":["Underhanded Strike","Finisher","Endless Agony"],"picked":"SKIP","floor":12},{"not_picked":["Blur","Quick Slash"],"picked":"Cloak And Dagger","floor":14},{"not_picked":["Distraction","PiercingWail","Underhanded Strike"],"picked":"SKIP","floor":18},{"not_picked":["Bouncing Flask","Dodge and Roll","Quick Slash"],"picked":"SKIP","floor":24},{"not_picked":["Slice","Flying Knee","Dodge and Roll"],"picked":"SKIP","floor":29},{"not_picked":["Bane","Outmaneuver","Backflip"],"picked":"SKIP","floor":31}],"player_experience":775971,"potions_floor_usage":[11,11,16,24,31,33,33,33],"damage_taken":[{"damage":6,"enemies":"Jaw Worm","floor":1,"turns":6},{"damage":0,"enemies":"2 Louse","floor":7,"turns":3},{"damage":6,"enemies":"Lagavulin","floor":11,"turns":7},{"damage":1,"enemies":"Small Slimes","floor":12,"turns":3},{"damage":13,"enemies":"3 Sentries","floor":14,"turns":7},{"damage":12,"enemies":"The Guardian","floor":16,"turns":12},{"damage":14,"enemies":"Chosen","floor":18,"turns":6},{"damage":0,"enemies":"Shell Parasite","floor":24,"turns":5},{"damage":7,"enemies":"Book of Stabbing","floor":29,"turns":5},{"damage":47,"enemies":"Gremlin Leader","floor":31,"turns":8},{"damage":58,"enemies":"Champ","floor":33,"turns":12}],"relics_obtained":[{"floor":9,"key":"Blue Candle"},{"floor":11,"key":"Regal Pillow"},{"floor":14,"key":"Centennial Puzzle"},{"floor":26,"key":"Paper Crane"},{"floor":27,"key":"Whetstone"},{"floor":29,"key":"Ancient Tea Set"},{"floor":31,"key":"Thread and Needle"}],"event_choices":[{"event_name":"Golden Wing","player_choice":"Card Removal","floor":3,"damage_taken":0},{"event_name":"Shining Light","player_choice":"Entered Light","floor":4,"damage_taken":0},{"event_name":"The Lab","player_choice":"Got Potions","floor":5,"damage_taken":0},{"event_name":"The Woman in Blue","player_choice":"Bought 0 Potions","floor":13,"damage_taken":0},{"event_name":"Addict","player_choice":"Obtained Relic","floor":19,"damage_taken":0},{"event_name":"The Mausoleum","player_choice":"Yes","floor":20,"damage_taken":0},{"event_name":"Beggar","player_choice":"Gave Gold","floor":22,"damage_taken":0}],"boss_relics":[{"not_picked":["Black Star","Lizard Tail"],"picked":"Eternal Feather"}],"items_purged_floors":[2,30],"potions_floor_spawned":[11,14,16,29,31],"seed_played":"7589454129622333363","killed_by":"Champ","ascension_level":12,"potions_obtained":[{"floor":5,"key":"EssenceOfSteel"},{"floor":5,"key":"EssenceOfSteel"},{"floor":5,"key":"SteroidPotion"},{"floor":11,"key":"FearPotion"},{"floor":14,"key":"Explosive Potion"},{"floor":16,"key":"AttackPotion"},{"floor":29,"key":"EssenceOfSteel"},{"floor":31,"key":"EssenceOfSteel"}],"is_trial":false}