{"gold_per_floor":[113,128,141,141,161,161,186,186,186,186],"floor_reached":10,"playtime":526,"items_purged":[],"score":133,"play_id":"212be5e2-a9b3-435c-98fe-8abfbef5c54c","local_time":"20190302175615","is_ascension_mode":true,"campfire_choices":[{"data":"Anger","floor":6,"key":"SMITH"},{"data":"True Grit","floor":8,"key":"SMITH"}],"neow_cost":"NONE","seed_source_timestamp":74243175060563,"circlet_count":0,"master_deck":["AscendersBane","Strike_R","Strike_R","Strike_R","Strike_R","Defend_R","Defend_R","Defend_R","Bash","Ghostly Armor","Flex","Anger+1","True Grit+1"],"relics":["Burning Blood","Molten Egg 2","Meat on the Bone"],"potions_floor_usage":[5,10,10],"damage_taken":[{"damage":14,"enemies":"Jaw Worm","floor":1,"turns":4},{"damage":1,"enemies":"2 Louse","floor":2,"turns":4},{"damage":6,"enemies":"Cultist","floor":3,"turns":3},{"damage":13,"enemies":"Exordium Thugs","floor":5,"turns":4},{"damage":57,"enemies":"3 Sentries","floor":7,"turns":9},{"damage":13,"enemies":"Gremlin Nob","floor":10,"turns":3}],"seed_played":"-5042579782622464424","potions_obtained":[{"floor":1,"key":"FearPotion"},{"floor":3,"key":"SteroidPotion"},{"floor":7,"key":"Weak Potion"}],"is_trial":false,"path_per_floor":["M","M","M","?","M","R","E","R","T","E"],"character_chosen":"IRONCLAD","items_purchased":[],"campfire_rested":0,"item_purchase_floors":[],"current_hp_per_floor":[60,65,65,65,58,58,7,7,7,0],"gold":186,"neow_bonus":"REMOVE_CARD","is_prod":false,"is_daily":false,"chose_seed":false,"campfire_upgraded":2,"win_rate":0,"timestamp":1551516975,"path_taken":["M","M","M","?","M","R","E","R","T","E"],"build_version":"2019-01-23","purchased_purges":0,"victory":false,"max_hp_per_floor":[75,75,75,75,75,75,75,75,75,75],"card_choices":[{"not_picked":["Clash","Rage"],"picked":"Ghostly Armor","floor":1},{"not_picked":["Body Slam","Havoc"],"picked":"Flex","floor":2},{"not_picked":["Shrug It Off","Fiend Fire"],"picked":"Anger","floor":3},{"not_picked":["Warcry","Headbutt"],"picked":"True Grit","floor":5},{"not_picked":["Pommel Strike","Disarm","Shrug It Off"],"picked":"SKIP","floor":7}],"player_experience":994429,"relics_obtained":[{"floor":7,"key":"Molten Egg 2"},{"floor":9,"key":"Meat on the Bone"}],"event_choices":[{"cards_removed":["Defend_R"],"damage_healed":0,"gold_gain":0,"player_choice":"Forget","damage_taken":0,"max_hp_gain":0,"max_hp_loss":0,"event_name":"Living Wall","floor":4,"gold_loss":0}],"is_beta":false,"boss_relics":[],"items_purged_floors":[],"is_endless":false,"potions_floor_spawned":[1,3,7],"killed_by":"Gremlin Nob","ascension_level":19}