{"gold_per_floor":[118,132,132,146,163,163,189,189,189,189,189,205,220,220],"floor_reached":14,"playtime":510,"items_purged":[],"score":110,"play_id":"197a699c-d953-44d2-9d61-1a9f14a20f4f","local_time":"20181208205816","is_ascension_mode":true,"campfire_choices":[{"data":"Neutralize","floor":6,"key":"SMITH"},{"data":"After Image","floor":8,"key":"SMITH"},{"data":"Choke","floor":11,"key":"SMITH"}],"neow_cost":"NONE","seed_source_timestamp":1292087802350057,"circlet_count":0,"master_deck":["Defend_G","Defend_G","Defend_G","Defend_G","Defend_G","Strike_G","Strike_G","Strike_G","Strike_G","Strike_G","Survivor","Neutralize+1","Choke+1","Sucker Punch","Venomology","Tools of the Trade","Deadly Poison","After Image+1","Accuracy","Blade Dance+1"],"relics":["Ring of the Snake","NeowsBlessing","Question Card","Toxic Egg 2","Pantograph"],"potions_floor_usage":[5,7,12,13],"damage_taken":[{"damage":0,"enemies":"Jaw Worm","floor":1,"turns":1},{"damage":0,"enemies":"Cultist","floor":2,"turns":1},{"damage":0,"enemies":"Small Slimes","floor":4,"turns":1},{"damage":11,"enemies":"Looter","floor":5,"turns":3},{"damage":46,"enemies":"3 Sentries","floor":7,"turns":10},{"damage":2,"enemies":"2 Fungi Beasts","floor":12,"turns":6},{"damage":12,"enemies":"Red Slaver","floor":13,"turns":6},{"damage":14,"enemies":"Lots of Slimes","floor":14,"turns":1}],"seed_played":"6714705432279193806","potions_obtained":[{"floor":7,"key":"Ancient Potion"},{"floor":12,"key":"SpeedPotion"}],"is_trial":false,"path_per_floor":["M","M","?","M","M","R","E","R","T","T","R","M","M","M"],"character_chosen":"THE_SILENT","items_purchased":[],"campfire_rested":0,"item_purchase_floors":[],"current_hp_per_floor":[70,70,70,70,59,59,13,13,13,13,13,23,11,0],"gold":220,"neow_bonus":"THREE_ENEMY_KILL","is_prod":false,"is_daily":false,"chose_seed":false,"campfire_upgraded":3,"win_rate":0,"timestamp":1544320696,"path_taken":["M","M","?","M","?","R","E","R","T","?","R","M","M","M"],"build_version":"2018-12-06","purchased_purges":0,"victory":false,"max_hp_per_floor":[70,70,70,70,70,70,70,70,70,70,70,70,70,70],"card_choices":[{"not_picked":["Acrobatics","Bane"],"picked":"Choke","floor":1},{"not_picked":["Deadly Poison","Deflect"],"picked":"Sucker Punch","floor":2},{"not_picked":["Dagger Throw","Prepared"],"picked":"Tools of the Trade","floor":4},{"not_picked":["Outmaneuver","Dodge and Roll"],"picked":"Deadly Poison","floor":5},{"not_picked":["Infinite Blades","Dodge and Roll"],"picked":"After Image","floor":7},{"not_picked":["Flying Knee","PiercingWail+1","Underhanded Strike"],"picked":"Accuracy","floor":12},{"not_picked":["Quick Slash","Slice","PiercingWail+1"],"picked":"Blade Dance+1","floor":13}],"player_experience":258567,"relics_obtained":[{"floor":7,"key":"Question Card"},{"floor":9,"key":"Toxic Egg 2"},{"floor":10,"key":"Pantograph"}],"event_choices":[{"damage_healed":0,"gold_gain":0,"player_choice":"1 cards matched","damage_taken":0,"max_hp_gain":0,"max_hp_loss":0,"event_name":"Match and Keep!","floor":3,"gold_loss":0,"cards_obtained":["Venomology"]}],"is_beta":false,"boss_relics":[],"items_purged_floors":[],"is_endless":false,"potions_floor_spawned":[7,12],"killed_by":"Lots of Slimes","ascension_level":4}