{"path_per_floor":["M","$","M","M","?","R","M","$","T","R","?","M","M","?","R","B",null,"M","?","M","M","M","R","M","?","T","M","?","T","R","M","R","B",null,"M","M","?","?","$","R","M"],"character_chosen":"THE_SILENT","items_purchased":["Caltrops","Backflip","Escape Plan","Blade Dance","Blur","Caltrops","Master of Strategy"],"gold_per_floor":[112,15,26,36,88,88,99,21,103,103,103,118,131,131,131,251,251,266,181,196,210,233,233,247,247,247,262,262,262,262,281,281,402,402,420,433,433,433,32,32,53],"floor_reached":42,"campfire_rested":3,"playtime":3576,"current_hp_per_floor":[70,70,70,70,70,70,68,68,68,68,49,43,43,43,66,24,77,75,75,70,63,53,53,39,39,39,35,35,35,35,35,58,5,77,54,30,30,30,30,53,35],"items_purged":[],"gold":53,"score":418,"play_id":"f43d1511-7552-4695-9960-761d68e6d7ef","is_prod":false,"is_daily":false,"is_ascension_mode":false,"campfire_upgraded":4,"path_taken":["M","$","?","M","?","R","M","?","T","R","?","?","M","?","R","BOSS","M","?","?","?","M","R","?","?","T","M","?","?","R","M","R","BOSS","M","M","?","?","$","R","M","?"],"build_version":"2018-02-08-PROD1","purchased_purges":0,"victory":false,"master_deck":["Defend_G","Defend_G","Defend_G","Defend_G","Defend_G","Strike_G","Strike_G","Survivor","Neutralize","PiercingWail","Caltrops+1","Backflip","Predator","Prepared+1","Crippling Poison","Escape Plan","Quick Slash","Blade Dance","Adrenaline+1","Skewer+1","Footwork+1","Cloak And Dagger","Quick Slash","Dagger Throw","Choke+1","Leg Sweep+1","Quick Slash+1","Slice+1","Wraith Form","Slice+1","Quick Slash+1","Noxious Fumes+1","Endless Agony+1","Endless Agony+1","Slice+1","Deflect+1","Blade Dance","Blur","Caltrops","Master of Strategy"],"max_hp_per_floor":[77,77,77,77,77,77,77,77,77,77,77,77,77,77,77,77,77,77,77,77,77,77,77,77,77,77,77,77,77,77,77,77,77,77,77,77,77,77,77,77,77],"relics":["Ring of the Snake","Kunai","Golden Idol","Girya","Astrolabe","Letter Opener","Molten Egg 2","Peace Pipe","Orrery"],"card_choices":[{"not_picked":["Dagger Spray","Slice"],"picked":"PiercingWail"},{"not_picked":["Dagger Throw","Flying Knee"],"picked":"Predator"},{"not_picked":["Underhanded Strike","Quick Slash"],"picked":"Prepared"},{"not_picked":["Sucker Punch","Outmaneuver"],"picked":"Crippling Poison"},{"not_picked":["Footwork","Flechettes"],"picked":"Quick Slash"},{"not_picked":["Dagger Throw","Underhanded Strike"],"picked":"Blade Dance"},{"not_picked":["Wraith Form","Phantasmal Killer"],"picked":"Adrenaline"},{"not_picked":["Quick Slash","Noxious Fumes"],"picked":"Cloak And Dagger"},{"not_picked":["Catalyst","Sucker Punch"],"picked":"Quick Slash"},{"not_picked":["Acrobatics","Endless Agony"],"picked":"Dagger Throw"},{"not_picked":["Underhanded Strike","Sucker Punch"],"picked":"Choke"},{"not_picked":["Backflip","Outmaneuver"],"picked":"Leg Sweep"},{"not_picked":["Corpse Explosion","Outmaneuver"],"picked":"Quick Slash"},{"not_picked":["All Out Attack","Poisoned Stab"],"picked":"Slice"},{"not_picked":["Bullet Time","Envenom"],"picked":"Wraith Form"},{"not_picked":["Deflect","Calculated Gamble"],"picked":"Slice"},{"not_picked":["PiercingWail","Crippling Poison"],"picked":"Quick Slash"},{"not_picked":["Backstab","Cloak And Dagger"],"picked":"Noxious Fumes"},{"not_picked":["Prepared","Dagger Spray"],"picked":"Endless Agony"},{"not_picked":["Masterful Stab","Night Terror"],"picked":"Endless Agony"},{"not_picked":["Deadly Poison","Quick Slash"],"picked":"Slice"},{"not_picked":["Outmaneuver","Calculated Gamble"],"picked":"Deflect"}],"player_experience":76117,"potions_floor_usage":[33,41,42],"damage_taken":[{"damage":7.0,"enemies":"Blue Slaver","floor":1.0,"turns":5.0},{"damage":0.0,"enemies":"Small Slimes","floor":3.0,"turns":4.0},{"damage":0.0,"enemies":"Cultist","floor":4.0,"turns":4.0},{"damage":2.0,"enemies":"Large Slime","floor":7.0,"turns":6.0},{"damage":6.0,"enemies":"Exordium Thugs","floor":12.0,"turns":6.0},{"damage":0.0,"enemies":"3 Louse","floor":13.0,"turns":3.0},{"damage":42.0,"enemies":"Slime Boss","floor":16.0,"turns":15.0},{"damage":2,"enemies":"Shell Parasite","floor":18,"turns":8},{"damage":5,"enemies":"Spheric Guardian","floor":20,"turns":4},{"damage":7,"enemies":"3 Cultists","floor":21,"turns":6},{"damage":10,"enemies":"Centurion and Healer","floor":22,"turns":9},{"damage":14,"enemies":"Snecko","floor":24,"turns":7},{"damage":4,"enemies":"Chosen and Byrds","floor":27,"turns":7},{"damage":0,"enemies":"Snake Plant","floor":31,"turns":3},{"damage":53,"enemies":"Automaton","floor":33,"turns":17},{"damage":23,"enemies":"3 Darklings","floor":35,"turns":4},{"damage":24,"enemies":"3 Shapes","floor":36,"turns":6},{"damage":18,"enemies":"3 Darklings","floor":41,"turns":6},{"damage":41,"enemies":"Maw","floor":42,"turns":9}],"event_choices":[{"event_name":"Golden Wing","player_choice":"Gained Gold","floor":5.0,"damage_taken":0.0},{"event_name":"Golden Idol","player_choice":"Take Damage","floor":11.0,"damage_taken":0.0},{"event_name":"Dead Adventurer","player_choice":"Searched \u00271\u0027 times","floor":14.0,"damage_taken":0.0},{"event_name":"Addict","player_choice":"Obtained Relic","floor":19,"damage_taken":0},{"event_name":"Cursed Tome","player_choice":"Ignored","floor":25,"damage_taken":0},{"event_name":"Vampires","player_choice":"Ignored","floor":28,"damage_taken":0},{"event_name":"Mysterious Sphere","player_choice":"Ignore","floor":37,"damage_taken":0}],"boss_relics":[{"not_picked":["Tiny House","Philosopher\u0027s Stone"],"picked":"Astrolabe"},{"not_picked":["Eternal Feather","Question Card"],"picked":"Orrery"}],"potions_floor_spawned":[7,12,20,22,41],"seed_played":"4345075562580185388","killed_by":"Maw","ascension_level":0,"is_trial":false}