{"gold_per_floor":[113,131,131,131,143,143,157,157,157,157,82,82,98,110,110,208,208,228,228,278,278,295,295,307,58,58,77,77,96,96,108,108,208,208,220,220,235,81,106,106,119,119,119,154,79,79,79],"floor_reached":47,"playtime":4130,"items_purged":["Strike_G","Defend_G"],"score":495,"play_id":"903abb34-0fed-4ded-a7dc-1ed7ae3ae087","local_time":"20181021192954","is_ascension_mode":false,"campfire_choices":[{"data":"Footwork","floor":6,"key":"SMITH"},{"data":"Neutralize","floor":10,"key":"SMITH"},{"data":"Dodge and Roll","floor":12,"key":"SMITH"},{"data":"All Out Attack","floor":15,"key":"SMITH"},{"floor":23,"key":"REST"},{"floor":28,"key":"REST"},{"floor":32,"key":"REST"},{"data":"Apotheosis","floor":40,"key":"SMITH"},{"data":"Catalyst","floor":42,"key":"SMITH"}],"neow_cost":"NONE","seed_source_timestamp":686359415438002,"circlet_count":0,"master_deck":["Defend_G","Defend_G","Strike_G+1","Strike_G+1","Survivor","Neutralize+1","Deadly Poison","Dodge and Roll+1","Footwork+1","All Out Attack+1","Corpse Explosion","Apotheosis+1","Footwork","Backflip","Catalyst+1","Noxious Fumes"],"relics":["Ring of the Snake","Ancient Tea Set","Gremlin Horn","White Beast Statue","Singing Bowl","Empty Cage","Bag of Preparation","Pear","Whetstone","Girya"],"potions_floor_usage":[16,27,27,31,33,33,33,37,44,47],"damage_taken":[{"damage":0,"enemies":"Jaw Worm","floor":1,"turns":7},{"damage":0,"enemies":"Cultist","floor":2,"turns":5},{"damage":0,"enemies":"2 Louse","floor":5,"turns":3},{"damage":4,"enemies":"Blue Slaver","floor":7,"turns":5},{"damage":0,"enemies":"2 Fungi Beasts","floor":13,"turns":4},{"damage":0,"enemies":"3 Louse","floor":14,"turns":5},{"damage":26,"enemies":"Hexaghost","floor":16,"turns":15},{"damage":28,"enemies":"3 Byrds","floor":18,"turns":3},{"damage":20,"enemies":"2 Thieves","floor":22,"turns":4},{"damage":0,"enemies":"Shelled Parasite and Fungi","floor":24,"turns":8},{"damage":5,"enemies":"Snake Plant","floor":27,"turns":7},{"damage":0,"enemies":"Snecko","floor":29,"turns":5},{"damage":5,"enemies":"Centurion and Healer","floor":31,"turns":8},{"damage":23,"enemies":"Collector","floor":33,"turns":10},{"damage":0,"enemies":"3 Shapes","floor":35,"turns":6},{"damage":16,"enemies":"3 Darklings","floor":37,"turns":6},{"damage":0,"enemies":"Jaw Worm Horde","floor":41,"turns":4},{"damage":62,"enemies":"Reptomancer","floor":44,"turns":8},{"damage":0,"enemies":"Mind Bloom Boss Battle","floor":46,"turns":6},{"damage":43,"enemies":"Transient","floor":47,"turns":5}],"seed_played":"-8932804185529809125","potions_obtained":[{"floor":1,"key":"FearPotion"},{"floor":7,"key":"SpeedPotion"},{"floor":18,"key":"SteroidPotion"},{"floor":22,"key":"Block Potion"},{"floor":24,"key":"Weak Potion"},{"floor":27,"key":"Dexterity Potion"},{"floor":29,"key":"Ancient Potion"},{"floor":31,"key":"Poison Potion"},{"floor":33,"key":"Regen Potion"},{"floor":35,"key":"Ancient Potion"},{"floor":37,"key":"Strength Potion"},{"floor":41,"key":"Energy Potion"},{"floor":44,"key":"Swift Potion"}],"is_trial":false,"path_per_floor":["M","M","?","?","M","R","M","?","T","R","$","R","M","M","R","B",null,"M","?","?","?","M","R","M","$","T","M","R","M","$","M","R","B",null,"M","?","M","$","T","R","M","R","T","E","$","?"],"character_chosen":"THE_SILENT","items_purchased":["Apotheosis","Footwork","Backflip","Noxious Fumes"],"campfire_rested":3,"item_purchase_floors":[25,25,38,45],"current_hp_per_floor":[70,70,63,63,63,63,59,59,59,59,59,59,59,59,59,33,70,42,29,29,29,9,31,31,31,31,28,51,53,53,50,74,53,83,85,81,81,81,81,81,81,81,91,31,31,33,0],"gold":79,"neow_bonus":"REMOVE_CARD","is_prod":false,"is_daily":false,"chose_seed":false,"campfire_upgraded":6,"win_rate":0,"timestamp":1540146594,"path_taken":["M","M","?","?","M","R","M","?","T","R","$","R","M","M","R","BOSS","M","?","?","?","M","R","M","?","T","M","R","M","$","M","R","BOSS","M","?","?","$","?","R","M","R","T","E","?","?","M"],"build_version":"2018-10-18","purchased_purges":2,"victory":false,"max_hp_per_floor":[70,70,70,70,70,70,70,70,70,70,70,70,70,70,70,70,70,70,75,75,75,75,75,75,75,75,77,77,79,79,81,81,83,83,85,81,83,83,83,83,83,83,93,95,95,97,97],"card_choices":[{"not_picked":["Distraction","Expertise"],"picked":"Deadly Poison","floor":1},{"not_picked":["Skewer","Deadly Poison"],"picked":"Dodge and Roll","floor":2},{"not_picked":["Underhanded Strike","Sucker Punch"],"picked":"Footwork","floor":5},{"not_picked":["Underhanded Strike","Choke","Reflex"],"picked":"SKIP","floor":7},{"not_picked":["Eviscerate","Tactician","Riddle With Holes"],"picked":"SKIP","floor":13},{"not_picked":["Expertise","Doppelganger"],"picked":"All Out Attack","floor":14},{"not_picked":["Unload","Storm of Steel"],"picked":"Corpse Explosion","floor":16},{"not_picked":["Distraction+1","Crippling Poison","Bouncing Flask"],"picked":"SKIP","floor":18},{"not_picked":["Dagger Throw","Sucker Punch","Well Laid Plans"],"picked":"SKIP","floor":22},{"not_picked":["Leg Sweep","Expertise","Choke"],"picked":"SKIP","floor":24},{"not_picked":["Dash","Cloak And Dagger","Prepared"],"picked":"Singing Bowl","floor":27},{"not_picked":["Expertise+1","Cloak And Dagger+1","Dodge and Roll"],"picked":"Singing Bowl","floor":29},{"not_picked":["Accuracy","Blade Dance","Escape Plan"],"picked":"Singing Bowl","floor":31},{"not_picked":["Night Terror","Phantasmal Killer","Storm of Steel"],"picked":"Singing Bowl","floor":33},{"not_picked":["Dodge and Roll+1","Dash","Setup"],"picked":"Singing Bowl","floor":35},{"not_picked":["Outmaneuver","Reflex","Expertise+1"],"picked":"Singing Bowl","floor":37},{"not_picked":["Flechettes","Dodge and Roll"],"picked":"Catalyst","floor":41},{"not_picked":["Leg Sweep","Escape Plan","Reflex+1"],"picked":"Singing Bowl","floor":44},{"not_picked":["Accuracy+1","Slice+1","Leg Sweep+1"],"picked":"Singing Bowl","floor":46}],"player_experience":232394,"relics_obtained":[{"floor":9,"key":"Gremlin Horn"},{"floor":26,"key":"Singing Bowl"},{"floor":39,"key":"Bag of Preparation"},{"floor":43,"key":"Pear"},{"floor":44,"key":"Whetstone"},{"floor":46,"key":"Girya"}],"event_choices":[{"cards_removed":["Defend_G"],"damage_healed":0,"gold_gain":0,"player_choice":"Card Removal","damage_taken":7,"max_hp_gain":0,"max_hp_loss":0,"event_name":"Golden Wing","floor":3,"gold_loss":0},{"damage_healed":0,"gold_gain":0,"player_choice":"Gave Potion","damage_taken":0,"relics_obtained":["Ancient Tea Set"],"max_hp_gain":0,"max_hp_loss":0,"event_name":"WeMeetAgain","floor":4,"gold_loss":0},{"damage_healed":0,"gold_gain":0,"player_choice":"Ignored","damage_taken":0,"max_hp_gain":0,"max_hp_loss":0,"event_name":"Shining Light","floor":8,"gold_loss":0},{"damage_healed":0,"gold_gain":0,"player_choice":"Shed Blood","damage_taken":18,"max_hp_gain":5,"max_hp_loss":0,"event_name":"Forgotten Altar","floor":19,"gold_loss":0},{"damage_healed":0,"gold_gain":100,"player_choice":"Bet on Murderer","damage_taken":0,"max_hp_gain":0,"max_hp_loss":0,"event_name":"The Joust","floor":20,"gold_loss":50},{"damage_healed":0,"gold_gain":0,"player_choice":"Ignored","damage_taken":0,"max_hp_gain":0,"max_hp_loss":0,"event_name":"Cursed Tome","floor":21,"gold_loss":0},{"damage_healed":0,"gold_gain":0,"player_choice":"Max HP","damage_taken":0,"max_hp_gain":0,"max_hp_loss":4,"event_name":"Winding Halls","floor":36,"gold_loss":0},{"damage_healed":0,"gold_gain":0,"player_choice":"Fight","damage_taken":0,"max_hp_gain":0,"max_hp_loss":0,"event_name":"MindBloom","floor":46,"gold_loss":0}],"is_beta":false,"boss_relics":[{"not_picked":["Fusion Hammer","Tiny House"],"picked":"White Beast Statue"},{"not_picked":["Lizard Tail","Snecko Eye"],"picked":"Empty Cage"}],"items_purged_floors":[11,38],"is_endless":false,"potions_floor_spawned":[1,7,18,22,24,27,29,31,33,35,37,41,44,46],"killed_by":"Transient","ascension_level":0}