{"gold_per_floor":[116,136,149,35,35,35,100,100,174,174,184,217,217],"floor_reached":13,"playtime":1018,"items_purged":["Strike_B"],"score":93,"play_id":"d5be4c72-36da-4e1e-86b3-161fbe49d3e6","local_time":"20190128220145","is_ascension_mode":false,"campfire_choices":[{"data":"Defragment","floor":6,"key":"SMITH"},{"data":"Fusion","floor":8,"key":"SMITH"},{"data":"Zap","floor":10,"key":"SMITH"}],"neow_cost":"NONE","seed_source_timestamp":729397289648912,"circlet_count":0,"master_deck":["Strike_B","Strike_B","Strike_B","Defend_B","Defend_B","Defend_B","Defend_B","Zap+1","Dualcast","Cold Snap","Defragment+1","Amplify","Melter","Regret","Fusion+1","Turbo"],"relics":["Cracked Core","Pen Nib","Juzu Bracelet","Tiny Chest","Bottled Lightning","Oddly Smooth Stone"],"potions_floor_usage":[12,12],"damage_taken":[{"damage":0,"enemies":"Small Slimes","floor":1,"turns":2},{"damage":6,"enemies":"Jaw Worm","floor":2,"turns":2},{"damage":0,"enemies":"Cultist","floor":3,"turns":3},{"damage":27,"enemies":"3 Sentries","floor":7,"turns":12},{"damage":10,"enemies":"Looter","floor":11,"turns":2},{"damage":28,"enemies":"Gremlin Nob","floor":12,"turns":4},{"damage":6,"enemies":"Lots of Slimes","floor":13,"turns":1}],"seed_played":"6555663903161336450","potions_obtained":[{"floor":3,"key":"Dexterity Potion"},{"floor":11,"key":"Dexterity Potion"}],"is_trial":false,"path_per_floor":["M","M","M","$","?","R","E","R","T","R","M","E","M"],"character_chosen":"DEFECT","items_purchased":["Melter"],"campfire_rested":0,"item_purchase_floors":[4],"current_hp_per_floor":[75,69,69,69,69,69,42,42,42,42,32,4,0],"gold":217,"neow_bonus":"RANDOM_COMMON_RELIC","is_prod":false,"is_daily":false,"chose_seed":false,"campfire_upgraded":3,"win_rate":0,"timestamp":1548712905,"path_taken":["M","M","M","$","?","R","E","R","T","R","M","E","M"],"build_version":"2019-01-23","purchased_purges":1,"victory":false,"max_hp_per_floor":[75,75,75,75,75,75,75,75,75,75,75,75,75],"card_choices":[{"not_picked":["Storm","Redo"],"picked":"Cold Snap","floor":1},{"not_picked":["Gash","Go for the Eyes"],"picked":"Defragment","floor":2},{"not_picked":["Stack","Steam"],"picked":"Amplify","floor":3},{"not_picked":["Meteor Strike","Streamline"],"picked":"Fusion","floor":7},{"not_picked":["Hologram","Gash"],"picked":"Turbo","floor":11},{"not_picked":["Tempest","Rebound","Skim"],"picked":"SKIP","floor":12}],"player_experience":381919,"relics_obtained":[{"floor":7,"key":"Tiny Chest"},{"floor":9,"key":"Bottled Lightning"},{"floor":12,"key":"Oddly Smooth Stone"}],"event_choices":[{"damage_healed":0,"gold_gain":0,"player_choice":"Box","damage_taken":0,"relics_obtained":["Juzu Bracelet"],"max_hp_gain":0,"max_hp_loss":0,"event_name":"Big Fish","floor":5,"gold_loss":0,"cards_obtained":["Regret"]}],"is_beta":false,"boss_relics":[],"items_purged_floors":[4],"is_endless":false,"potions_floor_spawned":[3,11],"killed_by":"Lots of Slimes","ascension_level":0}