{"gold_per_floor":[219,519,90,90,106,136,155,181,181,36,50,50,61,90,90,188,188,205,304,323,323,323,323,167,167,167,206,218],"floor_reached":28,"playtime":1698,"items_purged":[],"score":292,"play_id":"0b6221bf-4298-450f-9488-cd1e177f82f7","local_time":"20190119123619","is_ascension_mode":true,"campfire_choices":[{"data":"Limit Break","floor":15,"key":"SMITH"},{"data":"Armaments","floor":23,"key":"SMITH"},{"data":"Berserk","floor":25,"key":"SMITH"}],"neow_cost":"NONE","seed_source_timestamp":241972176017000,"circlet_count":0,"master_deck":["Strike_R","Strike_R","Strike_R","Strike_R","Strike_R","Defend_R","Defend_R","Defend_R","Defend_R","Bash","Twin Strike","Reaper","Inflame","Ghostly Armor","Pummel","Rampage+1","Flame Barrier","Rage","Limit Break+1","Demon Form","Headbutt","Flame Barrier","Swift Strike","Armaments+1","Berserk+1","Limit Break","Flex"],"relics":["Burning Blood","Old Coin","Oddly Smooth Stone","Tiny Chest","Unceasing Top","Anchor","Turnip","Lantern","Mercury Hourglass","Mark of Pain","MawBank","Dream Catcher"],"potions_floor_usage":[6,8,16,16,16,20],"damage_taken":[{"damage":2,"enemies":"Jaw Worm","floor":1,"turns":3},{"damage":6,"enemies":"2 Louse","floor":5,"turns":3},{"damage":40,"enemies":"3 Sentries","floor":6,"turns":9},{"damage":6,"enemies":"Cultist","floor":7,"turns":3},{"damage":9,"enemies":"Lagavulin","floor":8,"turns":7},{"damage":0,"enemies":"Red Slaver","floor":11,"turns":3},{"damage":0,"enemies":"Looter","floor":13,"turns":3},{"damage":18,"enemies":"3 Sentries","floor":14,"turns":8},{"damage":9,"enemies":"Slime Boss","floor":16,"turns":4},{"damage":11,"enemies":"Shell Parasite","floor":18,"turns":5},{"damage":5,"enemies":"2 Thieves","floor":20,"turns":3},{"damage":75,"enemies":"Gremlin Leader","floor":27,"turns":7},{"damage":18,"enemies":"Cultist and Chosen","floor":28,"turns":4}],"seed_played":"-3979812675716062379","potions_obtained":[{"floor":1,"key":"BloodPotion"},{"floor":7,"key":"Block Potion"},{"floor":8,"key":"Dexterity Potion"},{"floor":11,"key":"Strength Potion"},{"floor":14,"key":"SteroidPotion"},{"floor":18,"key":"Explosive Potion"}],"is_trial":false,"path_per_floor":["M","?","$","?","M","E","M","E","T","$","M","?","M","E","R","B",null,"M","?","M","$","?","R","$","R","T","E","M"],"character_chosen":"IRONCLAD","items_purchased":["Oddly Smooth Stone","Tiny Chest","Reaper","Lantern","Limit Break"],"campfire_rested":0,"item_purchase_floors":[3,3,3,10,24],"current_hp_per_floor":[80,80,80,80,80,67,67,70,70,70,76,76,80,74,74,71,80,75,75,76,76,76,76,76,76,76,7,0],"gold":218,"neow_bonus":"HUNDRED_GOLD","is_prod":false,"is_daily":false,"chose_seed":false,"campfire_upgraded":3,"win_rate":0,"timestamp":1547919379,"path_taken":["M","?","$","?","M","E","?","E","T","?","M","?","M","E","R","BOSS","M","?","M","$","?","R","$","R","T","E","?"],"build_version":"2019-01-17v2","purchased_purges":0,"victory":false,"max_hp_per_floor":[80,80,80,80,80,80,80,80,80,80,80,80,80,80,80,80,80,80,80,80,80,80,80,80,80,80,80,80],"card_choices":[{"not_picked":["Havoc","Wild Strike"],"picked":"Twin Strike","floor":1},{"not_picked":["Headbutt","Searing Blow"],"picked":"Inflame","floor":5},{"not_picked":["Infernal Blade","Warcry"],"picked":"Ghostly Armor","floor":6},{"not_picked":["Metallicize","Feel No Pain"],"picked":"Pummel","floor":7},{"not_picked":["Hemokinesis","Iron Wave"],"picked":"Rampage","floor":8},{"not_picked":["Sword Boomerang","Anger"],"picked":"Flame Barrier","floor":11},{"not_picked":["Sword Boomerang","Clash"],"picked":"Rage","floor":13},{"not_picked":["Sever Soul","Anger"],"picked":"Limit Break","floor":14},{"not_picked":["Impervious","Offering"],"picked":"Demon Form","floor":16},{"not_picked":["Flex","Twin Strike+1"],"picked":"Headbutt","floor":18},{"not_picked":["Flex+1","Twin Strike"],"picked":"Flame Barrier","floor":20},{"not_picked":["Clothesline","Dark Embrace"],"picked":"Flex","floor":27}],"player_experience":427064,"relics_obtained":[{"floor":6,"key":"Unceasing Top"},{"floor":8,"key":"Anchor"},{"floor":9,"key":"Turnip"},{"floor":14,"key":"Mercury Hourglass"},{"floor":26,"key":"MawBank"},{"floor":27,"key":"Dream Catcher"}],"event_choices":[{"damage_healed":0,"gold_gain":0,"player_choice":"Box","damage_taken":0,"relics_obtained":["Old Coin"],"max_hp_gain":0,"max_hp_loss":0,"event_name":"Big Fish","floor":2,"gold_loss":0,"cards_obtained":["Regret"]},{"cards_removed":["Regret"],"damage_healed":0,"gold_gain":0,"player_choice":"Purged","damage_taken":0,"max_hp_gain":0,"max_hp_loss":0,"event_name":"Purifier","floor":4,"gold_loss":0},{"damage_healed":0,"gold_gain":0,"player_choice":"Grow","damage_taken":0,"max_hp_gain":0,"max_hp_loss":0,"event_name":"Living Wall","floor":12,"gold_loss":0,"cards_upgraded":["Rampage"]},{"damage_healed":0,"gold_gain":99,"player_choice":"Stole From Cult","damage_taken":0,"max_hp_gain":0,"max_hp_loss":0,"event_name":"Nest","floor":19,"gold_loss":0},{"damage_healed":0,"gold_gain":0,"player_choice":"3 cards matched","damage_taken":0,"max_hp_gain":0,"max_hp_loss":0,"event_name":"Match and Keep!","floor":22,"gold_loss":0,"cards_obtained":["Swift Strike","Armaments","Berserk"]}],"is_beta":false,"boss_relics":[{"not_picked":["Ectoplasm","Sozu"],"picked":"Mark of Pain"}],"items_purged_floors":[],"is_endless":false,"potions_floor_spawned":[1,7,8,11,14,18],"killed_by":"Cultist and Chosen","ascension_level":3}