{"gold_per_floor":[119,132,57,77,43,43,43,56,56,56,66,66,12,23,23,23],"floor_reached":16,"playtime":1204,"items_purged":["Writhe"],"score":160,"play_id":"5640f488-9bc3-4993-ade0-36d988adbabc","local_time":"20190223222001","is_ascension_mode":true,"campfire_choices":[{"data":"Perfected Strike","floor":6,"key":"SMITH"},{"data":"Corruption","floor":12,"key":"SMITH"},{"floor":15,"key":"REST"}],"neow_cost":"CURSE","seed_source_timestamp":74769268765600,"circlet_count":0,"master_deck":["AscendersBane","Strike_R","Strike_R","Strike_R","Strike_R","Strike_R","Defend_R","Defend_R","Defend_R","Defend_R","Bash","Exhume","Shockwave","Corruption+1","Flame Barrier","Perfected Strike+1","Flame Barrier","Sword Boomerang","Perfected Strike","Iron Wave"],"relics":["Burning Blood","Matryoshka"],"potions_floor_usage":[5,8,11],"damage_taken":[{"damage":15,"enemies":"Small Slimes","floor":1,"turns":5},{"damage":18,"enemies":"Jaw Worm","floor":2,"turns":4},{"damage":2,"enemies":"Cultist","floor":4,"turns":4},{"damage":10,"enemies":"Exordium Thugs","floor":5,"turns":5},{"damage":13,"enemies":"Blue Slaver","floor":8,"turns":4},{"damage":14,"enemies":"Large Slime","floor":11,"turns":5},{"damage":12,"enemies":"Looter","floor":14,"turns":3},{"damage":51,"enemies":"The Guardian","floor":16,"turns":9}],"seed_played":"3337388299600187576","potions_obtained":[{"floor":1,"key":"Energy Potion"},{"floor":4,"key":"Energy Potion"},{"floor":5,"key":"PowerPotion"}],"is_trial":false,"path_per_floor":["M","M","$","M","M","R","$","M","T","?","M","R","$","M","R","B"],"character_chosen":"IRONCLAD","items_purchased":["Perfected Strike"],"campfire_rested":1,"item_purchase_floors":[13],"current_hp_per_floor":[59,47,47,51,47,47,47,40,40,40,32,32,32,26,48,0],"gold":23,"neow_bonus":"THREE_RARE_CARDS","is_prod":false,"is_daily":false,"chose_seed":false,"campfire_upgraded":2,"win_rate":0,"timestamp":1550978401,"path_taken":["M","M","$","M","M","R","$","M","T","?","M","R","$","M","R","BOSS"],"build_version":"2019-01-23","purchased_purges":1,"victory":false,"max_hp_per_floor":[75,75,75,75,75,75,75,75,75,75,75,75,75,75,75,75],"card_choices":[{"not_picked":["Juggernaut","Impervious"],"picked":"Exhume","floor":0},{"not_picked":["Perfected Strike","Heavy Blade"],"picked":"Shockwave","floor":1},{"not_picked":["Spot Weakness","Pommel Strike"],"picked":"Corruption","floor":2},{"not_picked":["Combust","Fire Breathing"],"picked":"Flame Barrier","floor":4},{"not_picked":["Anger","Infernal Blade"],"picked":"Perfected Strike","floor":5},{"not_picked":["Pummel","Corruption"],"picked":"Flame Barrier","floor":8},{"not_picked":["Havoc","Combust"],"picked":"Sword Boomerang","floor":11},{"not_picked":["Battle Trance","Flex"],"picked":"Iron Wave","floor":14}],"player_experience":1315575,"relics_obtained":[{"floor":9,"key":"Matryoshka"}],"event_choices":[{"damage_healed":0,"gold_gain":0,"player_choice":"Ignored","damage_taken":0,"max_hp_gain":0,"max_hp_loss":0,"event_name":"Shining Light","floor":10,"gold_loss":0}],"is_beta":false,"boss_relics":[],"items_purged_floors":[3],"is_endless":false,"potions_floor_spawned":[1,4,5],"killed_by":"The Guardian","ascension_level":14}