{"path_per_floor":["M","M","?","T","M","E","R","E","T","?","R","M","R","E","R","B",null,"M","M","?","M","$","R","?","R","T","R","M","T","M","$","R","B",null,"M","?","?","?","?","R","M","R","T","R","M","?","R","?","R","B"],"character_chosen":"THE_SILENT","items_purchased":["Singing Bowl","Snake Skull"],"gold_per_floor":[112,127,127,127,143,168,168,198,198,198,198,208,208,233,233,333,333,348,365,280,291,71,71,71,71,119,119,137,162,182,39,39,134,134,144,144,144,144,0,0,19,19,19,19,33,88,88,188,188,188],"floor_reached":51,"campfire_rested":1,"playtime":2825,"item_purchase_floors":[22,31],"current_hp_per_floor":[68,67,60,60,58,47,47,33,33,33,33,33,33,33,33,20,63,63,52,52,40,40,40,40,40,40,40,30,30,27,27,27,27,68,65,65,65,57,57,57,57,57,57,57,54,54,54,54,80,69],"items_purged":["Strike_G"],"gold":188,"score":1089,"play_id":"31fdf44e-716f-460f-931d-5d273f96109a","local_time":"20180606033854","is_prod":false,"is_daily":false,"chose_seed":false,"is_ascension_mode":true,"campfire_upgraded":12,"win_rate":0,"timestamp":1528223934,"campfire_choices":[{"data":"Footwork","floor":7,"key":"SMITH"},{"data":"Cloak And Dagger","floor":11,"key":"SMITH"},{"data":"Footwork","floor":13,"key":"SMITH"},{"data":"Noxious Fumes","floor":15,"key":"SMITH"},{"data":"Tools of the Trade","floor":23,"key":"SMITH"},{"data":"Sucker Punch","floor":25,"key":"SMITH"},{"data":"Neutralize","floor":27,"key":"SMITH"},{"data":"Survivor","floor":32,"key":"SMITH"},{"data":"Apotheosis","floor":40,"key":"SMITH"},{"data":"Secret Weapon","floor":42,"key":"SMITH"},{"data":"Tactician","floor":44,"key":"SMITH"},{"data":"Footwork","floor":47,"key":"SMITH"},{"floor":49,"key":"REST"}],"path_taken":["M","M","?","?","M","E","R","E","T","?","R","M","R","E","R","BOSS","M","M","?","M","$","R","?","R","T","R","M","?","M","$","R","BOSS","M","?","?","?","?","R","M","R","T","R","M","?","R","?","R","BOSS"],"build_version":"2018-05-31","seed_source_timestamp":1143469093559654,"purchased_purges":1,"victory":true,"master_deck":["Defend_G","Defend_G","Defend_G","Defend_G","Survivor+1","AscendersBane","Sucker Punch+1","Footwork+1","Dagger Spray+1","Cloak And Dagger+1","Footwork+1","Noxious Fumes+1","Tools of the Trade+1","Footwork+1","Well Laid Plans+1","Choke+1","Terror+1","Dagger Throw+1","Quick Slash+1","Prepared+1","Tactician+1","Secret Weapon+1","Apotheosis+1","Sucker Punch+1","Footwork+1"],"max_hp_per_floor":[77,77,77,77,77,77,77,77,77,77,77,77,77,77,77,77,77,77,77,77,77,77,77,77,77,77,77,77,77,79,79,79,81,81,83,83,83,85,85,85,85,85,85,85,85,87,87,87,87,87],"relics":["Ring of the Snake","Strawberry","Molten Egg 2","Juzu Bracelet","Anchor","Bottled Flame","Centennial Puzzle","Astrolabe","Paper Crane","Singing Bowl","Omamori","Bag of Preparation","Snake Skull","Cursed Key","Red Mask","Toxic Egg 2","Dead Branch"],"card_choices":[{"not_picked":["Predator","Bane"],"picked":"Sucker Punch","floor":1},{"not_picked":["Flying Knee","Predator"],"picked":"Footwork","floor":2},{"not_picked":["Setup","Riddle With Holes+1","Choke+1"],"picked":"SKIP","floor":5},{"not_picked":["Sucker Punch+1","Crippling Poison"],"picked":"Dagger Spray+1","floor":6},{"not_picked":["Dagger Spray+1","Prepared"],"picked":"Cloak And Dagger","floor":8},{"not_picked":["Deadly Poison","Quick Slash+1"],"picked":"Footwork","floor":12},{"not_picked":["Caltrops","Masterful Stab+1"],"picked":"Noxious Fumes","floor":14},{"not_picked":["Grand Finale+1","Burst"],"picked":"Tools of the Trade","floor":16},{"not_picked":["Deadly Poison+1","Bane+1"],"picked":"Terror+1","floor":18},{"not_picked":["Flying Knee+1","Prepared"],"picked":"Dagger Throw+1","floor":19},{"not_picked":["Setup","Catalyst"],"picked":"Quick Slash+1","floor":21},{"not_picked":["Dagger Spray+1","Acrobatics"],"picked":"Prepared+1","floor":28},{"not_picked":["Underhanded Strike+1","Backflip","Unload+1"],"picked":"Singing Bowl","floor":30},{"not_picked":["Die Die Die+1","Storm of Steel","Wraith Form v2"],"picked":"Singing Bowl","floor":33},{"not_picked":["Flechettes+1","Deflect+1","Crippling Poison"],"picked":"Singing Bowl","floor":35},{"not_picked":["Enlightenment","Panache"],"picked":"Secret Weapon","floor":38},{"not_picked":["Bandage Up","Good Instincts","Jack Of All Trades"],"picked":"Singing Bowl","floor":38},{"not_picked":["Dramatic Entrance+1","Secret Weapon"],"picked":"Apotheosis","floor":38},{"not_picked":["Poisoned Stab+1","Deadly Poison"],"picked":"Sucker Punch+1","floor":41},{"not_picked":["Crippling Poison+1","Prepared+1"],"picked":"Footwork","floor":45},{"not_picked":["Setup+1","Outmaneuver+1","Sucker Punch+1"],"picked":"Singing Bowl","floor":46}],"player_experience":781201,"potions_floor_usage":[6,16,33,50,50,50],"damage_taken":[{"damage":2,"enemies":"Cultist","floor":1,"turns":4},{"damage":1,"enemies":"2 Louse","floor":2,"turns":3},{"damage":2,"enemies":"Jaw Worm","floor":5,"turns":5},{"damage":11,"enemies":"Gremlin Nob","floor":6,"turns":5},{"damage":14,"enemies":"Lagavulin","floor":8,"turns":11},{"damage":0,"enemies":"2 Fungi Beasts","floor":12,"turns":3},{"damage":0,"enemies":"3 Sentries","floor":14,"turns":9},{"damage":13,"enemies":"The Guardian","floor":16,"turns":12},{"damage":0,"enemies":"3 Byrds","floor":18,"turns":5},{"damage":11,"enemies":"Chosen","floor":19,"turns":5},{"damage":12,"enemies":"Centurion and Healer","floor":21,"turns":7},{"damage":10,"enemies":"Sentry and Sphere","floor":28,"turns":8},{"damage":5,"enemies":"Snake Plant","floor":30,"turns":4},{"damage":2,"enemies":"Automaton","floor":33,"turns":10},{"damage":5,"enemies":"3 Darklings","floor":35,"turns":4},{"damage":0,"enemies":"Orb Walker","floor":41,"turns":5},{"damage":3,"enemies":"Sphere and 2 Shapes","floor":45,"turns":6},{"damage":2,"enemies":"Mysterious Sphere","floor":46,"turns":5},{"damage":21,"enemies":"Time Eater","floor":50,"turns":17}],"relics_obtained":[{"floor":4,"key":"Molten Egg 2"},{"floor":6,"key":"Juzu Bracelet"},{"floor":8,"key":"Anchor"},{"floor":9,"key":"Bottled Flame"},{"floor":14,"key":"Centennial Puzzle"},{"floor":26,"key":"Omamori"},{"floor":29,"key":"Bag of Preparation"},{"floor":43,"key":"Toxic Egg 2"},{"floor":46,"key":"Dead Branch"}],"event_choices":[{"event_name":"Golden Wing","player_choice":"Card Removal","floor":3,"damage_taken":0},{"event_name":"Liars Game","player_choice":"disagreed","floor":10,"damage_taken":0},{"event_name":"Addict","player_choice":"Obtained Relic","floor":20,"damage_taken":0},{"event_name":"Beggar","player_choice":"Ignored","floor":24,"damage_taken":0},{"event_name":"Transmorgrifier","player_choice":"Transform","floor":37,"damage_taken":0},{"event_name":"SensoryStone","player_choice":"Memory 3","floor":38,"damage_taken":0},{"event_name":"Tomb of Lord Red Mask","player_choice":"Paid","floor":39,"damage_taken":0},{"event_name":"Mysterious Sphere","player_choice":"Fight","floor":46,"damage_taken":0},{"event_name":"Golden Shrine","player_choice":"Pray","floor":48,"damage_taken":0}],"boss_relics":[{"not_picked":["Black Star","Lizard Tail"],"picked":"Astrolabe"},{"not_picked":["Calling Bell","Runic Dome"],"picked":"Cursed Key"}],"items_purged_floors":[22],"potions_floor_spawned":[2,12,14,18,19,28,33,35,45,46],"seed_played":"-2252463025701105151","ascension_level":12,"potions_obtained":[{"floor":2,"key":"FearPotion"},{"floor":12,"key":"Ancient Potion"},{"floor":14,"key":"GhostInAJar"},{"floor":18,"key":"Dexterity Potion"},{"floor":19,"key":"Strength Potion"},{"floor":33,"key":"Regen Potion"},{"floor":45,"key":"Poison Potion"},{"floor":46,"key":"Poison Potion"}],"is_trial":false}