{"gold_per_floor":[110,5,18,18,36,61,12,12,67,67,83,112,112],"floor_reached":13,"playtime":398,"items_purged":[],"score":126,"play_id":"80bb3360-2e14-4ce3-8af8-b14201f04b7f","local_time":"20181103221456","is_ascension_mode":true,"campfire_choices":[{"data":"Blade Dance","floor":8,"key":"SMITH"},{"floor":10,"key":"REST"}],"neow_cost":"NONE","seed_source_timestamp":6342509651406,"circlet_count":0,"master_deck":["Defend_G","Defend_G","Defend_G","Defend_G","Defend_G","Strike_G","Strike_G","Strike_G","Strike_G","Strike_G","Survivor","Neutralize","Finisher","Noxious Fumes","Deadly Poison","Finisher","Blade Dance+1","Well Laid Plans","Deadly Poison","Infinite Blades","Footwork"],"relics":["Ring of the Snake","NeowsBlessing","Regal Pillow","Potion Belt","Pen Nib"],"potions_floor_usage":[],"damage_taken":[{"damage":0,"enemies":"Cultist","floor":1,"turns":1},{"damage":0,"enemies":"2 Louse","floor":3,"turns":1},{"damage":0,"enemies":"Small Slimes","floor":5,"turns":1},{"damage":32,"enemies":"Lagavulin","floor":6,"turns":5},{"damage":15,"enemies":"2 Fungi Beasts","floor":11,"turns":3},{"damage":35,"enemies":"Gremlin Nob","floor":12,"turns":4},{"damage":37,"enemies":"Gremlin Gang","floor":13,"turns":3}],"seed_played":"254171519319318362","potions_obtained":[{"floor":1,"key":"Regen Potion"},{"floor":3,"key":"Dexterity Potion"},{"floor":11,"key":"FairyPotion"}],"is_trial":false,"path_per_floor":["M","$","M","?","M","E","$","R","T","R","M","E","M"],"character_chosen":"THE_SILENT","items_purchased":["Noxious Fumes","Deadly Poison","Deadly Poison"],"campfire_rested":1,"item_purchase_floors":[2,2,7],"current_hp_per_floor":[63,63,63,68,68,36,36,36,36,73,58,23,0],"gold":112,"neow_bonus":"THREE_ENEMY_KILL","is_prod":false,"is_daily":false,"chose_seed":false,"campfire_upgraded":1,"win_rate":0,"timestamp":1541297696,"path_taken":["M","?","?","?","M","E","$","R","T","R","M","E","M"],"build_version":"2018-11-01","purchased_purges":0,"victory":false,"max_hp_per_floor":[70,70,70,75,75,75,75,75,75,75,75,75,75],"card_choices":[{"not_picked":["Dash","Deadly Poison"],"picked":"Finisher","floor":1},{"not_picked":["Bane","Masterful Stab"],"picked":"Finisher","floor":3},{"not_picked":["Riddle With Holes","Flying Knee"],"picked":"Blade Dance","floor":5},{"not_picked":["Dagger Throw","Blur"],"picked":"Well Laid Plans","floor":6},{"not_picked":["Expertise","Sucker Punch"],"picked":"Infinite Blades","floor":11},{"not_picked":["Poisoned Stab","Acrobatics"],"picked":"Footwork","floor":12}],"player_experience":729956,"relics_obtained":[{"floor":6,"key":"Regal Pillow"},{"floor":9,"key":"Potion Belt"},{"floor":12,"key":"Pen Nib"}],"event_choices":[{"damage_healed":0,"gold_gain":0,"player_choice":"Donut","damage_taken":0,"max_hp_gain":5,"max_hp_loss":0,"event_name":"Big Fish","floor":4,"gold_loss":0}],"is_beta":false,"boss_relics":[],"items_purged_floors":[],"is_endless":false,"potions_floor_spawned":[1,3,11],"killed_by":"Gremlin Gang","ascension_level":7}