{"gold_per_floor":[109,124,124,143,143,143,176,189,189,206,241,254,280,293,293,394,394,379,25,25,25,48,74,74,102,170,196,11,11,23,37,37,138,138,153,103,103,103,115,140,158,190,213,213,313,372,390,417,417,417,417,417,119,154,154],"floor_reached":56,"playtime":2230,"items_purged":["Strike_R","Strike_R"],"score":1468,"play_id":"6c8d487e-4fa8-44e9-b9c6-13722da644be","local_time":"20181201174914","is_ascension_mode":false,"campfire_choices":[{"data":"True Grit","floor":6.0,"key":"SMITH"},{"data":"Corruption","floor":15.0,"key":"SMITH"},{"data":"Barricade","floor":29.0,"key":"SMITH"},{"data":"Flame Barrier","floor":32.0,"key":"SMITH"},{"data":"Offering","floor":44,"key":"SMITH"},{"floor":49,"key":"RECALL"},{"data":"Limit Break","floor":52,"key":"SMITH"}],"neow_cost":"NONE","seed_source_timestamp":19374545099686,"circlet_count":0,"master_deck":["Strike_R","Strike_R","Defend_R","Defend_R","Defend_R","Defend_R","Headbutt","True Grit+1","Spot Weakness","Shockwave","Corruption+1","Battle Trance","Offering+1","Barricade+1","Body Slam","Inflame","Whirlwind","Dropkick","Pommel Strike","Entrench+1","Flame Barrier+1","Limit Break+1","Armaments+1","Madness","Madness","Shrug It Off+1","Sword Boomerang+1","Heavy Blade+1","Feel No Pain+1","Feel No Pain","Secret Weapon"],"special_seed":0,"relics":["Burning Blood","Question Card","Meat on the Bone","Letter Opener","Happy Flower","Orrery","Sling","Bag of Marbles","MutagenicStrength","Oddly Smooth Stone","Red Skull","Smiling Mask","Gremlin Horn","MawBank","Toy Ornithopter","Black Star","Kunai","Shuriken","Mummified Hand","Pantograph","Gambling Chip","Centennial Puzzle","Tiny Chest","Ancient Tea Set","Regal Pillow","Vajra"],"potions_floor_usage":[55],"damage_taken":[{"damage":3.0,"enemies":"Small Slimes","floor":1.0,"turns":3.0},{"damage":1.0,"enemies":"2 Louse","floor":2.0,"turns":3.0},{"damage":5.0,"enemies":"Cultist","floor":4.0,"turns":4.0},{"damage":45.0,"enemies":"Lagavulin","floor":7.0,"turns":8.0},{"damage":16.0,"enemies":"Lots of Slimes","floor":8.0,"turns":6.0},{"damage":8.0,"enemies":"3 Louse","floor":10.0,"turns":4.0},{"damage":31.0,"enemies":"3 Sentries","floor":11.0,"turns":11.0},{"damage":4.0,"enemies":"Blue Slaver","floor":12.0,"turns":4.0},{"damage":12.0,"enemies":"Gremlin Nob","floor":13.0,"turns":3.0},{"damage":17.0,"enemies":"Large Slime","floor":14.0,"turns":5.0},{"damage":38.0,"enemies":"Slime Boss","floor":16.0,"turns":11.0},{"damage":20.0,"enemies":"2 Thieves","floor":18.0,"turns":4.0},{"damage":29.0,"enemies":"Slavers","floor":23.0,"turns":3.0},{"damage":13.0,"enemies":"Gremlin Leader","floor":25.0,"turns":4.0},{"damage":20.0,"enemies":"Book of Stabbing","floor":27.0,"turns":4.0},{"damage":6.0,"enemies":"Spheric Guardian","floor":30.0,"turns":3.0},{"damage":27.0,"enemies":"Snake Plant","floor":31.0,"turns":5.0},{"damage":20.0,"enemies":"Automaton","floor":33.0,"turns":6.0},{"damage":23.0,"enemies":"Orb Walker","floor":35.0,"turns":5.0},{"damage":6.0,"enemies":"3 Shapes","floor":39.0,"turns":7.0},{"damage":6.0,"enemies":"Giant Head","floor":40.0,"turns":5.0},{"damage":27.0,"enemies":"Maw","floor":41.0,"turns":5.0},{"damage":6.0,"enemies":"Reptomancer","floor":42.0,"turns":5.0},{"damage":18,"enemies":"Mind Bloom Boss Battle","floor":45,"turns":6},{"damage":48,"enemies":"Giant Head","floor":46,"turns":8},{"damage":24,"enemies":"3 Darklings","floor":47,"turns":3},{"damage":9,"enemies":"Awakened One","floor":50,"turns":6},{"damage":38,"enemies":"Shield and Spear","floor":54,"turns":6},{"damage":49,"enemies":"The Heart","floor":55,"turns":7}],"seed_played":"1445441503174507231","potions_obtained":[{"floor":2.0,"key":"Dexterity Potion"},{"floor":10.0,"key":"Explosive Potion"},{"floor":11.0,"key":"Regen Potion"},{"floor":12.0,"key":"SteroidPotion"},{"floor":13.0,"key":"LiquidBronze"},{"floor":16.0,"key":"PowerPotion"},{"floor":27.0,"key":"SpeedPotion"},{"floor":33.0,"key":"Strength Potion"},{"floor":40.0,"key":"Energy Potion"}],"is_trial":false,"path_per_floor":["M","M","?","M","?","R","E","M","T","M","E","M","E","M","R","B",null,"M","$","$","?","T","E","?","E","T","E","$","R","M","M","R","B",null,"M","$","?","?","M","E","M","E","T","R","?","E","M","T","R","B",null,"R","$","E","B",null],"character_chosen":"IRONCLAD","items_purchased":["Sling","Bag of Marbles","Toy Ornithopter","Feel No Pain","Secret Weapon"],"campfire_rested":0,"item_purchase_floors":[19,19,28,53,53],"current_hp_per_floor":[88,88,93,93,93,93,54,44,44,54,41,55,61,62,62,42,93,79,79,79,79,79,65,47,52,52,50,50,50,62,53,53,51,98,81,81,69,69,69,69,60,60,60,60,73,43,37,37,37,59,98,98,98,66,65],"gold":154,"neow_bonus":"TEN_PERCENT_HP_BONUS","is_prod":false,"is_daily":false,"chose_seed":false,"campfire_upgraded":6,"win_rate":0,"timestamp":1543682954,"path_taken":["M","M","?","M","?","R","E","?","T","M","E","M","E","M","R","BOSS","M","?","$","?","?","E","?","E","T","E","?","R","M","M","R","BOSS","M","$","?","?","M","E","M","E","T","R","?","E","M","?","R","BOSS","R","$","E","BOSS"],"build_version":"2018-11-15","purchased_purges":2,"victory":true,"max_hp_per_floor":[88,88,93,93,93,93,93,93,93,93,93,93,93,93,93,93,93,93,93,93,93,93,93,98,98,98,98,98,98,98,98,98,98,98,98,98,98,98,98,98,98,98,98,98,98,98,98,98,98,98,98,98,98,98,98],"card_choices":[{"not_picked":["Havoc","Uppercut"],"picked":"Headbutt","floor":1.0},{"not_picked":["Evolve","Wild Strike"],"picked":"True Grit","floor":2.0},{"not_picked":["Iron Wave","Cleave","Blood for Blood"],"picked":"SKIP","floor":4.0},{"not_picked":["Juggernaut","Power Through"],"picked":"Shockwave","floor":7.0},{"not_picked":["Uppercut","Heavy Blade","Clothesline"],"picked":"Corruption","floor":8.0},{"not_picked":["Havoc","Intimidate","Flex","Evolve"],"picked":"SKIP","floor":10.0},{"not_picked":["Reckless Charge","Heavy Blade","Clash"],"picked":"Battle Trance","floor":11.0},{"not_picked":["Flex","Heavy Blade","Pommel Strike"],"picked":"Offering","floor":12.0},{"not_picked":["Warcry","Headbutt","Intimidate","Corruption"],"picked":"SKIP","floor":13.0},{"not_picked":["Rupture","Warcry","Perfected Strike","Pommel Strike"],"picked":"SKIP","floor":14.0},{"not_picked":["Juggernaut","Immolate","Feed"],"picked":"Barricade","floor":16.0},{"not_picked":["Clash","Iron Wave","Whirlwind"],"picked":"Body Slam","floor":17.0},{"not_picked":["Rupture","Twin Strike","Body Slam"],"picked":"Inflame","floor":17.0},{"not_picked":["Shockwave","Warcry","Pummel"],"picked":"Whirlwind","floor":17.0},{"not_picked":["Anger","Perfected Strike+1","Cleave"],"picked":"Dropkick","floor":18.0},{"not_picked":["Burning Pact+1","Warcry","Flex"],"picked":"Pommel Strike","floor":23.0},{"not_picked":["Armaments","Dual Wield","Sentinel+1","Wild Strike"],"picked":"SKIP","floor":25.0},{"not_picked":["Combust","Warcry","Thunderclap","Juggernaut"],"picked":"SKIP","floor":27.0},{"not_picked":["Sword Boomerang+1","Shrug It Off","Clothesline"],"picked":"Entrench+1","floor":30.0},{"not_picked":["Combust","Searing Blow+1","Clothesline"],"picked":"Flame Barrier","floor":31.0},{"not_picked":["Feed","Reaper","Fiend Fire"],"picked":"Limit Break","floor":33.0},{"not_picked":["Perfected Strike+1","Corruption","Thunderclap+1"],"picked":"Armaments+1","floor":35.0},{"not_picked":["Clothesline","Twin Strike","Bloodletting"],"picked":"Shrug It Off+1","floor":39.0},{"not_picked":["Flex+1","Clash","Brutality"],"picked":"Sword Boomerang+1","floor":40.0},{"not_picked":["Armaments","Havoc+1","Body Slam"],"picked":"Heavy Blade+1","floor":41.0},{"not_picked":["Uppercut+1","Wild Strike+1","Headbutt","Thunderclap"],"picked":"SKIP","floor":42.0},{"not_picked":["Metallicize+1","Burning Pact","Entrench"],"picked":"Feel No Pain+1","floor":45},{"not_picked":["Barricade","Clash","Whirlwind","Sever Soul+1"],"picked":"SKIP","floor":46},{"not_picked":["Blood for Blood+1","Fire Breathing+1","Wild Strike","Flex"],"picked":"SKIP","floor":47},{"not_picked":["Perfected Strike+1","Heavy Blade","Second Wind+1","Bloodletting+1"],"picked":"SKIP","floor":54}],"player_experience":483340,"relics_obtained":[{"floor":7.0,"key":"Question Card"},{"floor":9.0,"key":"Meat on the Bone"},{"floor":11.0,"key":"Letter Opener"},{"floor":13.0,"key":"Happy Flower"},{"floor":22.0,"key":"Oddly Smooth Stone"},{"floor":23.0,"key":"Red Skull"},{"floor":25.0,"key":"Smiling Mask"},{"floor":26.0,"key":"Gremlin Horn"},{"floor":27.0,"key":"MawBank"},{"floor":40.0,"key":"Kunai"},{"floor":40.0,"key":"Shuriken"},{"floor":42.0,"key":"Mummified Hand"},{"floor":42.0,"key":"Pantograph"},{"floor":45,"key":"Gambling Chip"},{"floor":46,"key":"Centennial Puzzle"},{"floor":46,"key":"Tiny Chest"},{"floor":48,"key":"Ancient Tea Set"},{"floor":54,"key":"Regal Pillow"},{"floor":54,"key":"Vajra"}],"event_choices":[{"damage_healed":0.0,"max_hp_gain":5.0,"max_hp_loss":0.0,"gold_gain":0.0,"event_name":"Big Fish","player_choice":"Donut","floor":3.0,"gold_loss":0.0,"damage_taken":0.0},{"damage_healed":0.0,"max_hp_gain":0.0,"max_hp_loss":0.0,"gold_gain":0.0,"cards_transformed":["Strike_R"],"event_name":"Transmorgrifier","player_choice":"Transformed","floor":5.0,"gold_loss":0.0,"damage_taken":0.0,"cards_obtained":["Spot Weakness"]},{"damage_healed":0.0,"max_hp_gain":0.0,"max_hp_loss":0.0,"gold_gain":0.0,"event_name":"Drug Dealer","player_choice":"Inject Mutagens","floor":21.0,"gold_loss":0.0,"damage_taken":0.0,"relics_obtained":["MutagenicStrength"]},{"damage_healed":0.0,"max_hp_gain":5.0,"max_hp_loss":0.0,"gold_gain":0.0,"event_name":"Forgotten Altar","player_choice":"Shed Blood","floor":24.0,"gold_loss":0.0,"damage_taken":23.0},{"damage_healed":0.0,"max_hp_gain":0.0,"max_hp_loss":0.0,"gold_gain":0.0,"event_name":"Winding Halls","player_choice":"Embrace Madness","floor":37.0,"gold_loss":0.0,"damage_taken":12.0,"cards_obtained":["Madness","Madness"]},{"cards_removed":["Bash"],"damage_healed":0.0,"max_hp_gain":0.0,"max_hp_loss":0.0,"gold_gain":0.0,"event_name":"Falling","player_choice":"Removed Attack","floor":38.0,"gold_loss":0.0,"damage_taken":0.0},{"damage_healed":0,"gold_gain":0,"player_choice":"Fight","damage_taken":0,"max_hp_gain":0,"max_hp_loss":0,"event_name":"MindBloom","floor":45,"gold_loss":0}],"is_beta":false,"boss_relics":[{"not_picked":["Runic Pyramid","Fusion Hammer"],"picked":"Orrery"},{"not_picked":["Pandora\u0027s Box","Calling Bell"],"picked":"Black Star"}],"items_purged_floors":[36,53],"is_endless":false,"potions_floor_spawned":[2,10,11,12,13,16,18,27,33,40,41,47],"ascension_level":0}