{"path_per_floor":["M","$","?","$","M","?","M","E","T","R","M","R","$","E","R","B",null,"M","M","$","?","M","?","M","R","T","M","$","R","T","M","R"],"character_chosen":"IRONCLAD","items_purchased":["Dropkick","Pommel Strike","Cleave"],"gold_per_floor":[118,43,43,43,62,62,77,106,106,106,126,126,53,79,79,174,174,190,204,30,30,45,45,55,55,102,113,113,113,113,125,125],"floor_reached":33,"campfire_rested":2,"playtime":1433,"current_hp_per_floor":[76,76,81,81,82,75,62,68,68,68,66,66,66,48,48,16,99,97,78,78,63,37,37,13,44,44,31,31,62,62,63,63],"items_purged":["Regret","Defend_R"],"gold":125,"play_id":"6b54fd1c-1f46-44fb-a864-762fe393ead4","is_prod":false,"is_daily":false,"is_ascension_mode":false,"campfire_upgraded":4,"path_taken":["M","$","?","$","?","?","M","E","T","R","M","R","$","E","R","BOSS","M","M","?","?","M","?","M","R","T","M","?","R","?","M","R","BOSS"],"build_version":"2018-02-01-PROD3","purchased_purges":2,"victory":false,"master_deck":["Strike_R","Strike_R","Strike_R","Strike_R","Strike_R","Defend_R","Defend_R","Bash+1","Iron Wave+1","Dropkick","Thunderclap","Dropkick","Heavy Blade+1","Double Tap+1","Dropkick","Pommel Strike","Cleave","Shrug It Off","Intimidate+1","Offering"],"max_hp_per_floor":[80,80,85,85,85,85,85,99,99,99,99,99,99,99,99,99,99,99,99,99,104,104,104,104,104,104,104,104,104,104,104,104],"relics":["Burning Blood","Gambling Chip","Mango","Prayer Wheel","Vajra","White Beast Statue","Blood Vial","Champion Belt"],"card_choices":[{"not_picked":["Flex","Dual Wield"],"picked":"Iron Wave"},{"not_picked":["Pummel","Flex"],"picked":"Dropkick"},{"not_picked":["Perfected Strike","Warcry"],"picked":"Thunderclap"},{"not_picked":["Disarm","Battle Trance"],"picked":"Heavy Blade"},{"not_picked":["Juggernaut","Immolate"],"picked":"Double Tap"},{"not_picked":["Wild Strike","Flame Barrier"],"picked":"Dropkick"},{"not_picked":["Entrench","Pummel"],"picked":"Shrug It Off"},{"not_picked":["Flame Barrier","Body Slam"],"picked":"Intimidate"},{"not_picked":["Heavy Blade","Wild Strike"],"picked":"Offering"}],"player_experience":216742,"potions_floor_usage":[24,27,27,31,33,33],"damage_taken":[{"damage":10.0,"enemies":"2 Louse","floor":1.0,"turns":3.0},{"damage":5.0,"enemies":"Cultist","floor":5.0,"turns":4.0},{"damage":19.0,"enemies":"Blue Slaver","floor":7.0,"turns":3.0},{"damage":26.0,"enemies":"Gremlin Nob","floor":8.0,"turns":5.0},{"damage":8.0,"enemies":"2 Fungi Beasts","floor":11.0,"turns":3.0},{"damage":24.0,"enemies":"Lagavulin","floor":14.0,"turns":4.0},{"damage":38.0,"enemies":"Hexaghost","floor":16.0,"turns":7.0},{"damage":8.0,"enemies":"3 Byrds","floor":18.0,"turns":6.0},{"damage":25,"enemies":"2 Thieves","floor":19,"turns":4},{"damage":32,"enemies":"Snecko","floor":22,"turns":5},{"damage":30,"enemies":"Sentry and Sphere","floor":24,"turns":4},{"damage":27,"enemies":"Snake Plant","floor":27,"turns":3},{"damage":19,"enemies":"3 Cultists","floor":31,"turns":5},{"damage":65,"enemies":"Automaton","floor":33,"turns":6}],"event_choices":[{"event_name":"Big Fish","player_choice":"Donut","floor":3.0,"damage_taken":0.0},{"event_name":"Golden Wing","player_choice":"Card Removal","floor":6.0,"damage_taken":0.0},{"event_name":"Forgotten Altar","player_choice":"Shed Blood","floor":21,"damage_taken":0},{"event_name":"Drug Dealer","player_choice":"Ignored","floor":23,"damage_taken":0}],"boss_relics":[],"potions_floor_spawned":[7,11,14,18,19,22,24,27,31],"seed_played":"-6988804093697718919","killed_by":"Automaton","ascension_level":0,"is_trial":false}