{"gold_per_floor":[109,121,133,143,161,161,190,190,190,204,263,291,291],"floor_reached":13,"playtime":1150,"items_purged":[],"score":116,"play_id":"1daee22e-8082-4d67-854d-af88ede51473","local_time":"20190213194117","is_ascension_mode":true,"campfire_choices":[{"data":"Uppercut","floor":6,"key":"SMITH"},{"floor":8,"key":"REST"}],"neow_cost":"NONE","seed_source_timestamp":2103257205080388,"circlet_count":0,"master_deck":["Strike_R","Strike_R","Strike_R","Strike_R","Defend_R","Defend_R","Defend_R","Defend_R","Bash","Uppercut+1","Body Slam","Clothesline","Pommel Strike","Headbutt","Burning Pact","Flame Barrier","True Grit","Spot Weakness"],"relics":["Burning Blood","Lantern","Kunai","PreservedInsect","Turnip"],"potions_floor_usage":[5,5,7,11,13],"damage_taken":[{"damage":0,"enemies":"Small Slimes","floor":1,"turns":3},{"damage":11,"enemies":"2 Louse","floor":2,"turns":3},{"damage":1,"enemies":"Cultist","floor":3,"turns":3},{"damage":16,"enemies":"2 Fungi Beasts","floor":4,"turns":5},{"damage":24,"enemies":"Gremlin Gang","floor":5,"turns":5},{"damage":42,"enemies":"Lagavulin","floor":7,"turns":7},{"damage":18,"enemies":"Lots of Slimes","floor":10,"turns":4},{"damage":11,"enemies":"Lagavulin Event","floor":11,"turns":5},{"damage":17,"enemies":"3 Sentries","floor":12,"turns":8},{"damage":16,"enemies":"Large Slime","floor":13,"turns":5}],"seed_played":"1310431015892107701","potions_obtained":[{"floor":2,"key":"Poison Potion"},{"floor":3,"key":"Energy Potion"},{"floor":4,"key":"EssenceOfSteel"},{"floor":7,"key":"SkillPotion"},{"floor":12,"key":"Block Potion"}],"is_trial":false,"path_per_floor":["M","M","M","M","M","R","E","R","T","M","?","E","M"],"character_chosen":"IRONCLAD","items_purchased":[],"campfire_rested":1,"item_purchase_floors":[],"current_hp_per_floor":[80,75,80,70,52,52,16,40,40,28,23,12,0],"gold":291,"neow_bonus":"REMOVE_CARD","is_prod":false,"is_daily":false,"chose_seed":false,"campfire_upgraded":1,"win_rate":0,"timestamp":1550086877,"path_taken":["M","M","M","M","M","R","E","R","T","M","?","E","M"],"build_version":"2019-01-23","purchased_purges":0,"victory":false,"max_hp_per_floor":[80,80,80,80,80,80,80,80,80,80,80,80,80],"card_choices":[{"not_picked":["Anger","Dropkick"],"picked":"Uppercut","floor":1},{"not_picked":["Clash","Seeing Red"],"picked":"Body Slam","floor":2},{"not_picked":["Clash","Dropkick"],"picked":"Clothesline","floor":3},{"not_picked":["Uppercut","Bloodletting"],"picked":"Pommel Strike","floor":4},{"not_picked":["Iron Wave","Seeing Red"],"picked":"Headbutt","floor":5},{"not_picked":["Double Tap","Evolve"],"picked":"Burning Pact","floor":7},{"not_picked":["Headbutt","Wild Strike"],"picked":"Flame Barrier","floor":10},{"not_picked":["Perfected Strike","Headbutt"],"picked":"True Grit","floor":11},{"not_picked":["Dropkick","Shrug It Off"],"picked":"Spot Weakness","floor":12}],"player_experience":466274,"relics_obtained":[{"floor":7,"key":"Lantern"},{"floor":9,"key":"Kunai"},{"floor":11,"key":"PreservedInsect"},{"floor":12,"key":"Turnip"}],"event_choices":[{"damage_healed":0,"gold_gain":0,"player_choice":"Searched \u00271\u0027 times","damage_taken":0,"max_hp_gain":0,"max_hp_loss":0,"event_name":"Dead Adventurer","floor":11,"gold_loss":0}],"is_beta":false,"boss_relics":[],"items_purged_floors":[],"is_endless":false,"potions_floor_spawned":[2,3,4,7,12],"killed_by":"Large Slime","ascension_level":4}