{"gold_per_floor":[117,117,136,155,174,208,208,228,228,239,274,284,56,56,56,153,153,164,176,176,176],"floor_reached":21,"playtime":1735,"items_purged":["Defend_G"],"score":212,"play_id":"ec802f65-309a-4aa6-80b8-6e7fd7f340cc","local_time":"20180818015717","is_ascension_mode":true,"campfire_choices":[{"floor":7.0,"key":"REST"},{"floor":15,"key":"REST"}],"neow_cost":"NONE","seed_source_timestamp":0,"circlet_count":0,"master_deck":["Defend_G","Defend_G","Defend_G","Defend_G","Strike_G","Strike_G+1","Strike_G","Strike_G","Survivor","Neutralize","Dagger Throw","Predator","Flying Knee+1","Quick Slash","Caltrops","Choke","Quick Slash","Well Laid Plans","Cloak And Dagger","Reflex","Adrenaline","Dagger Spray+1","Deadly Poison"],"special_seed":0,"relics":["Ring of the Snake","NeowsBlessing","Meat on the Bone","Letter Opener","Pear","Whetstone","Happy Flower","Philosopher\u0027s Stone","Nilry\u0027s Codex"],"potions_floor_usage":[11,16,16,16],"damage_taken":[{"damage":0.0,"enemies":"2 Louse","floor":1.0,"turns":1.0},{"damage":0.0,"enemies":"Small Slimes","floor":3.0,"turns":1.0},{"damage":0.0,"enemies":"Jaw Worm","floor":4.0,"turns":1.0},{"damage":22.0,"enemies":"Lots of Slimes","floor":5.0,"turns":5.0},{"damage":19.0,"enemies":"3 Sentries","floor":6.0,"turns":6.0},{"damage":7.0,"enemies":"Gremlin Gang","floor":8.0,"turns":6.0},{"damage":12,"enemies":"2 Fungi Beasts","floor":10,"turns":3},{"damage":14,"enemies":"Gremlin Nob","floor":11,"turns":4},{"damage":15,"enemies":"Exordium Thugs","floor":12,"turns":3},{"damage":59,"enemies":"The Guardian","floor":16,"turns":10},{"damage":23,"enemies":"3 Byrds","floor":18,"turns":3},{"damage":5,"enemies":"Chosen","floor":19,"turns":3},{"damage":36,"enemies":"Centurion and Healer","floor":21,"turns":3}],"seed_played":"3236523741459883144","potions_obtained":[{"floor":1.0,"key":"Weak Potion"},{"floor":3.0,"key":"Swift Potion"},{"floor":8.0,"key":"Swift Potion"},{"floor":11,"key":"Poison Potion"},{"floor":18,"key":"Explosive Potion"}],"is_trial":false,"path_per_floor":["M","?","M","M","M","E","R","M","T","M","E","M","$","?","R","B",null,"M","M","?"],"character_chosen":"THE_SILENT","items_purchased":["Happy Flower"],"campfire_rested":2,"item_purchase_floors":[13],"current_hp_per_floor":[70,63,63,63,41,34,55,48,58,46,44,41,41,41,65,18,80,57,52,36,0],"gold":176,"neow_bonus":"THREE_ENEMY_KILL","is_prod":false,"is_daily":false,"chose_seed":false,"campfire_upgraded":0,"win_rate":0,"timestamp":1534546637,"path_taken":["M","?","?","?","?","E","R","M","T","M","E","M","$","?","R","BOSS","M","M","?","M"],"build_version":"2018-08-16","purchased_purges":1,"victory":false,"max_hp_per_floor":[70,70,70,70,70,70,70,70,80,80,80,80,80,80,80,80,80,80,80,80,80],"card_choices":[{"not_picked":["All Out Attack","Catalyst"],"picked":"Dagger Throw","floor":1.0},{"not_picked":["Expertise","Dodge and Roll"],"picked":"Predator","floor":3.0},{"not_picked":["PiercingWail","Glass Knife"],"picked":"Flying Knee","floor":4.0},{"not_picked":["Dagger Throw","Leg Sweep"],"picked":"Quick Slash","floor":5.0},{"not_picked":["Acrobatics","Malaise"],"picked":"Caltrops","floor":6.0},{"not_picked":["Quick Slash","Underhanded Strike"],"picked":"Choke","floor":8.0},{"not_picked":["Prepared","Poisoned Stab"],"picked":"Quick Slash","floor":10},{"not_picked":["Bane","Night Terror"],"picked":"Well Laid Plans","floor":11},{"not_picked":["Deadly Poison","Backflip"],"picked":"Cloak And Dagger","floor":12},{"not_picked":["A Thousand Cuts","Glass Knife"],"picked":"Adrenaline","floor":16},{"not_picked":["Masterful Stab","Predator"],"picked":"Dagger Spray+1","floor":18},{"not_picked":["Flechettes","Calculated Gamble"],"picked":"Deadly Poison","floor":19}],"player_experience":49582,"relics_obtained":[{"floor":6.0,"key":"Letter Opener"},{"floor":9,"key":"Pear"},{"floor":11,"key":"Whetstone"},{"floor":20,"key":"Nilry\u0027s Codex"}],"event_choices":[{"event_name":"Scrap Ooze","player_choice":"success","floor":2.0,"damage_taken":7.0},{"event_name":"Transmorgrifier","player_choice":"Transform","floor":14,"damage_taken":0},{"event_name":"Cursed Tome","player_choice":"Obtained Book","floor":20,"damage_taken":0}],"is_beta":false,"boss_relics":[{"not_picked":["Sozu","Coffee Dripper"],"picked":"Philosopher\u0027s Stone"}],"items_purged_floors":[13],"is_endless":false,"potions_floor_spawned":[1,3,8,10,11,18],"killed_by":"Centurion and Healer","ascension_level":2}