{"gold_per_floor":[117,32,32,45,120,151,151,199,199,210,223,242,242,242,242,340,340,353,353,365,14,37,37,56,56],"floor_reached":25,"playtime":1168,"items_purged":["Strike_G"],"score":328,"play_id":"571a3d5c-1005-4092-ad8a-07edde5f8b9f","local_time":"20181201040949","is_ascension_mode":true,"campfire_choices":[{"data":"Accuracy","floor":7,"key":"SMITH"},{"data":"Deadly Poison","floor":13,"key":"SMITH"},{"floor":15,"key":"REST"},{"floor":23,"key":"REST"}],"neow_cost":"NONE","seed_source_timestamp":1471097368710777,"circlet_count":0,"master_deck":["Defend_G","Defend_G+1","Defend_G","Defend_G","Defend_G","Strike_G","Strike_G","Strike_G","Strike_G","Survivor","Neutralize","Choke+1","Accuracy+1","Dodge and Roll+1","Deadly Poison","Deadly Poison+1","Backflip","Acrobatics","Backstab","Tools of the Trade","Concentrate+1","Backflip","Cloak And Dagger","Normality","Cloak And Dagger"],"relics":["Ring of the Snake","NeowsBlessing","Blue Candle","War Paint","Mummified Hand","Singing Bowl","Cursed Key","Pear","Potion Belt"],"potions_floor_usage":[16,24,25,25],"damage_taken":[{"damage":0,"enemies":"Small Slimes","floor":1,"turns":1},{"damage":0,"enemies":"Cultist","floor":4,"turns":1},{"damage":0,"enemies":"3 Sentries","floor":6,"turns":2},{"damage":1,"enemies":"2 Louse","floor":10,"turns":3},{"damage":8,"enemies":"Exordium Wildlife","floor":11,"turns":5},{"damage":12,"enemies":"Lots of Slimes","floor":12,"turns":6},{"damage":42,"enemies":"Hexaghost","floor":16,"turns":10},{"damage":6,"enemies":"Spheric Guardian","floor":18,"turns":5},{"damage":24,"enemies":"3 Byrds","floor":20,"turns":4},{"damage":1,"enemies":"Snake Plant","floor":24,"turns":3},{"damage":46,"enemies":"Gremlin Leader","floor":25,"turns":4}],"seed_played":"7850513921728021517","potions_obtained":[{"floor":6,"key":"AttackPotion"},{"floor":10,"key":"SteroidPotion"},{"floor":16,"key":"Dexterity Potion"},{"floor":20,"key":"Block Potion"}],"is_trial":false,"path_per_floor":["M","$","?","M","?","E","R","T","T","M","M","M","R","T","R","B",null,"M","?","M","$","T","R","M","E"],"character_chosen":"THE_SILENT","items_purchased":["Accuracy","Dodge and Roll","Cloak And Dagger","Pear"],"campfire_rested":2,"item_purchase_floors":[2,2,21,21],"current_hp_per_floor":[63,63,63,63,52,52,52,52,52,51,43,31,31,31,52,10,55,49,33,9,19,19,43,42,0],"gold":56,"neow_bonus":"THREE_ENEMY_KILL","is_prod":false,"is_daily":false,"chose_seed":false,"campfire_upgraded":2,"win_rate":0,"timestamp":1543655389,"path_taken":["M","$","?","?","?","E","R","?","T","M","?","M","R","?","R","BOSS","M","?","M","?","?","R","?","E"],"build_version":"2018-11-15","purchased_purges":1,"victory":false,"max_hp_per_floor":[70,70,70,70,70,70,70,70,70,70,70,70,70,70,70,70,70,70,70,70,80,80,80,80,80],"card_choices":[{"not_picked":["Bane","Slice"],"picked":"Choke","floor":1},{"not_picked":["Outmaneuver","Dodge and Roll"],"picked":"Deadly Poison","floor":4},{"not_picked":["Flying Knee","Underhanded Strike"],"picked":"Deadly Poison","floor":6},{"not_picked":["Choke","Caltrops"],"picked":"Backflip","floor":10},{"not_picked":["Choke","Quick Slash"],"picked":"Acrobatics","floor":11},{"not_picked":["Deadly Poison","Well Laid Plans"],"picked":"Backstab","floor":12},{"not_picked":["Burst","Wraith Form v2"],"picked":"Tools of the Trade","floor":16},{"not_picked":["Sucker Punch","Deflect"],"picked":"Concentrate+1","floor":18},{"not_picked":["Dagger Spray","Underhanded Strike"],"picked":"Backflip","floor":20},{"not_picked":["Prepared","Dodge and Roll+1"],"picked":"Cloak And Dagger","floor":24}],"player_experience":848886,"relics_obtained":[{"floor":6,"key":"Blue Candle"},{"floor":8,"key":"War Paint"},{"floor":9,"key":"Mummified Hand"},{"floor":14,"key":"Singing Bowl"},{"floor":22,"key":"Potion Belt"}],"event_choices":[{"damage_healed":0,"gold_gain":0,"player_choice":"Forge","damage_taken":0,"max_hp_gain":0,"max_hp_loss":0,"event_name":"Accursed Blacksmith","floor":3,"gold_loss":0,"cards_upgraded":["Choke"]},{"damage_healed":0,"gold_gain":75,"player_choice":"Gather Gold","damage_taken":11,"max_hp_gain":0,"max_hp_loss":0,"event_name":"World of Goop","floor":5,"gold_loss":0},{"damage_healed":0,"gold_gain":0,"player_choice":"Obtained Book","damage_taken":16,"max_hp_gain":0,"max_hp_loss":0,"event_name":"Cursed Tome","floor":19,"gold_loss":0}],"is_beta":false,"boss_relics":[{"not_picked":["Orrery","Calling Bell"],"picked":"Cursed Key"}],"items_purged_floors":[21],"is_endless":false,"potions_floor_spawned":[6,10,16,20],"killed_by":"Gremlin Leader","ascension_level":9}