{"gold_per_floor":[116,191,27,39,39,39,69,244,296,321,336,286,306,323,323,424,424,438,438,229,229,245,245,245,245,245,245,245,56,86,99,99,99],"floor_reached":33,"playtime":979,"items_purged":["Bash"],"score":293,"play_id":"1af03a3d-934f-4675-97d9-5ace82175490","local_time":"20190104041538","is_ascension_mode":false,"campfire_choices":[{"data":"Perfected Strike","floor":6,"key":"SMITH"},{"data":"Perfected Strike","floor":15,"key":"SMITH"},{"data":"Perfected Strike","floor":23,"key":"SMITH"},{"data":"Perfected Strike","floor":25,"key":"SMITH"},{"data":"Immolate","floor":28,"key":"SMITH"},{"data":"Armaments","floor":32,"key":"SMITH"}],"neow_cost":"NONE","seed_source_timestamp":1208784591382632,"circlet_count":0,"master_deck":["Strike_R+1","Strike_R+1","Strike_R+1","Strike_R+1","Strike_R+1","Defend_R+1","Defend_R+1","Defend_R+1","Perfected Strike+1","Perfected Strike+1","Ghostly Armor","Twin Strike","Perfected Strike+1","Disarm","Perfected Strike+1","Immolate+1","Inflame+1","Perfected Strike+1","HandOfGreed","True Grit+1","Armaments+1"],"relics":["Burning Blood","NeowsBlessing","Orichalcum","Oddly Smooth Stone","Odd Mushroom","Runic Cube","DollysMirror","Letter Opener"],"potions_floor_usage":[16,33,33],"damage_taken":[{"damage":0,"enemies":"2 Louse","floor":1,"turns":1},{"damage":0,"enemies":"Jaw Worm","floor":4,"turns":1},{"damage":0,"enemies":"Gremlin Nob","floor":7,"turns":1},{"damage":9,"enemies":"The Mushroom Lair","floor":10,"turns":5},{"damage":0,"enemies":"Small Slimes","floor":11,"turns":2},{"damage":6,"enemies":"Blue Slaver","floor":13,"turns":2},{"damage":4,"enemies":"Large Slime","floor":14,"turns":6},{"damage":16,"enemies":"Slime Boss","floor":16,"turns":6},{"damage":0,"enemies":"3 Byrds","floor":18,"turns":4},{"damage":0,"enemies":"Chosen","floor":22,"turns":3},{"damage":18,"enemies":"Centurion and Healer","floor":30,"turns":5},{"damage":8,"enemies":"Chosen and Byrds","floor":31,"turns":4},{"damage":64,"enemies":"Collector","floor":33,"turns":12}],"seed_played":"454890822469933371","potions_obtained":[{"floor":4,"key":"Regen Potion"},{"floor":10,"key":"AttackPotion"},{"floor":13,"key":"GamblersBrew"},{"floor":22,"key":"Energy Potion"}],"is_trial":false,"path_per_floor":["M","?","$","M","$","R","E","?","T","?","M","?","M","M","R","B",null,"M","?","$","?","M","R","?","R","T","?","R","$","M","M","R","B"],"character_chosen":"IRONCLAD","items_purchased":["Perfected Strike","Ghostly Armor","DollysMirror","HandOfGreed"],"campfire_rested":0,"item_purchase_floors":[3,3,20,29],"current_hp_per_floor":[80,69,69,75,75,75,80,80,80,77,80,80,80,80,80,70,80,80,80,80,80,80,80,80,80,80,80,80,80,68,66,66,17],"gold":99,"neow_bonus":"THREE_ENEMY_KILL","is_prod":false,"is_daily":false,"chose_seed":false,"campfire_upgraded":6,"win_rate":0,"timestamp":1546593338,"path_taken":["M","?","$","M","$","R","E","?","T","?","M","?","M","M","R","BOSS","M","?","$","?","?","R","?","R","T","?","R","$","M","M","R","BOSS"],"build_version":"2019-01-03v3","purchased_purges":1,"victory":false,"max_hp_per_floor":[80,80,80,80,80,80,80,80,80,80,80,80,80,80,80,80,80,80,80,80,80,80,80,80,80,80,80,80,80,80,80,80,80],"card_choices":[{"not_picked":["Headbutt","Shockwave"],"picked":"Perfected Strike","floor":1},{"not_picked":["Iron Wave","Ghostly Armor"],"picked":"Twin Strike","floor":4},{"not_picked":["Disarm","Shrug It Off"],"picked":"Perfected Strike","floor":7},{"not_picked":["Clothesline","Sentinel","Hemokinesis"],"picked":"SKIP","floor":11},{"not_picked":["True Grit","Brutality"],"picked":"Disarm","floor":13},{"not_picked":["Clash","Heavy Blade"],"picked":"Perfected Strike","floor":14},{"not_picked":["Brutality","Impervious"],"picked":"Immolate","floor":16},{"not_picked":["Flex","Blood for Blood"],"picked":"Inflame+1","floor":18},{"not_picked":["Flex","Warcry","Seeing Red"],"picked":"SKIP","floor":22},{"not_picked":["Anger+1","Hemokinesis"],"picked":"True Grit+1","floor":30},{"not_picked":["Heavy Blade","Body Slam"],"picked":"Armaments","floor":31}],"player_experience":896811,"relics_obtained":[{"floor":7,"key":"Orichalcum"},{"floor":9,"key":"Oddly Smooth Stone"},{"floor":10,"key":"Odd Mushroom"},{"floor":26,"key":"Letter Opener"}],"event_choices":[{"damage_healed":0,"gold_gain":75,"player_choice":"Gather Gold","damage_taken":11,"max_hp_gain":0,"max_hp_loss":0,"event_name":"World of Goop","floor":2,"gold_loss":0},{"damage_healed":0,"gold_gain":175,"player_choice":"AGREE","damage_taken":0,"max_hp_gain":0,"max_hp_loss":0,"event_name":"Liars Game","floor":8,"gold_loss":0,"cards_obtained":["Doubt"]},{"damage_healed":0,"gold_gain":0,"player_choice":"Fought Mushrooms","damage_taken":0,"max_hp_gain":0,"max_hp_loss":0,"event_name":"Mushrooms","floor":10,"gold_loss":0},{"cards_removed":["Doubt"],"damage_healed":0,"gold_gain":0,"player_choice":"Card Removal","damage_taken":0,"max_hp_gain":0,"max_hp_loss":0,"event_name":"The Cleric","floor":12,"gold_loss":50},{"damage_healed":0,"gold_gain":0,"player_choice":"Ignored","damage_taken":0,"max_hp_gain":0,"max_hp_loss":0,"event_name":"Vampires","floor":19,"gold_loss":0},{"cards_removed":["Defend_R"],"damage_healed":0,"gold_gain":0,"player_choice":"Offered Basic","damage_taken":0,"max_hp_gain":0,"max_hp_loss":0,"event_name":"Bonfire Elementals","floor":21,"gold_loss":0},{"damage_healed":0,"gold_gain":0,"player_choice":"Simplicity","damage_taken":0,"max_hp_gain":0,"max_hp_loss":0,"event_name":"Back to Basics","floor":24,"gold_loss":0,"cards_upgraded":["Strike_R","Strike_R","Strike_R","Strike_R","Strike_R","Defend_R","Defend_R","Defend_R"]},{"damage_healed":0,"gold_gain":0,"player_choice":"Ignored","damage_taken":0,"max_hp_gain":0,"max_hp_loss":0,"event_name":"Ghosts","floor":27,"gold_loss":0}],"is_beta":false,"boss_relics":[{"not_picked":["Fusion Hammer","Sozu"],"picked":"Runic Cube"}],"items_purged_floors":[3],"is_endless":false,"potions_floor_spawned":[4,10,13,22],"killed_by":"Collector","ascension_level":0}