{"path_per_floor":["M","M","M","$","?","R","E","R","T","?","R","M","$","?","R","B",null,"M","M","$","?"],"character_chosen":"IRONCLAD","items_purchased":["Pommel Strike","Shrug It Off"],"gold_per_floor":[116,128,140,43,43,43,78,78,104,104,104,120,69,93,93,188,188,204,191,191,191],"floor_reached":22,"campfire_rested":1,"playtime":881,"current_hp_per_floor":[80,80,80,80,64,64,43,43,43,43,43,38,38,31,55,20,80,40,13,13,13],"items_purged":["Defend_R"],"gold":191,"score":218,"play_id":"4552b76b-d2a0-4ec0-9837-6a39d37f2ec8","local_time":"20180315231806","is_prod":false,"is_daily":false,"is_ascension_mode":true,"campfire_upgraded":3,"timestamp":1521170286,"path_taken":["M","?","M","$","?","R","E","R","T","?","R","M","?","?","R","BOSS","M","M","$","?","M"],"build_version":"2018-03-15","purchased_purges":2,"victory":false,"master_deck":["Strike_R","Strike_R","Strike_R","Strike_R","Strike_R","Defend_R","Defend_R","Bash+1","Pommel Strike+1","Pommel Strike+1","Pommel Strike+1","Impervious+1","Twin Strike","Shrug It Off","Wild Strike","Demon Form","Shrug It Off+1"],"max_hp_per_floor":[80,80,80,80,80,80,80,80,80,80,80,80,80,80,80,80,80,80,80,80,80],"relics":["Burning Blood","NeowsBlessing","Pantograph","Bag of Preparation","Odd Mushroom","Eternal Feather"],"card_choices":[{"not_picked":["Fire Breathing","Warcry"],"picked":"Pommel Strike"},{"not_picked":["Sword Boomerang","Headbutt"],"picked":"Pommel Strike"},{"not_picked":["Ghostly Armor","Warcry"],"picked":"Twin Strike"},{"not_picked":["Barricade","Sword Boomerang"],"picked":"Wild Strike"},{"not_picked":["Dark Embrace","Reaper"],"picked":"Demon Form"},{"not_picked":["Combust","Sever Soul"],"picked":"Shrug It Off"}],"player_experience":277678,"potions_floor_usage":[14,16,22],"damage_taken":[{"damage":0,"enemies":"Cultist","floor":1,"turns":1},{"damage":0,"enemies":"Jaw Worm","floor":2,"turns":1},{"damage":0,"enemies":"Small Slimes","floor":3,"turns":1},{"damage":27,"enemies":"3 Sentries","floor":7,"turns":7},{"damage":11,"enemies":"Looter","floor":12,"turns":2},{"damage":13,"enemies":"The Mushroom Lair","floor":14,"turns":3},{"damage":66,"enemies":"The Guardian","floor":16,"turns":11},{"damage":46,"enemies":"Shell Parasite","floor":18,"turns":8},{"damage":33,"enemies":"2 Thieves","floor":19,"turns":4},{"damage":13,"enemies":"Snecko","floor":22,"turns":2}],"event_choices":[{"event_name":"Shining Light","player_choice":"Entered Light","floor":5,"damage_taken":0},{"event_name":"Transmorgrifier","player_choice":"Transform","floor":10,"damage_taken":0},{"event_name":"Mushrooms","player_choice":"Fought Mushrooms","floor":14,"damage_taken":0},{"event_name":"Beggar","player_choice":"Ignored","floor":21,"damage_taken":0}],"boss_relics":[{"not_picked":["Runic Pyramid","Question Card"],"picked":"Eternal Feather"}],"potions_floor_spawned":[1,2,12,18],"seed_played":"3689980952558652961","killed_by":"Snecko","ascension_level":4,"is_trial":false}