{"path_per_floor":["M","?","?","T","M","R","M","R","T","E","M","R","E","M","R","B",null,"M","M","?","?","M","R","M","M","T","E","M","$","?","M","R","B",null,"M","?","M","?","M","R","E","M","T","R","?","R","E","?","R","B"],"character_chosen":"THE_SILENT","items_purchased":["Meat on the Bone","Ornamental Fan","Tingsha","Regen Potion"],"gold_per_floor":[114,114,289,289,289,289,300,300,300,332,346,346,381,397,397,495,525,543,553,768,768,780,780,792,804,886,914,929,70,70,90,90,195,195,212,0,15,15,35,35,69,82,82,82,82,82,117,117,117,117],"floor_reached":51,"campfire_rested":1,"playtime":4672,"current_hp_per_floor":[63,56,56,56,52,52,52,52,52,51,48,48,45,45,45,1,75,75,68,68,68,67,67,58,42,42,13,11,11,11,28,50,45,75,72,72,39,39,43,43,43,39,39,39,30,30,42,42,42,23],"items_purged":[],"gold":117,"score":637,"play_id":"49a2352b-d527-4102-8ca3-b9c78e0e34da","local_time":"20180309153216","is_prod":false,"is_daily":false,"is_ascension_mode":false,"campfire_upgraded":9,"timestamp":1520627536,"path_taken":["M","?","?","?","M","R","?","R","T","E","M","R","E","?","R","BOSS","M","M","?","?","M","R","M","?","T","E","M","$","?","M","R","BOSS","M","?","M","?","?","R","E","M","T","R","?","R","E","?","R","BOSS"],"build_version":"2018-03-01-PROD1","purchased_purges":0,"victory":true,"master_deck":["Defend_G+1","Defend_G+1","Defend_G+1","Strike_G+1","Strike_G+1","Strike_G+1","Survivor","Neutralize","Tactician+1","Crippling Poison+1","Doubt","Dagger Throw+1","Poisoned Stab+1","Reflex","Prepared+1","Dash","Bullet Time+1","Acrobatics+1","Slice+1","Noxious Fumes+1","Malaise+1","Reflex+1","Noxious Fumes+1","Distraction+1","Poisoned Stab","Tactician+1","Infinite Blades+1","After Image+1","Riddle With Holes+1","Underhanded Strike+1","Leg Sweep+1","Prepared","Dagger Throw","Bane+1","Infinite Blades+1","Madness","Madness","Adrenaline+1"],"max_hp_per_floor":[70,70,70,70,70,70,70,70,70,70,70,70,70,70,70,70,75,75,75,75,75,75,75,75,75,75,75,75,75,75,75,75,75,75,75,75,75,75,75,75,75,75,75,75,75,75,85,85,85,85],"relics":["Ring of the Snake","Snake Skull","Thread and Needle","Lantern","Frozen Egg 2","Tiny House","Old Coin","Tough Bandages","Ice Cream","Meat on the Bone","Ornamental Fan","Tingsha","Centennial Puzzle","Astrolabe","Red Mask","Prayer Wheel","Ginger","Pear"],"card_choices":[{"not_picked":["Backflip","Dagger Throw"],"picked":"Crippling Poison"},{"not_picked":["Dodge and Roll","Bane"],"picked":"Dagger Throw"},{"not_picked":["Sucker Punch","All Out Attack"],"picked":"Poisoned Stab"},{"not_picked":["Prepared","Deflect"],"picked":"Reflex"},{"not_picked":["Flechettes","Reflex"],"picked":"Prepared"},{"not_picked":["Acrobatics","Dodge and Roll"],"picked":"Dash"},{"not_picked":["Tactician","Wraith Form"],"picked":"Bullet Time"},{"not_picked":["Dagger Throw","Deflect"],"picked":"Acrobatics"},{"not_picked":["Eviscerate","Deflect"],"picked":"Slice"},{"not_picked":["Outmaneuver","Backstab"],"picked":"Noxious Fumes"},{"not_picked":["Riddle With Holes","Sucker Punch"],"picked":"Malaise"},{"not_picked":["Malaise","Outmaneuver"],"picked":"Reflex"},{"not_picked":["Prepared","Distraction"],"picked":"Noxious Fumes"},{"not_picked":["Deadly Poison","Riddle With Holes"],"picked":"Distraction"},{"not_picked":["Cloak And Dagger","Quick Slash"],"picked":"Poisoned Stab"},{"not_picked":["All Out Attack","Skewer"],"picked":"Footwork"},{"not_picked":["Glass Knife","Phantasmal Killer"],"picked":"Tactician"},{"not_picked":["Slice","Bane"],"picked":"Underhanded Strike"},{"not_picked":["Deflect","Quick Slash"],"picked":"Leg Sweep"},{"not_picked":["Endless Agony","Blade Dance"],"picked":"Prepared"},{"not_picked":["Burst","Quick Slash"],"picked":"Dagger Throw"},{"not_picked":["Quick Slash","Heel Hook"],"picked":"Bane"},{"not_picked":["PiercingWail","Sucker Punch"],"picked":"Infinite Blades"},{"not_picked":["Endless Agony","Blur"],"picked":"Adrenaline"}],"player_experience":117019,"potions_floor_usage":[10,13,19,22,22,25,31,35,39,41,50,50,50],"damage_taken":[{"damage":7,"enemies":"Small Slimes","floor":1,"turns":5},{"damage":4,"enemies":"2 Louse","floor":5,"turns":4},{"damage":0,"enemies":"Cultist","floor":7,"turns":3},{"damage":1,"enemies":"Gremlin Nob","floor":10,"turns":4},{"damage":3,"enemies":"Large Slime","floor":11,"turns":5},{"damage":3,"enemies":"Lagavulin","floor":13,"turns":5},{"damage":0,"enemies":"Blue Slaver","floor":14,"turns":3},{"damage":44,"enemies":"The Guardian","floor":16,"turns":9},{"damage":0,"enemies":"Chosen","floor":18,"turns":3},{"damage":10,"enemies":"Spheric Guardian","floor":19,"turns":5},{"damage":1,"enemies":"Centurion and Healer","floor":22,"turns":5},{"damage":9,"enemies":"Chosen and Byrds","floor":24,"turns":6},{"damage":16,"enemies":"Sentry and Sphere","floor":25,"turns":5},{"damage":29,"enemies":"Slavers","floor":27,"turns":6},{"damage":2,"enemies":"Snecko","floor":28,"turns":5},{"damage":4,"enemies":"Chosen and Byrds","floor":31,"turns":5},{"damage":17,"enemies":"Collector","floor":33,"turns":7},{"damage":3,"enemies":"3 Darklings","floor":35,"turns":5},{"damage":45,"enemies":"3 Shapes","floor":37,"turns":5},{"damage":11,"enemies":"Maw","floor":39,"turns":7},{"damage":0,"enemies":"Nemesis","floor":41,"turns":9},{"damage":16,"enemies":"4 Shapes","floor":42,"turns":5},{"damage":10,"enemies":"Giant Head","floor":47,"turns":9},{"damage":31,"enemies":"Time Eater","floor":50,"turns":14}],"event_choices":[{"event_name":"Golden Wing","player_choice":"Card Removal","floor":2,"damage_taken":0},{"event_name":"Liars Game","player_choice":"agreed","floor":3,"damage_taken":0},{"event_name":"Addict","player_choice":"Obtained Relic","floor":20,"damage_taken":0},{"event_name":"Back to Basics","player_choice":"Simplicity","floor":21,"damage_taken":0},{"event_name":"The Mausoleum","player_choice":"Yes","floor":30,"damage_taken":0},{"event_name":"Tomb of Lord Red Mask","player_choice":"Paid","floor":36,"damage_taken":0},{"event_name":"Winding Halls","player_choice":"Embrace Madness","floor":45,"damage_taken":0},{"event_name":"The Lab","player_choice":"Got Potions","floor":48,"damage_taken":0}],"boss_relics":[{"not_picked":["Black Star","Snecko Eye"],"picked":"Tiny House"},{"not_picked":["Lizard Tail","Velvet Choker"],"picked":"Astrolabe"}],"potions_floor_spawned":[1,11,18,19,24,33,35,39,42],"seed_played":"2467682623846576330","ascension_level":0,"is_trial":false}