{"gold_per_floor":[110,120,120,140,152,179,107,107,131,157,157,173,183,72,72,72],"floor_reached":16,"playtime":771,"items_purged":["Regret"],"score":140,"play_id":"7f44cfe6-dd9f-4a7b-9736-3c5cf173d2ff","local_time":"20181209132314","is_ascension_mode":true,"campfire_choices":[{"data":"Neutralize","floor":8,"key":"SMITH"},{"floor":15,"key":"REST"}],"neow_cost":"NONE","seed_source_timestamp":1350930288052295,"circlet_count":0,"master_deck":["Defend_G","Defend_G","Defend_G","Defend_G","Defend_G","Strike_G","Strike_G","Strike_G","Strike_G","Strike_G","Survivor","Neutralize+1","Dash","Neutralize","Terror","Acrobatics","Terror","Caltrops","Dash","Noxious Fumes","Poisoned Stab","Noxious Fumes"],"relics":["Ring of the Snake","NeowsBlessing","Happy Flower","Potion Belt","Juzu Bracelet","Bag of Preparation"],"potions_floor_usage":[5,6,13],"damage_taken":[{"damage":0,"enemies":"Cultist","floor":1,"turns":1},{"damage":0,"enemies":"Small Slimes","floor":2,"turns":1},{"damage":0,"enemies":"Jaw Worm","floor":4,"turns":1},{"damage":0,"enemies":"Large Slime","floor":5,"turns":3},{"damage":16,"enemies":"Gremlin Nob","floor":6,"turns":5},{"damage":39,"enemies":"3 Sentries","floor":10,"turns":10},{"damage":7,"enemies":"Blue Slaver","floor":12,"turns":3},{"damage":1,"enemies":"Exordium Wildlife","floor":13,"turns":2},{"damage":29,"enemies":"Slime Boss","floor":16,"turns":8}],"seed_played":"5025699298005378656","potions_obtained":[{"floor":1,"key":"AttackPotion"},{"floor":4,"key":"Energy Potion"},{"floor":10,"key":"GhostInAJar"}],"is_trial":false,"path_per_floor":["M","M","?","M","M","E","$","R","T","E","?","M","M","$","R","B"],"character_chosen":"THE_SILENT","items_purchased":["Caltrops","Noxious Fumes"],"campfire_rested":1,"item_purchase_floors":[7,14],"current_hp_per_floor":[70,70,70,70,70,54,54,54,54,15,15,8,7,7,28,0],"gold":72,"neow_bonus":"THREE_ENEMY_KILL","is_prod":false,"is_daily":false,"chose_seed":false,"campfire_upgraded":1,"win_rate":0,"timestamp":1544379794,"path_taken":["M","?","?","M","?","E","?","R","T","E","?","M","M","$","R","BOSS"],"build_version":"2018-12-06","purchased_purges":1,"victory":false,"max_hp_per_floor":[70,70,70,70,70,70,70,70,70,70,70,70,70,70,70,70],"card_choices":[{"not_picked":["Bouncing Flask","Skewer"],"picked":"Dash","floor":1},{"not_picked":["Slice","Bane","Eviscerate"],"picked":"SKIP","floor":2},{"not_picked":["Backflip","Setup"],"picked":"Acrobatics","floor":4},{"not_picked":["Accuracy","Underhanded Strike"],"picked":"Terror","floor":5},{"not_picked":["Underhanded Strike","Night Terror","Bane"],"picked":"SKIP","floor":6},{"not_picked":["Tactician","PiercingWail"],"picked":"Dash","floor":10},{"not_picked":["Dagger Spray","Heel Hook"],"picked":"Noxious Fumes","floor":12},{"not_picked":["Backflip","Finisher"],"picked":"Poisoned Stab","floor":13}],"player_experience":282123,"relics_obtained":[{"floor":6,"key":"Happy Flower"},{"floor":9,"key":"Potion Belt"},{"floor":10,"key":"Juzu Bracelet"}],"event_choices":[{"damage_healed":0,"gold_gain":0,"player_choice":"2 cards matched","damage_taken":0,"max_hp_gain":0,"max_hp_loss":0,"event_name":"Match and Keep!","floor":3,"gold_loss":0,"cards_obtained":["Neutralize","Terror"]},{"damage_healed":0,"gold_gain":0,"player_choice":"Box","damage_taken":0,"relics_obtained":["Bag of Preparation"],"max_hp_gain":0,"max_hp_loss":0,"event_name":"Big Fish","floor":11,"gold_loss":0,"cards_obtained":["Regret"]}],"is_beta":false,"boss_relics":[],"items_purged_floors":[14],"is_endless":false,"potions_floor_spawned":[1,4,10],"killed_by":"Slime Boss","ascension_level":5}