{"gold_per_floor":[10,25,25,40,5,5,37,37,37,37,47,58,85,101,101,201,201,213,213,213,224,235,235,261,58,84,106,118,163,175,205,217,326,338,365,9,109,109,0,0,26,56,56,56,89,107,107,136,136,136],"floor_reached":51,"playtime":17557,"items_purged":["Defend_G"],"score":1357,"play_id":"7023600b-b0cb-4aab-a1cf-b1f2b8bcf6f4","local_time":"20190302153601","is_ascension_mode":true,"campfire_choices":[{"data":"Sucker Punch","floor":6,"key":"SMITH"},{"data":"Envenom","floor":8,"key":"SMITH"},{"data":"Blade Dance","floor":10,"key":"SMITH"},{"data":"Cloak And Dagger","floor":15,"key":"SMITH"},{"data":"Burst","floor":23,"key":"SMITH"},{"data":"Crippling Poison","floor":28,"key":"SMITH"},{"data":"Neutralize","floor":30,"key":"SMITH"},{"floor":32,"key":"REST"},{"data":"Adrenaline","floor":40,"key":"SMITH"},{"floor":44,"key":"REST"},{"data":"Acrobatics","floor":49,"key":"SMITH"}],"neow_cost":"NO_GOLD","seed_source_timestamp":229028454626740,"circlet_count":0,"master_deck":["AscendersBane","Defend_G","Defend_G","Defend_G","Defend_G","Strike_G","Strike_G","Survivor","Neutralize+1","Venomology","Envenom+1","Masterful Stab","Dagger Spray","Sucker Punch+1","Blade Dance+1","Acrobatics+1","Cloak And Dagger+1","Burst+1","Backflip","Crippling Poison+1","Deflect+1","Accuracy+1","Adrenaline+1","Flash of Steel","After Image","Well Laid Plans+1"],"relics":["Ring of the Snake","Pocketwatch","Du-Vu Doll","Mercury Hourglass","WristBlade","Pear","Dodecahedron","OrangePellets","MawBank","Nunchaku","Philosopher\u0027s Stone","Ornamental Fan","WingedGreaves","Red Mask","Tingsha","Centennial Puzzle","Incense Burner","Pantograph","Ninja Scroll"],"potions_floor_usage":[1,2,7,7,12,13,13,14,16,18,21,22,24,27,27,27,33,33,41,42,45,48,50,50,50,50],"damage_taken":[{"damage":0,"enemies":"Cultist","floor":1,"turns":4},{"damage":4,"enemies":"Jaw Worm","floor":2,"turns":5},{"damage":0,"enemies":"Small Slimes","floor":4,"turns":3},{"damage":10,"enemies":"3 Sentries","floor":7,"turns":7},{"damage":0,"enemies":"2 Fungi Beasts","floor":11,"turns":2},{"damage":1,"enemies":"Exordium Thugs","floor":12,"turns":3},{"damage":8,"enemies":"Lagavulin","floor":13,"turns":4},{"damage":2,"enemies":"Red Slaver","floor":14,"turns":3},{"damage":13,"enemies":"Hexaghost","floor":16,"turns":8},{"damage":0,"enemies":"Chosen","floor":18,"turns":4},{"damage":0,"enemies":"2 Thieves","floor":21,"turns":4},{"damage":10,"enemies":"Shelled Parasite and Fungi","floor":22,"turns":5},{"damage":0,"enemies":"Slavers","floor":24,"turns":5},{"damage":17,"enemies":"Centurion and Healer","floor":27,"turns":3},{"damage":18,"enemies":"Gremlin Leader","floor":29,"turns":7},{"damage":0,"enemies":"Chosen and Byrds","floor":31,"turns":3},{"damage":50,"enemies":"Automaton","floor":33,"turns":9},{"damage":0,"enemies":"Orb Walker","floor":35,"turns":2},{"damage":1,"enemies":"Mind Bloom Boss Battle","floor":37,"turns":7},{"damage":1,"enemies":"Giant Head","floor":41,"turns":5},{"damage":13,"enemies":"Reptomancer","floor":42,"turns":6},{"damage":0,"enemies":"Giant Head","floor":45,"turns":6},{"damage":0,"enemies":"3 Shapes","floor":46,"turns":3},{"damage":14,"enemies":"Nemesis","floor":48,"turns":4},{"damage":63,"enemies":"Time Eater","floor":50,"turns":9}],"seed_played":"-7395008743468187365","potions_obtained":[{"floor":1,"key":"Ancient Potion"},{"floor":2,"key":"GhostInAJar"},{"floor":11,"key":"SkillPotion"},{"floor":13,"key":"Poison Potion"},{"floor":18,"key":"Weak Potion"},{"floor":21,"key":"AttackPotion"},{"floor":24,"key":"SteroidPotion"},{"floor":48,"key":"AttackPotion"}],"is_trial":false,"path_per_floor":["M","M","?","M","?","R","E","R","T","R","M","M","E","M","R","B",null,"M","?","T","M","M","R","E","$","T","M","R","E","R","M","R","B",null,"M","$","?","?","?","R","E","E","T","R","E","M","?","E","R","B",null],"character_chosen":"THE_SILENT","items_purchased":["OrangePellets","Ornamental Fan","SteroidPotion"],"campfire_rested":2,"item_purchase_floors":[25,36,36],"current_hp_per_floor":[63,59,59,59,70,70,60,60,60,60,60,59,51,49,49,36,62,62,62,72,72,62,62,62,62,62,45,45,27,27,27,51,1,60,60,60,59,59,59,59,58,45,45,69,69,69,69,55,55,17],"gold":136,"neow_bonus":"TRANSFORM_TWO_CARDS","is_prod":false,"is_daily":false,"chose_seed":false,"campfire_upgraded":9,"win_rate":0,"timestamp":1551558961,"path_taken":["M","?","?","M","?","R","E","R","T","R","M","M","E","M","R","BOSS","M","?","?","?","M","R","E","$","T","M","R","E","R","?","R","BOSS","M","$","?","?","?","R","E","E","T","R","E","?","?","E","R","BOSS"],"build_version":"2019-01-23","purchased_purges":1,"victory":true,"max_hp_per_floor":[70,70,70,70,70,70,70,70,70,70,70,70,70,70,70,70,70,70,70,80,80,80,80,80,80,80,80,80,80,80,80,80,80,80,80,80,80,80,80,80,80,80,80,80,80,80,80,80,80,80],"card_choices":[{"not_picked":["Underhanded Strike","Quick Slash"],"picked":"Masterful Stab","floor":1},{"not_picked":["Prepared","Deflect"],"picked":"Dagger Spray","floor":2},{"not_picked":["Prepared","Quick Slash"],"picked":"Sucker Punch","floor":4},{"not_picked":["Quick Slash","Calculated Gamble"],"picked":"Blade Dance","floor":7},{"not_picked":["Reflex","Concentrate","Outmaneuver"],"picked":"SKIP","floor":11},{"not_picked":["Underhanded Strike","Setup"],"picked":"Acrobatics","floor":12},{"not_picked":["A Thousand Cuts","Skewer","Dagger Throw"],"picked":"SKIP","floor":13},{"not_picked":["Poisoned Stab","Quick Slash"],"picked":"Cloak And Dagger","floor":14},{"not_picked":["After Image","Night Terror"],"picked":"Burst","floor":16},{"not_picked":["Escape Plan","Flechettes"],"picked":"Backflip","floor":18},{"not_picked":["Dagger Throw","Slice","Bane"],"picked":"SKIP","floor":21},{"not_picked":["Calculated Gamble","Riddle With Holes"],"picked":"Deflect+1","floor":22},{"not_picked":["Flying Knee","Choke"],"picked":"Accuracy+1","floor":24},{"not_picked":["Flechettes","Choke","Backflip"],"picked":"SKIP","floor":27},{"not_picked":["Slice+1","Skewer+1","Sucker Punch"],"picked":"SKIP","floor":29},{"not_picked":["Backstab","Masterful Stab","Predator"],"picked":"SKIP","floor":31},{"not_picked":["Bullet Time","After Image"],"picked":"Adrenaline","floor":33},{"not_picked":["Catalyst","Poisoned Stab","Acrobatics"],"picked":"SKIP","floor":35},{"not_picked":["Jack Of All Trades","Purity"],"picked":"Flash of Steel","floor":38},{"not_picked":["Expertise","Poisoned Stab+1"],"picked":"After Image","floor":41},{"not_picked":["Prepared+1","Poisoned Stab","All Out Attack"],"picked":"SKIP","floor":42},{"not_picked":["Prepared+1","Poisoned Stab","All Out Attack"],"picked":"SKIP","floor":42},{"not_picked":["Outmaneuver","Flying Knee+1"],"picked":"Well Laid Plans+1","floor":45},{"not_picked":["Well Laid Plans+1","Deflect","Quick Slash"],"picked":"SKIP","floor":46},{"not_picked":["Corpse Explosion","Leg Sweep+1","Dagger Throw"],"picked":"SKIP","floor":48}],"player_experience":322029,"relics_obtained":[{"floor":7,"key":"Pocketwatch"},{"floor":9,"key":"Du-Vu Doll"},{"floor":13,"key":"Mercury Hourglass"},{"floor":20,"key":"Pear"},{"floor":24,"key":"Dodecahedron"},{"floor":26,"key":"MawBank"},{"floor":29,"key":"Nunchaku"},{"floor":37,"key":"WingedGreaves"},{"floor":41,"key":"Tingsha"},{"floor":42,"key":"Centennial Puzzle"},{"floor":43,"key":"Incense Burner"},{"floor":45,"key":"Pantograph"},{"floor":48,"key":"Ninja Scroll"}],"event_choices":[{"damage_healed":0,"gold_gain":0,"player_choice":"Fled","damage_taken":0,"max_hp_gain":0,"max_hp_loss":0,"event_name":"Scrap Ooze","floor":3,"gold_loss":0},{"damage_healed":17,"gold_gain":0,"player_choice":"Healed","damage_taken":0,"max_hp_gain":0,"max_hp_loss":0,"event_name":"The Cleric","floor":5,"gold_loss":35},{"damage_healed":0,"gold_gain":0,"player_choice":"Read","damage_taken":0,"max_hp_gain":0,"max_hp_loss":0,"event_name":"The Library","floor":19,"gold_loss":0,"cards_obtained":["Crippling Poison"]},{"damage_healed":0,"gold_gain":0,"player_choice":"Fight","damage_taken":0,"max_hp_gain":0,"max_hp_loss":0,"event_name":"MindBloom","floor":37,"gold_loss":0},{"damage_healed":0,"gold_gain":0,"player_choice":"Memory 1","damage_taken":0,"max_hp_gain":0,"max_hp_loss":0,"event_name":"SensoryStone","floor":38,"gold_loss":0},{"damage_healed":0,"gold_gain":0,"player_choice":"Paid","damage_taken":0,"relics_obtained":["Red Mask"],"max_hp_gain":0,"max_hp_loss":0,"event_name":"Tomb of Lord Red Mask","floor":39,"gold_loss":109},{"cards_removed":["Strike_G"],"damage_healed":0,"gold_gain":0,"player_choice":"Purged","damage_taken":0,"max_hp_gain":0,"max_hp_loss":0,"event_name":"Purifier","floor":47,"gold_loss":0}],"is_beta":false,"boss_relics":[{"not_picked":["HoveringKite","Black Star"],"picked":"WristBlade"},{"not_picked":["Lizard Tail","Tiny House"],"picked":"Philosopher\u0027s Stone"}],"items_purged_floors":[36],"is_endless":false,"potions_floor_spawned":[1,2,11,13,18,21,24,42,48],"ascension_level":11}