{"gold_per_floor":[118,118,135,147,164,196,196,225,274,274,337,383,402,412,412,517,517,472,472,134,134,134,134,134,134,134,134,134,134,134,134,134,134,134,134,134,134,134,134,134,134,134,134,134,134,134,134,134,134,134,134,134,61,61,61],"floor_reached":55,"playtime":5558,"items_purged":[],"score":866,"play_id":"9e0a8f14-39c2-430e-9637-5ea3b654aa5b","local_time":"20190110080622","is_ascension_mode":false,"campfire_choices":[{"floor":7.0,"key":"RECALL"},{"floor":10.0,"key":"REST"},{"floor":15.0,"key":"REST"},{"data":"Terror","floor":25.0,"key":"SMITH"},{"data":"Dash","floor":27.0,"key":"SMITH"},{"floor":32.0,"key":"REST"},{"data":"Footwork","floor":40.0,"key":"SMITH"},{"data":"A Thousand Cuts","floor":42.0,"key":"SMITH"},{"floor":47.0,"key":"REST"},{"floor":49.0,"key":"REST"},{"data":"Footwork","floor":52.0,"key":"SMITH"}],"neow_cost":"NONE","seed_source_timestamp":68553667781772,"circlet_count":0,"master_deck":["Defend_G","Defend_G","Defend_G","Defend_G","Defend_G","Strike_G","Strike_G","Strike_G","Strike_G+1","Strike_G","Survivor+1","Neutralize+1","Deflect","Escape Plan","Terror+1","Venomology+1","Dash+1","Crippling Poison","Quick Slash","Heel Hook+1","A Thousand Cuts+1","Escape Plan+1","Venomology","After Image","Footwork+1","Necronomicurse","Noxious Fumes","Adrenaline","Choke+1","Quick Slash+1","Slice+1","PiercingWail+1","Caltrops+1","Catalyst+1","Footwork+1","Venomology","Well Laid Plans"],"special_seed":0,"relics":["Ring of the Snake","Paper Crane","Pen Nib","Centennial Puzzle","Happy Flower","Vajra","Ectoplasm","Bag of Marbles","DollysMirror","Blue Candle","Art of War","Necronomicon","Ornamental Fan","Philosopher\u0027s Stone","Omamori","Question Card","StoneCalendar","War Paint","Letter Opener","Whetstone"],"potions_floor_usage":[55,55,55],"damage_taken":[{"damage":0.0,"enemies":"Cultist","floor":1.0,"turns":4.0},{"damage":0.0,"enemies":"Jaw Worm","floor":3.0,"turns":5.0},{"damage":0.0,"enemies":"2 Louse","floor":4.0,"turns":4.0},{"damage":4.0,"enemies":"Red Slaver","floor":5.0,"turns":4.0},{"damage":30.0,"enemies":"Lagavulin","floor":6.0,"turns":11.0},{"damage":13.0,"enemies":"3 Sentries","floor":8.0,"turns":11.0},{"damage":30.0,"enemies":"Lagavulin Event","floor":11.0,"turns":10.0},{"damage":1.0,"enemies":"Looter","floor":13.0,"turns":3.0},{"damage":1.0,"enemies":"Exordium Wildlife","floor":14.0,"turns":3.0},{"damage":0.0,"enemies":"Slime Boss","floor":16.0,"turns":6.0},{"damage":8.0,"enemies":"2 Thieves","floor":18.0,"turns":4.0},{"damage":2.0,"enemies":"Shell Parasite","floor":19.0,"turns":7.0},{"damage":9.0,"enemies":"Shelled Parasite and Fungi","floor":22.0,"turns":4.0},{"damage":14.0,"enemies":"Slavers","floor":23.0,"turns":8.0},{"damage":0.0,"enemies":"3 Cultists","floor":24.0,"turns":6.0},{"damage":21.0,"enemies":"Chosen and Byrds","floor":30.0,"turns":5.0},{"damage":0.0,"enemies":"Snecko","floor":31.0,"turns":3.0},{"damage":3.0,"enemies":"Automaton","floor":33.0,"turns":11.0},{"damage":1.0,"enemies":"Orb Walker","floor":35.0,"turns":3.0},{"damage":0.0,"enemies":"3 Darklings","floor":36.0,"turns":5.0},{"damage":0.0,"enemies":"Spire Growth","floor":37.0,"turns":2.0},{"damage":16.0,"enemies":"4 Shapes","floor":38.0,"turns":3.0},{"damage":0.0,"enemies":"Maw","floor":39.0,"turns":6.0},{"damage":2.0,"enemies":"Giant Head","floor":41.0,"turns":7.0},{"damage":2.0,"enemies":"2 Orb Walkers","floor":44.0,"turns":4.0},{"damage":0.0,"enemies":"Nemesis","floor":45.0,"turns":3.0},{"damage":0.0,"enemies":"Writhing Mass","floor":46.0,"turns":5.0},{"damage":37.0,"enemies":"Reptomancer","floor":48.0,"turns":5.0},{"damage":37.0,"enemies":"Time Eater","floor":50.0,"turns":9.0},{"damage":18.0,"enemies":"Shield and Spear","floor":54.0,"turns":6.0},{"damage":52,"enemies":"The Heart","floor":55,"turns":5}],"seed_played":"-3023702355758017550","potions_obtained":[{"floor":6.0,"key":"LiquidBronze"},{"floor":8.0,"key":"SkillPotion"},{"floor":11.0,"key":"Dexterity Potion"},{"floor":16.0,"key":"Dexterity Potion"},{"floor":19.0,"key":"FairyPotion"},{"floor":22.0,"key":"SpeedPotion"},{"floor":30.0,"key":"Strength Potion"},{"floor":33.0,"key":"Dexterity Potion"},{"floor":36.0,"key":"GamblersBrew"},{"floor":37.0,"key":"EssenceOfSteel"},{"floor":38.0,"key":"PowerPotion"},{"floor":48.0,"key":"Regen Potion"}],"is_trial":false,"path_per_floor":["M","T","M","M","M","E","R","E","T","R","?","T","M","M","R","B",null,"M","M","$","?","M","E","M","R","T","R","?","T","M","M","R","B",null,"M","M","M","M","M","R","E","R","T","?","E","M","R","E","R","B",null,"R","$","E","B"],"character_chosen":"THE_SILENT","items_purchased":["Bag of Marbles","DollysMirror","GhostInAJar"],"campfire_rested":5,"item_purchase_floors":[20,20,53],"current_hp_per_floor":[70,70,70,70,66,36,36,23,23,44,14,14,13,12,33,33,70,62,60,60,60,51,52,52,52,52,52,36,36,15,15,36,33,70,69,69,69,53,53,53,51,51,51,49,49,49,70,33,54,32,70,70,70,52,0],"gold":61,"neow_bonus":"UPGRADE_CARD","is_prod":false,"is_daily":false,"chose_seed":false,"campfire_upgraded":5,"win_rate":0,"timestamp":1547100382,"path_taken":["M","?","?","M","M","E","R","E","T","R","?","?","M","?","R","BOSS","M","M","$","?","M","E","?","R","T","R","?","?","M","M","R","BOSS","M","M","M","M","M","R","E","R","T","?","E","M","R","E","R","BOSS","R","$","E","BOSS"],"build_version":"2019-01-03v4","purchased_purges":0,"victory":false,"max_hp_per_floor":[70,70,70,70,70,70,70,70,70,70,70,70,70,70,70,70,70,70,70,70,70,70,70,70,70,70,70,70,70,70,70,70,70,70,70,70,70,70,70,70,70,70,70,70,70,70,70,70,70,70,70,70,70,70,70],"card_choices":[{"not_picked":["Flying Knee","Blur"],"picked":"Deflect","floor":1.0},{"not_picked":["Deadly Poison","Endless Agony"],"picked":"Escape Plan","floor":3.0},{"not_picked":["Noxious Fumes","Backflip"],"picked":"Terror","floor":4.0},{"not_picked":["Dagger Throw","Acrobatics"],"picked":"Venomology","floor":5.0},{"not_picked":["Acrobatics","Unload"],"picked":"Dash","floor":6.0},{"not_picked":["Deadly Poison","Flying Knee"],"picked":"Crippling Poison","floor":8.0},{"not_picked":["Backflip","Dodge and Roll"],"picked":"Quick Slash","floor":11.0},{"not_picked":["Dodge and Roll","Well Laid Plans"],"picked":"Heel Hook","floor":13.0},{"not_picked":["Phantasmal Killer","Finisher","Blade Dance"],"picked":"SKIP","floor":14.0},{"not_picked":["Tools of the Trade","Burst"],"picked":"A Thousand Cuts","floor":16.0},{"not_picked":["Flying Knee+1","Reflex+1"],"picked":"Escape Plan+1","floor":18.0},{"not_picked":["Dodge and Roll","Acrobatics","Backflip"],"picked":"SKIP","floor":19.0},{"not_picked":["Endless Agony","Phantasmal Killer","All Out Attack"],"picked":"SKIP","floor":22.0},{"not_picked":["Acrobatics","Dagger Throw"],"picked":"After Image","floor":23.0},{"not_picked":["Bane","Calculated Gamble"],"picked":"Footwork","floor":24.0},{"not_picked":["Dodge and Roll","Cloak And Dagger","Acrobatics"],"picked":"SKIP","floor":30.0},{"not_picked":["Distraction","Dagger Spray+1"],"picked":"Noxious Fumes","floor":31.0},{"not_picked":["Malaise","Night Terror"],"picked":"Adrenaline","floor":33.0},{"not_picked":["Dagger Spray","Concentrate+1"],"picked":"Choke+1","floor":35.0},{"not_picked":["Well Laid Plans+1","Bane+1"],"picked":"Quick Slash+1","floor":36.0},{"not_picked":["Prepared+1","Dagger Throw+1"],"picked":"Slice+1","floor":37.0},{"not_picked":["Prepared","Endless Agony"],"picked":"PiercingWail+1","floor":38.0},{"not_picked":["Bane","Blade Dance","Dagger Spray"],"picked":"SKIP","floor":39.0},{"not_picked":["Reflex+1","Die Die Die"],"picked":"Caltrops+1","floor":41.0},{"not_picked":["PiercingWail+1","Blade Dance+1","Noxious Fumes"],"picked":"Catalyst+1","floor":45.0},{"not_picked":["Quick Slash+1","Choke","Deflect"],"picked":"Footwork","floor":46.0},{"not_picked":["Dagger Throw+1","Acrobatics+1","Poisoned Stab+1"],"picked":"Venomology","floor":48.0},{"not_picked":["Masterful Stab","Die Die Die","Sucker Punch"],"picked":"Well Laid Plans","floor":54.0}],"player_experience":233794,"relics_obtained":[{"floor":6.0,"key":"Paper Crane"},{"floor":8.0,"key":"Pen Nib"},{"floor":9.0,"key":"Centennial Puzzle"},{"floor":11.0,"key":"Happy Flower"},{"floor":12.0,"key":"Vajra"},{"floor":23.0,"key":"Blue Candle"},{"floor":26.0,"key":"Art of War"},{"floor":28.0,"key":"Necronomicon"},{"floor":29.0,"key":"Ornamental Fan"},{"floor":41.0,"key":"Omamori"},{"floor":43.0,"key":"Question Card"},{"floor":44.0,"key":"StoneCalendar"},{"floor":45.0,"key":"War Paint"},{"floor":48.0,"key":"Letter Opener"},{"floor":54.0,"key":"Whetstone"}],"event_choices":[{"damage_healed":0.0,"max_hp_gain":0.0,"max_hp_loss":0.0,"gold_gain":0.0,"event_name":"Dead Adventurer","player_choice":"Searched \u00272\u0027 times","floor":11.0,"gold_loss":0.0,"damage_taken":0.0},{"damage_healed":0.0,"max_hp_gain":0.0,"max_hp_loss":0.0,"gold_gain":100.0,"event_name":"Golden Shrine","player_choice":"Pray","floor":21.0,"gold_loss":0.0,"damage_taken":0.0},{"damage_healed":0.0,"max_hp_gain":0.0,"max_hp_loss":0.0,"gold_gain":0.0,"event_name":"Cursed Tome","player_choice":"Obtained Book","floor":28.0,"gold_loss":0.0,"damage_taken":16.0},{"damage_healed":0.0,"max_hp_gain":0.0,"max_hp_loss":0.0,"gold_gain":0.0,"event_name":"Mysterious Sphere","player_choice":"Fight","floor":44.0,"gold_loss":0.0,"damage_taken":0.0}],"is_beta":false,"boss_relics":[{"not_picked":["Pandora\u0027s Box","WristBlade"],"picked":"Ectoplasm"},{"not_picked":["White Beast Statue","Tiny House"],"picked":"Philosopher\u0027s Stone"}],"items_purged_floors":[],"is_endless":false,"potions_floor_spawned":[6,8,11,14,16,19,22,30,33,36,37,38,48],"killed_by":"The Heart","ascension_level":0}