{"path_per_floor":["M","?","M","?","M","R","E","R","T","R","M","E","M","T","R","B",null,"M","M","?","M","?","R","E","R","T","M","E","R","$","E","R","B",null,"M","?","$","M","$","R","E","M","T","?","?","E","R","?","R","B"],"character_chosen":"IRONCLAD","items_purchased":["Armaments","True Grit","Master of Strategy"],"gold_per_floor":[11,86,98,98,115,115,141,141,168,168,182,211,222,222,222,327,327,337,347,347,367,367,367,402,402,402,422,451,451,279,314,314,417,417,435,435,141,155,30,30,60,73,127,127,127,157,157,0,0,0],"floor_reached":51,"campfire_rested":0,"playtime":3516,"current_hp_per_floor":[80,69,71,55,59,59,61,61,61,61,55,63,69,69,69,36,80,80,80,80,61,61,61,46,46,46,54,56,56,56,69,69,54,80,80,80,80,80,80,80,76,80,80,70,70,68,68,68,68,61],"items_purged":["Strike_R","Defend_R","Defend_R"],"gold":0,"score":678,"play_id":"ec53334a-f6e3-447d-afe7-98458f09914b","is_prod":false,"is_daily":false,"is_ascension_mode":true,"campfire_upgraded":11,"path_taken":["M","?","M","?","M","R","E","R","T","R","M","E","M","?","R","BOSS","M","M","?","M","?","R","E","R","T","M","E","R","$","E","R","BOSS","M","?","$","M","$","R","E","M","T","?","?","E","R","?","R","BOSS"],"build_version":"2018-02-08-BETA1","purchased_purges":3,"victory":true,"master_deck":["Strike_R+1","Defend_R","Bash+1","Wild Strike","Searing Blow+11","Offering","Pommel Strike","Reaper","Brutality","Impervious","Armaments","Burning Pact","Metallicize+1","Evolve+1","Armaments","True Grit","True Grit+1","Offering","Master of Strategy","Armaments+1","Madness","Madness"],"max_hp_per_floor":[80,80,80,80,80,80,80,80,80,80,80,80,80,80,80,80,80,80,80,80,80,80,80,80,80,80,80,80,80,80,80,80,80,80,80,80,80,80,80,80,80,80,80,80,80,80,80,80,80,80],"relics":["Burning Blood","Bag of Marbles","Bronze Scales","Ornamental Fan","Charon\u0027s Ashes","Velvet Choker","Pen Nib","Darkstone Periapt","Meat on the Bone","Self Forming Clay","Sozu","Sundial","Oddly Smooth Stone","Vajra","Red Mask"],"card_choices":[{"not_picked":["Blood for Blood","Pommel Strike"],"picked":"Offering"},{"not_picked":["Thunderclap","Wild Strike"],"picked":"Pommel Strike"},{"not_picked":["Perfected Strike","Infernal Blade"],"picked":"Reaper"},{"not_picked":["Iron Wave","Heavy Blade"],"picked":"Brutality"},{"not_picked":["Juggernaut","Berserk"],"picked":"Impervious"},{"not_picked":["Flex","Power Through"],"picked":"Armaments"},{"not_picked":["Heavy Blade","Reckless Charge"],"picked":"Metallicize"},{"not_picked":["Rage","Shrug It Off"],"picked":"Evolve"},{"not_picked":["Intimidate","Anger"],"picked":"True Grit"},{"not_picked":["Body Slam","True Grit"],"picked":"Armaments"}],"player_experience":38145,"potions_floor_usage":[31],"damage_taken":[{"damage":0,"enemies":"Cultist","floor":1,"turns":2},{"damage":4,"enemies":"Jaw Worm","floor":3,"turns":1},{"damage":2,"enemies":"2 Louse","floor":5,"turns":2},{"damage":4,"enemies":"Gremlin Nob","floor":7,"turns":2},{"damage":12,"enemies":"Large Slime","floor":11,"turns":3},{"damage":10,"enemies":"3 Sentries","floor":12,"turns":6},{"damage":0,"enemies":"Looter","floor":13,"turns":1},{"damage":39,"enemies":"The Guardian","floor":16,"turns":6},{"damage":4,"enemies":"3 Byrds","floor":18,"turns":1},{"damage":4,"enemies":"Shell Parasite","floor":19,"turns":1},{"damage":29,"enemies":"Sentry and Sphere","floor":21,"turns":4},{"damage":25,"enemies":"Book of Stabbing","floor":24,"turns":4},{"damage":4,"enemies":"Snake Plant","floor":27,"turns":2},{"damage":4,"enemies":"Gremlin Leader","floor":28,"turns":3},{"damage":8,"enemies":"Slavers","floor":31,"turns":5},{"damage":21,"enemies":"Champ","floor":33,"turns":5},{"damage":0,"enemies":"Flame Bruiser 1 Orb","floor":35,"turns":1},{"damage":0,"enemies":"Orb Walker","floor":38,"turns":1},{"damage":10,"enemies":"Giant Head","floor":41,"turns":5},{"damage":7,"enemies":"Maw","floor":42,"turns":4},{"damage":8,"enemies":"Nemesis","floor":46,"turns":1},{"damage":23,"enemies":"Donu and Deca","floor":50,"turns":5}],"event_choices":[{"event_name":"World of Goop","player_choice":"Gather Gold","floor":2,"damage_taken":0},{"event_name":"Shining Light","player_choice":"Entered Light","floor":4,"damage_taken":0},{"event_name":"Bonfire Elementals","player_choice":"BASIC","floor":20,"damage_taken":0},{"event_name":"The Library","player_choice":"Read","floor":22,"damage_taken":0},{"event_name":"Duplicator","player_choice":"One dupe","floor":36,"damage_taken":0},{"event_name":"Winding Halls","player_choice":"Embrace Madness","floor":44,"damage_taken":0},{"event_name":"Tomb of Lord Red Mask","player_choice":"Paid","floor":48,"damage_taken":0}],"boss_relics":[{"not_picked":["Runic Pyramid","Orrery"],"picked":"Velvet Choker"},{"not_picked":["Black Blood","Tiny House"],"picked":"Sozu"}],"potions_floor_spawned":[1,3,12,19,21,33,35,41,46],"seed_played":"5652283187276520434","ascension_level":2,"is_trial":false}