{"path_per_floor":["M","M","$","M","?","R","M","R","T","$","M","M","?","$","R","B",null,"M","M","$","M","?","R","$","R","T","R","M"],"character_chosen":"DEFECT","items_purchased":["Storm","Doom and Gloom","Self Repair","Doom and Gloom","Self Repair"],"gold_per_floor":[112,122,53,69,69,69,90,90,136,22,38,63,63,28,28,156,156,177,193,50,69,69,69,69,69,121,121,141,141],"floor_reached":29,"campfire_rested":1,"playtime":1679,"current_hp_per_floor":[75,75,75,75,75,75,60,60,60,60,41,26,26,26,48,64,75,63,38,38,37,37,47,47,57,57,67,48,0],"items_purged":["Strike_B"],"gold":141,"score":215,"play_id":"dac578eb-3c02-493b-8042-4f711f3b0e01","local_time":"20180427034627","is_prod":false,"is_daily":false,"chose_seed":false,"is_ascension_mode":false,"campfire_upgraded":5,"timestamp":1524815187,"path_taken":["M","M","$","M","?","R","M","R","T","?","?","M","?","$","R","BOSS","M","?","$","M","?","R","$","R","T","R","M","M"],"build_version":"2018-04-26","seed_source_timestamp":1084377492710010,"purchased_purges":1,"victory":false,"master_deck":["Strike_B","Strike_B","Strike_B","Defend_B","Defend_B","Defend_B","Defend_B","Zap","Dualcast+1","Skim","Darkness","Storm+1","White Noise","Chaos+1","Doom and Gloom","Self Repair","Axe Kick","Storm","Doom and Gloom","Rainbow+1","Storm","Melter+1","Self Repair","Impulse+1","Writhe","Axe Kick"],"max_hp_per_floor":[75,75,75,75,75,75,75,75,75,75,75,75,75,75,75,75,75,75,75,75,75,75,75,75,75,75,75,75,75],"relics":["Cracked Core","NeowsBlessing","Golden Idol","Bag of Marbles","Eternal Feather","Regal Pillow","Pen Nib"],"card_choices":[{"not_picked":["Gash","Go for the Eyes"],"picked":"Skim","floor":1},{"not_picked":["FTL","Blizzard"],"picked":"Darkness","floor":2},{"not_picked":["Impulse","Beam Cell"],"picked":"White Noise","floor":4},{"not_picked":["Go for the Eyes","Capacitor"],"picked":"Chaos","floor":7},{"not_picked":["Hello World","Sweeping Beam"],"picked":"Axe Kick","floor":11},{"not_picked":["Cold Snap","Stack"],"picked":"Storm","floor":12},{"not_picked":["Amplify","Echo Form"],"picked":"Rainbow","floor":16},{"not_picked":["Rip and Tear","Barrage"],"picked":"Storm","floor":18},{"not_picked":["Skim","Barrage"],"picked":"Melter","floor":19},{"not_picked":["Storm","Barrage"],"picked":"Impulse","floor":21},{"not_picked":["Genetic Algorithm","Skim"],"picked":"Axe Kick","floor":28}],"player_experience":13868,"potions_floor_usage":[16,16,19,21,21],"damage_taken":[{"damage":0,"enemies":"Jaw Worm","floor":1,"turns":1},{"damage":0,"enemies":"2 Louse","floor":2,"turns":1},{"damage":0,"enemies":"Cultist","floor":4,"turns":1},{"damage":15,"enemies":"2 Fungi Beasts","floor":7,"turns":4},{"damage":26,"enemies":"Lots of Slimes","floor":11,"turns":5},{"damage":22,"enemies":"Exordium Wildlife","floor":12,"turns":4},{"damage":3,"enemies":"Slime Boss","floor":16,"turns":5},{"damage":12,"enemies":"Spheric Guardian","floor":18,"turns":4},{"damage":32,"enemies":"2 Thieves","floor":19,"turns":4},{"damage":15,"enemies":"Snake Plant","floor":21,"turns":3},{"damage":26,"enemies":"Snecko","floor":28,"turns":4},{"damage":50,"enemies":"Cultist and Chosen","floor":29,"turns":4}],"event_choices":[{"event_name":"Golden Idol","player_choice":"Take Wound","floor":5,"damage_taken":0},{"event_name":"Purifier","player_choice":"One Purge","floor":13,"damage_taken":0},{"event_name":"The Mausoleum","player_choice":"Yes","floor":22,"damage_taken":0}],"boss_relics":[{"not_picked":["White Beast Statue","Black Star"],"picked":"Eternal Feather"}],"potions_floor_spawned":[2,4,12,16,19],"seed_played":"-263000154697641951","killed_by":"Cultist and Chosen","ascension_level":0,"is_trial":false}