{"path_per_floor":["M","$","M","?","M","E","M","R","T","E","M","$","M","M","R","B",null,"M","M","$","?","M","E","M","R","T","R","E","M","M","?","R","B",null,"M","?","M","M","?","R","M","R","T","M","E","$"],"character_chosen":"THE_SILENT","items_purchased":["Deadly Poison","Envenom","Dramatic Entrance","Crippling Poison","Fire Potion","Paper Crane","Night Terror"],"gold_per_floor":[117,72,88,88,99,131,146,146,198,231,249,1,21,38,38,140,140,158,168,8,8,25,50,65,65,113,113,139,150,170,170,170,266,266,279,279,299,314,314,314,328,328,328,345,371,37,37],"floor_reached":47,"campfire_rested":5,"playtime":3052,"item_purchase_floors":[2,12,12,20,20,46,46],"current_hp_per_floor":[70,70,70,70,70,63,60,60,60,46,46,46,42,42,42,8,80,56,47,47,47,41,9,2,26,26,50,46,46,25,9,33,33,80,74,79,62,19,19,43,33,57,57,51,12,12,0],"items_purged":["Deflect"],"gold":37,"score":636,"play_id":"0e6bf331-684f-4385-b9a5-9c2f85db8373","local_time":"20180609180937","is_prod":false,"is_daily":false,"chose_seed":false,"is_ascension_mode":false,"campfire_upgraded":2,"win_rate":0,"timestamp":1528582177,"campfire_choices":[{"data":"Caltrops","floor":8,"key":"SMITH"},{"data":"Envenom","floor":15,"key":"SMITH"},{"floor":25,"key":"REST"},{"floor":27,"key":"REST"},{"floor":32,"key":"REST"},{"floor":40,"key":"REST"},{"floor":42,"key":"REST"}],"path_taken":["M","$","M","?","?","E","M","R","T","E","M","?","M","M","R","BOSS","M","M","$","?","M","E","M","R","T","R","E","M","M","?","R","BOSS","M","?","M","M","?","R","M","R","T","M","E","$","M"],"build_version":"2018-06-07v3","seed_source_timestamp":21298082279253,"purchased_purges":1,"victory":false,"master_deck":["Survivor","Neutralize","All Out Attack","Deadly Poison","Dagger Spray","Caltrops+1","Outmaneuver","Backflip","Choke","Flying Knee","Envenom+1","Dramatic Entrance","Catalyst","Adrenaline","Flying Knee","PiercingWail","Flying Knee","Acrobatics","Poisoned Stab","Quick Slash","Deadly Poison","Finisher+1","Quick Slash","Crippling Poison","Outmaneuver+1","Terror+1","Noxious Fumes","Crippling Poison","Dagger Throw","Die Die Die","A Thousand Cuts","Quick Slash","Poisoned Stab","Expertise+1","Outmaneuver+1","Calculated Gamble+1","Deadly Poison+1","Deadly Poison","Night Terror"],"max_hp_per_floor":[70,70,70,70,70,80,80,80,80,80,80,80,80,80,80,80,80,80,80,80,80,80,80,80,80,80,80,80,80,80,80,80,80,80,80,80,80,80,80,80,80,80,80,80,80,80,80],"relics":["Ring of the Snake","NeowsBlessing","Pear","Omamori","Bag of Marbles","Pandora\u0027s Box","Art of War","Snake Skull","Du-Vu Doll","Enchiridion","Lizard Tail","Prayer Wheel","Peace Pipe","Paper Crane"],"card_choices":[{"not_picked":["Dash","Deflect"],"picked":"All Out Attack","floor":1},{"not_picked":["Cloak And Dagger","Accuracy"],"picked":"Dagger Spray","floor":3},{"not_picked":["Dodge and Roll","Deflect"],"picked":"Caltrops","floor":5},{"not_picked":["Malaise","Sucker Punch"],"picked":"Outmaneuver","floor":6},{"not_picked":["Underhanded Strike","Sucker Punch"],"picked":"Backflip","floor":7},{"not_picked":["Endless Agony","Glass Knife"],"picked":"Choke","floor":10},{"not_picked":["Outmaneuver","Bane"],"picked":"Flying Knee","floor":11},{"not_picked":["Deflect","Bane"],"picked":"Backflip","floor":13},{"not_picked":["Escape Plan","Outmaneuver"],"picked":"Catalyst","floor":14},{"not_picked":["Bullet Time","After Image"],"picked":"Adrenaline","floor":16},{"not_picked":["Prepared+1","Escape Plan"],"picked":"Finisher+1","floor":18},{"not_picked":["Underhanded Strike","PiercingWail"],"picked":"Quick Slash","floor":19},{"not_picked":["Bane","Flying Knee"],"picked":"Outmaneuver+1","floor":22},{"not_picked":["PiercingWail+1","Expertise"],"picked":"Terror+1","floor":23},{"not_picked":["Riddle With Holes","Terror"],"picked":"Noxious Fumes","floor":24},{"not_picked":["Corpse Explosion","Outmaneuver"],"picked":"Crippling Poison","floor":28},{"not_picked":["Cloak And Dagger+1","Accuracy"],"picked":"Dagger Throw","floor":29},{"not_picked":["Well Laid Plans+1","PiercingWail"],"picked":"Die Die Die","floor":30},{"not_picked":["Glass Knife","Unload"],"picked":"A Thousand Cuts","floor":33},{"not_picked":["Prepared","Sucker Punch+1"],"picked":"Quick Slash","floor":35},{"not_picked":["Tactician","Masterful Stab"],"picked":"Poisoned Stab","floor":37},{"not_picked":["Dagger Spray+1","Finisher+1"],"picked":"Expertise+1","floor":38},{"not_picked":["Quick Slash","Terror"],"picked":"Outmaneuver+1","floor":41},{"not_picked":["Dagger Spray","Blur"],"picked":"Calculated Gamble+1","floor":44},{"not_picked":["Malaise","Blade Dance"],"picked":"Deadly Poison+1","floor":44},{"not_picked":["Backstab","Dagger Spray+1"],"picked":"Deadly Poison","floor":45}],"player_experience":128831,"potions_floor_usage":[6,10,10,16,16,19,22,23,23,24,33,33,33,45],"damage_taken":[{"damage":0,"enemies":"2 Louse","floor":1,"turns":1},{"damage":0,"enemies":"Cultist","floor":3,"turns":1},{"damage":0,"enemies":"Jaw Worm","floor":5,"turns":1},{"damage":17,"enemies":"Gremlin Nob","floor":6,"turns":4},{"damage":3,"enemies":"Red Slaver","floor":7,"turns":4},{"damage":14,"enemies":"Lagavulin","floor":10,"turns":8},{"damage":0,"enemies":"Large Slime","floor":11,"turns":5},{"damage":4,"enemies":"Looter","floor":13,"turns":3},{"damage":0,"enemies":"3 Louse","floor":14,"turns":1},{"damage":34,"enemies":"Slime Boss","floor":16,"turns":11},{"damage":24,"enemies":"2 Thieves","floor":18,"turns":4},{"damage":9,"enemies":"Spheric Guardian","floor":19,"turns":4},{"damage":6,"enemies":"Centurion and Healer","floor":22,"turns":6},{"damage":32,"enemies":"Book of Stabbing","floor":23,"turns":5},{"damage":7,"enemies":"Snake Plant","floor":24,"turns":3},{"damage":4,"enemies":"Gremlin Leader","floor":28,"turns":5},{"damage":0,"enemies":"Snecko","floor":29,"turns":4},{"damage":21,"enemies":"Centurion and Healer","floor":30,"turns":4},{"damage":0,"enemies":"Collector","floor":33,"turns":6},{"damage":6,"enemies":"3 Shapes","floor":35,"turns":2},{"damage":17,"enemies":"3 Darklings","floor":37,"turns":3},{"damage":43,"enemies":"Sphere and 2 Shapes","floor":38,"turns":3},{"damage":54,"enemies":"4 Shapes","floor":41,"turns":3},{"damage":6,"enemies":"3 Darklings","floor":44,"turns":4},{"damage":39,"enemies":"Giant Head","floor":45,"turns":7},{"damage":12,"enemies":"Sphere and 2 Shapes","floor":47,"turns":3}],"relics_obtained":[{"floor":6,"key":"Pear"},{"floor":9,"key":"Omamori"},{"floor":10,"key":"Bag of Marbles"},{"floor":23,"key":"Art of War"},{"floor":26,"key":"Snake Skull"},{"floor":28,"key":"Du-Vu Doll"},{"floor":31,"key":"Enchiridion"},{"floor":43,"key":"Prayer Wheel"},{"floor":45,"key":"Peace Pipe"}],"event_choices":[{"event_name":"The Lab","player_choice":"Got Potions","floor":4,"damage_taken":0},{"event_name":"Wheel of Change","player_choice":"Card Removal","floor":21,"damage_taken":0},{"event_name":"Cursed Tome","player_choice":"Obtained Book","floor":31,"damage_taken":0},{"event_name":"Bonfire Elementals","player_choice":"COMMON","floor":36,"damage_taken":0},{"event_name":"Falling","player_choice":"Removed Attack","floor":39,"damage_taken":0}],"boss_relics":[{"not_picked":["Runic Pyramid","Tiny House"],"picked":"Pandora\u0027s Box"},{"not_picked":["Velvet Choker","Sozu"],"picked":"Lizard Tail"}],"items_purged_floors":[20],"potions_floor_spawned":[1,10,11,13,16,22,23,24,28,29,41,45],"seed_played":"-1037782535107250503","killed_by":"Sphere and 2 Shapes","ascension_level":0,"potions_obtained":[{"floor":1,"key":"EssenceOfSteel"},{"floor":4,"key":"GhostInAJar"},{"floor":4,"key":"Energy Potion"},{"floor":10,"key":"GamblersBrew"},{"floor":11,"key":"SpeedPotion"},{"floor":13,"key":"Dexterity Potion"},{"floor":16,"key":"Dexterity Potion"},{"floor":22,"key":"Swift Potion"},{"floor":23,"key":"Block Potion"},{"floor":24,"key":"GhostInAJar"},{"floor":28,"key":"Strength Potion"},{"floor":29,"key":"SkillPotion"},{"floor":41,"key":"Weak Potion"},{"floor":45,"key":"GamblersBrew"}],"is_trial":false}