{"path_per_floor":["M","?","M","?","M","M","M","M","T","M","R","?","?","M","R","B",null,"M","M","?","?"],"character_chosen":"THE_SILENT","items_purchased":[],"gold_per_floor":[118,418,431,431,441,411,428,446,492,462,462,462,462,478,478,574,574,593,609,524,524],"floor_reached":22,"campfire_rested":2,"playtime":1478,"current_hp_per_floor":[70,70,69,69,64,55,28,10,10,10,31,31,31,12,33,14,70,55,54,54,45],"items_purged":[],"gold":524,"play_id":"092a61f5-9077-4fbe-a031-13e2530b3792","is_prod":false,"is_daily":false,"is_ascension_mode":false,"campfire_upgraded":0,"path_taken":["M","?","?","?","M","M","M","?","T","M","R","?","?","M","R","BOSS","M","M","?","?","?"],"build_version":"2018-02-01-PROD3","purchased_purges":0,"victory":false,"master_deck":["Defend_G","Defend_G","Defend_G","Defend_G","Defend_G","Strike_G","Strike_G","Strike_G","Strike_G","Strike_G","Survivor","Neutralize","Underhanded Strike","Regret","Underhanded Strike","Caltrops","Eviscerate","Malaise","Acrobatics+1","Underhanded Strike","Acrobatics","PiercingWail","Prepared","Unload","Normality","Pain","Doubt","Underhanded Strike","Well Laid Plans"],"max_hp_per_floor":[70,70,70,70,70,70,70,70,70,70,70,70,70,70,70,70,70,70,70,70,75],"relics":["Ring of the Snake","Dream Catcher","Old Coin","Sundial","Bag of Preparation","Calling Bell","Ginger","Bronze Scales","Anchor","Frozen Eye"],"card_choices":[{"not_picked":["Sucker Punch","Flying Knee"],"picked":"Underhanded Strike"},{"not_picked":["Quick Slash","Bane"],"picked":"Underhanded Strike"},{"not_picked":["Slice","Catalyst"],"picked":"Caltrops"},{"not_picked":["Endless Agony","Footwork"],"picked":"Eviscerate"},{"not_picked":["Burst","Bane"],"picked":"Malaise"},{"not_picked":["Underhanded Strike","Dagger Throw"],"picked":"Acrobatics"},{"not_picked":["Reflex","Deflect"],"picked":"Underhanded Strike"},{"not_picked":["Bouncing Flask","Slice"],"picked":"Acrobatics"},{"not_picked":["Footwork","Dagger Spray"],"picked":"PiercingWail"},{"not_picked":["Corpse Explosion","Footwork"],"picked":"Prepared"},{"not_picked":["Tools of the Trade","After Image"],"picked":"Unload"},{"not_picked":["Finisher","Dagger Spray"],"picked":"Underhanded Strike"},{"not_picked":["Bouncing Flask","Choke"],"picked":"Well Laid Plans"}],"player_experience":51385,"potions_floor_usage":[16,16],"damage_taken":[{"damage":0,"enemies":"2 Louse","floor":1,"turns":2},{"damage":1,"enemies":"Jaw Worm","floor":3,"turns":5},{"damage":5,"enemies":"Blue Slaver","floor":5,"turns":5},{"damage":9,"enemies":"Looter","floor":6,"turns":4},{"damage":27,"enemies":"Lots of Slimes","floor":7,"turns":5},{"damage":18,"enemies":"Red Slaver","floor":8,"turns":6},{"damage":0,"enemies":"Looter","floor":10,"turns":4},{"damage":19,"enemies":"Lots of Slimes","floor":14,"turns":5},{"damage":19,"enemies":"The Guardian","floor":16,"turns":10},{"damage":15,"enemies":"Chosen","floor":18,"turns":6},{"damage":1,"enemies":"3 Byrds","floor":19,"turns":4},{"damage":45,"enemies":"3 Cultists","floor":22,"turns":5}],"event_choices":[{"event_name":"Big Fish","player_choice":"Box","floor":2,"damage_taken":0},{"event_name":"Wheel of Change","player_choice":"Relic","floor":4,"damage_taken":0},{"event_name":"Upgrade Shrine","player_choice":"Upgraded","floor":12,"damage_taken":0},{"event_name":"The Woman in Blue","player_choice":"Bought 0 Potions","floor":13,"damage_taken":0},{"event_name":"Addict","player_choice":"Obtained Relic","floor":20,"damage_taken":0},{"event_name":"Forgotten Altar","player_choice":"Shed Blood","floor":21,"damage_taken":0}],"boss_relics":[{"not_picked":["Runic Pyramid","Velvet Choker"],"picked":"Calling Bell"}],"potions_floor_spawned":[3,14,18,19],"seed_played":"931640419174848351","killed_by":"3 Cultists","ascension_level":0,"is_trial":false}