{"gold_per_floor":[109,109,109,120,137,12,32,32,32,32,44,61,61,77,77,179,229,247,162,179,198,214,214,214,214,214,214,214,230,257,257,257,257],"floor_reached":33,"playtime":2837,"items_purged":["Defend_G"],"score":239,"play_id":"67bf9741-019e-4334-a3db-ef860c144c60","local_time":"20181024205738","is_ascension_mode":false,"campfire_choices":[{"data":"Neutralize","floor":8,"key":"SMITH"},{"data":"Blur","floor":10,"key":"SMITH"},{"data":"Bullet Time","floor":13,"key":"SMITH"},{"data":"Blur","floor":15,"key":"SMITH"},{"data":"After Image","floor":23,"key":"SMITH"},{"data":"Bane","floor":25,"key":"SMITH"},{"floor":32,"key":"REST"}],"neow_cost":"NONE","seed_source_timestamp":952118358682953,"circlet_count":0,"master_deck":["Defend_G","Defend_G","Defend_G","Defend_G","Strike_G","Strike_G","Strike_G","Survivor","Neutralize+1","Blur+1","Prepared","Blur+1","Deadly Poison+1","Poisoned Stab","Backflip","Bullet Time+1","Bane+1","After Image+1","Backflip","Blur","Bane+1"],"relics":["Ring of the Snake","Mummified Hand","The Courier","Tiny House","Gremlin Horn","Omamori","Lantern","Pen Nib"],"potions_floor_usage":[12,18,21,33,33,33],"damage_taken":[{"damage":0,"enemies":"2 Louse","floor":1,"turns":3},{"damage":0,"enemies":"Cultist","floor":4,"turns":4},{"damage":0,"enemies":"Small Slimes","floor":5,"turns":6},{"damage":1,"enemies":"Blue Slaver","floor":7,"turns":4},{"damage":0,"enemies":"3 Louse","floor":11,"turns":6},{"damage":3,"enemies":"Exordium Wildlife","floor":12,"turns":6},{"damage":0,"enemies":"Red Slaver","floor":14,"turns":4},{"damage":4,"enemies":"The Guardian","floor":16,"turns":13},{"damage":10,"enemies":"Chosen","floor":18,"turns":12},{"damage":0,"enemies":"3 Byrds","floor":20,"turns":7},{"damage":6,"enemies":"Snake Plant","floor":21,"turns":6},{"damage":0,"enemies":"Centurion and Healer","floor":22,"turns":10},{"damage":37,"enemies":"Cultist and Chosen","floor":29,"turns":10},{"damage":67,"enemies":"Automaton","floor":33,"turns":18}],"seed_played":"6796741010052770239","potions_obtained":[{"floor":5,"key":"SkillPotion"},{"floor":11,"key":"Poison Potion"},{"floor":12,"key":"GhostInAJar"},{"floor":16,"key":"SpeedPotion"},{"floor":18,"key":"Regen Potion"},{"floor":29,"key":"Fire Potion"}],"is_trial":false,"path_per_floor":["M","?","?","M","M","$","M","R","T","R","M","M","R","M","R","B",null,"M","?","M","M","M","R","?","R","T","?","?","M","T","?","R"],"character_chosen":"THE_SILENT","items_purchased":["Poisoned Stab"],"campfire_rested":1,"item_purchase_floors":[6],"current_hp_per_floor":[70,70,58,58,58,58,57,57,57,57,57,54,54,54,54,50,75,65,65,65,59,59,59,59,59,59,59,59,22,22,22,44,0],"gold":257,"neow_bonus":"THREE_CARDS","is_prod":false,"is_daily":false,"chose_seed":false,"campfire_upgraded":6,"win_rate":0,"timestamp":1540411058,"path_taken":["M","?","?","M","M","?","M","R","T","R","?","M","R","M","R","BOSS","M","?","M","M","M","R","?","R","T","?","?","?","?","?","R","BOSS"],"build_version":"2018-10-18","purchased_purges":1,"victory":false,"max_hp_per_floor":[70,70,70,70,70,70,70,70,70,70,70,70,70,70,70,70,75,75,75,75,75,75,75,75,75,75,75,75,75,75,75,75,75],"card_choices":[{"not_picked":["Bouncing Flask","Caltrops"],"picked":"Blur","floor":0},{"not_picked":["PiercingWail","Dagger Throw"],"picked":"Prepared","floor":1},{"not_picked":["Acrobatics","Infinite Blades"],"picked":"Blur","floor":4},{"not_picked":["Dagger Spray","Blade Dance"],"picked":"Deadly Poison","floor":5},{"not_picked":["Setup","Flechettes"],"picked":"Backflip","floor":7},{"not_picked":["Accuracy","Slice","Prepared"],"picked":"SKIP","floor":11},{"not_picked":["Acrobatics","Riddle With Holes"],"picked":"Bullet Time","floor":12},{"not_picked":["Dagger Spray","Deflect"],"picked":"Bane","floor":14},{"not_picked":["Grand Finale","Tools of the Trade"],"picked":"After Image","floor":16},{"not_picked":["Cloak And Dagger","Infinite Blades"],"picked":"Backflip","floor":17},{"not_picked":["Flying Knee","Setup","Escape Plan"],"picked":"SKIP","floor":18},{"not_picked":["Concentrate","Acrobatics"],"picked":"Blur","floor":20},{"not_picked":["Predator+1","Outmaneuver+1","Malaise"],"picked":"SKIP","floor":21},{"not_picked":["Calculated Gamble","Deadly Poison+1"],"picked":"Bane+1","floor":22},{"not_picked":["Escape Plan","Blade Dance","Cloak And Dagger"],"picked":"SKIP","floor":29}],"player_experience":236524,"relics_obtained":[{"floor":9,"key":"The Courier"},{"floor":26,"key":"Omamori"},{"floor":30,"key":"Lantern"}],"event_choices":[{"cards_removed":["Strike_G"],"damage_healed":0,"gold_gain":0,"player_choice":"Purged","damage_taken":0,"max_hp_gain":0,"max_hp_loss":0,"event_name":"Purifier","floor":2,"gold_loss":0},{"damage_healed":0,"gold_gain":0,"player_choice":"Success","damage_taken":12,"relics_obtained":["Mummified Hand"],"max_hp_gain":0,"max_hp_loss":0,"event_name":"Scrap Ooze","floor":3,"gold_loss":0},{"damage_healed":0,"gold_gain":0,"player_choice":"Obtained Relic","damage_taken":0,"relics_obtained":["Gremlin Horn"],"max_hp_gain":0,"max_hp_loss":0,"event_name":"Addict","floor":19,"gold_loss":85},{"damage_healed":0,"gold_gain":0,"player_choice":"Ignored","damage_taken":0,"max_hp_gain":0,"max_hp_loss":0,"event_name":"Cursed Tome","floor":24,"gold_loss":0},{"damage_healed":0,"gold_gain":0,"player_choice":"Ignored","damage_taken":0,"max_hp_gain":0,"max_hp_loss":0,"event_name":"Ghosts","floor":27,"gold_loss":0},{"cards_removed":["Strike_G"],"damage_healed":0,"gold_gain":0,"player_choice":"Elegance","damage_taken":0,"max_hp_gain":0,"max_hp_loss":0,"event_name":"Back to Basics","floor":28,"gold_loss":0},{"damage_healed":0,"gold_gain":0,"player_choice":"Opened","damage_taken":0,"relics_obtained":["Pen Nib"],"max_hp_gain":0,"max_hp_loss":0,"event_name":"The Mausoleum","floor":31,"gold_loss":0,"cards_obtained":["Writhe"]}],"is_beta":false,"boss_relics":[{"not_picked":["Cursed Key","Calling Bell"],"picked":"Tiny House"}],"items_purged_floors":[6],"is_endless":false,"potions_floor_spawned":[5,11,12,16,18,29],"killed_by":"Automaton","ascension_level":0}