{"path_per_floor":["M","?","M","M","M","R","$","M","T","?","$","M","?","M","R","B",null,"M","?","$","?","$","R","M","R","T","?","R","T","M","M","R","B",null,"M","?","M","?","?","R"],"character_chosen":"IRONCLAD","items_purchased":["Rupture","Anchor","Lantern"],"gold_per_floor":[110,285,297,312,327,327,57,70,70,70,70,94,128,143,143,271,271,295,295,46,46,46,46,67,67,67,67,67,91,109,123,123,253,253,273,273,293,293,293,293],"floor_reached":41,"campfire_rested":0,"playtime":1834,"current_hp_per_floor":[80,80,70,71,62,62,62,68,68,48,48,43,44,50,50,8,80,63,63,63,63,63,69,69,75,75,75,80,80,80,77,80,14,80,80,80,73,63,63,71],"items_purged":["Doubt","Decay"],"gold":293,"score":457,"play_id":"905ec9ac-88c8-472b-9a71-151deb2921c5","local_time":"20180313172903","is_prod":false,"is_daily":false,"is_ascension_mode":true,"campfire_upgraded":7,"timestamp":1520976543,"path_taken":["M","?","?","M","M","R","$","M","T","?","$","M","?","M","R","BOSS","M","?","$","?","$","R","M","R","T","?","R","?","M","?","R","BOSS","M","?","M","?","?","R","?"],"build_version":"2018-03-09","purchased_purges":2,"victory":false,"master_deck":["Strike_R","Strike_R","Strike_R","Strike_R","Defend_R","Defend_R","Defend_R","Defend_R","Bash","Shrug It Off","Armaments+1","Combust+1","Thunderclap","Whirlwind+1","Rupture+1","Whirlwind+1","Offering+1","Reaper","Combust+1","Sword Boomerang+1","Brutality","Inflame+1","Madness","Madness"],"max_hp_per_floor":[80,80,80,80,80,80,80,80,80,80,80,80,80,80,80,80,80,80,80,80,80,80,80,80,80,80,80,80,80,80,80,80,80,80,80,80,80,80,80,80],"relics":["Burning Blood","Anchor","Blue Candle","Golden Idol","Odd Mushroom","Eternal Feather","Lantern","Omamori","Orichalcum","Prayer Wheel","Runic Cube"],"card_choices":[{"not_picked":["Armaments","Headbutt"],"picked":"Shrug It Off"},{"not_picked":["Thunderclap","Wild Strike"],"picked":"Armaments"},{"not_picked":["Headbutt","Armaments"],"picked":"Combust"},{"not_picked":["Cleave","Carnage"],"picked":"Thunderclap"},{"not_picked":["Warcry","Evolve"],"picked":"Whirlwind"},{"not_picked":["Battle Trance","Twin Strike"],"picked":"Whirlwind"},{"not_picked":["Thunderclap","Wild Strike"],"picked":"Offering"},{"not_picked":["Double Tap","Impervious"],"picked":"Reaper"},{"not_picked":["Twin Strike","Sword Boomerang"],"picked":"Combust"},{"not_picked":["Clash","True Grit"],"picked":"Sword Boomerang"},{"not_picked":["Reaper","Double Tap"],"picked":"Brutality"},{"not_picked":["Twin Strike","Havoc"],"picked":"Inflame"}],"player_experience":245061,"potions_floor_usage":[33,33,41],"damage_taken":[{"damage":2.0,"enemies":"Jaw Worm","floor":1.0,"turns":4.0},{"damage":16.0,"enemies":"2 Louse","floor":3.0,"turns":3.0},{"damage":5.0,"enemies":"Cultist","floor":4.0,"turns":5.0},{"damage":15.0,"enemies":"Red Slaver","floor":5.0,"turns":5.0},{"damage":0.0,"enemies":"3 Louse","floor":8.0,"turns":1.0},{"damage":11.0,"enemies":"Looter","floor":12.0,"turns":3.0},{"damage":5.0,"enemies":"The Mushroom Lair","floor":13.0,"turns":4.0},{"damage":0.0,"enemies":"2 Fungi Beasts","floor":14.0,"turns":3.0},{"damage":48.0,"enemies":"The Guardian","floor":16.0,"turns":12.0},{"damage":23.0,"enemies":"2 Thieves","floor":18.0,"turns":4.0},{"damage":6,"enemies":"Chosen","floor":24,"turns":3},{"damage":6,"enemies":"3 Cultists","floor":30,"turns":3},{"damage":9,"enemies":"Cultist and Chosen","floor":31,"turns":4},{"damage":72,"enemies":"Champ","floor":33,"turns":12},{"damage":4,"enemies":"3 Darklings","floor":35,"turns":1},{"damage":13,"enemies":"Orb Walker","floor":37,"turns":3},{"damage":90,"enemies":"Mysterious Sphere","floor":41,"turns":5}],"event_choices":[{"event_name":"Liars Game","player_choice":"agreed","floor":2.0,"damage_taken":0.0},{"event_name":"Golden Idol","player_choice":"Take Damage","floor":10.0,"damage_taken":0.0},{"event_name":"Mushrooms","player_choice":"Fought Mushrooms","floor":13.0,"damage_taken":0.0},{"event_name":"Wheel of Change","player_choice":"Curse","floor":19.0,"damage_taken":0.0},{"event_name":"Beggar","player_choice":"Ignored","floor":21.0,"damage_taken":0.0},{"event_name":"The Mausoleum","player_choice":"Yes","floor":27,"damage_taken":0},{"event_name":"Bonfire Elementals","player_choice":"BASIC","floor":36,"damage_taken":0},{"event_name":"Winding Halls","player_choice":"Embrace Madness","floor":38,"damage_taken":0},{"event_name":"Tomb of Lord Red Mask","player_choice":"Ignored","floor":39,"damage_taken":0},{"event_name":"Mysterious Sphere","player_choice":"Fight","floor":41,"damage_taken":0}],"boss_relics":[{"not_picked":["Velvet Choker","Black Star"],"picked":"Runic Cube"}],"potions_floor_spawned":[4,5,12,16,18,33],"seed_played":"-5243657562930656005","killed_by":"Mysterious Sphere","ascension_level":4,"is_trial":false}