{"gold_per_floor":[117,192,209,229,117,117,142,112,112,132,132,158,158,188,188,288,288,299,284,284,158,178,178],"floor_reached":23,"playtime":2063,"items_purged":["Strike_R","Strike_R"],"score":219,"play_id":"34365120-9256-44fe-a906-f77bf095033f","local_time":"20190303011106","is_ascension_mode":true,"campfire_choices":[{"data":"Metallicize","floor":6,"key":"SMITH"},{"data":"Metallicize","floor":13,"key":"SMITH"},{"data":"Flame Barrier","floor":15,"key":"SMITH"}],"neow_cost":"NONE","seed_source_timestamp":715456935854527,"circlet_count":0,"master_deck":["Strike_R","Strike_R","Strike_R","Defend_R","Defend_R","Defend_R","Defend_R","Bash","Searing Blow","Metallicize+1","Inflame","Body Slam","Metallicize+1","Reaper","Iron Wave","Disarm","Heavy Blade","Flame Barrier+1","Juggernaut+1","J.A.X.","Flex","Evolve+1"],"relics":["Burning Blood","Torii","Frozen Egg 2","Potion Belt","Odd Mushroom","Sozu"],"potions_floor_usage":[7,12],"damage_taken":[{"damage":1,"enemies":"Cultist","floor":1,"turns":3},{"damage":0,"enemies":"2 Louse","floor":3,"turns":4},{"damage":7,"enemies":"Jaw Worm","floor":4,"turns":6},{"damage":8,"enemies":"3 Sentries","floor":7,"turns":13},{"damage":2,"enemies":"Looter","floor":8,"turns":4},{"damage":16,"enemies":"Lots of Slimes","floor":10,"turns":7},{"damage":4,"enemies":"Lagavulin","floor":12,"turns":11},{"damage":29,"enemies":"The Mushroom Lair","floor":14,"turns":7},{"damage":21,"enemies":"Hexaghost","floor":16,"turns":16},{"damage":10,"enemies":"Shell Parasite","floor":18,"turns":6},{"damage":24,"enemies":"2 Thieves","floor":19,"turns":4},{"damage":24,"enemies":"Centurion and Healer","floor":22,"turns":6},{"damage":63,"enemies":"Gremlin Leader","floor":23,"turns":6}],"seed_played":"1343541746424104210","potions_obtained":[{"floor":1,"key":"Block Potion"},{"floor":4,"key":"SneckoOil"},{"floor":7,"key":"Ancient Potion"}],"is_trial":false,"path_per_floor":["M","?","M","M","$","R","E","M","T","M","?","E","R","?","R","B",null,"M","M","?","$","M","E"],"character_chosen":"IRONCLAD","items_purchased":["Metallicize","Flex"],"campfire_rested":0,"item_purchase_floors":[5,21],"current_hp_per_floor":[80,69,75,74,74,74,72,76,76,78,83,85,85,74,74,65,85,81,63,63,63,45,0],"gold":178,"neow_bonus":"THREE_CARDS","is_prod":false,"is_daily":false,"chose_seed":false,"campfire_upgraded":3,"win_rate":0,"timestamp":1551571866,"path_taken":["M","?","M","M","$","R","E","M","T","M","?","E","R","?","R","BOSS","M","M","?","$","M","E"],"build_version":"2019-01-23","purchased_purges":2,"victory":false,"max_hp_per_floor":[80,80,80,80,80,80,80,80,80,80,85,85,85,85,85,85,85,85,85,85,85,85,85],"card_choices":[{"not_picked":["Warcry","Corruption"],"picked":"Searing Blow","floor":0},{"not_picked":["Flex","Anger"],"picked":"Metallicize","floor":1},{"not_picked":["Heavy Blade","Iron Wave"],"picked":"Inflame","floor":3},{"not_picked":["Anger","Perfected Strike"],"picked":"Body Slam","floor":4},{"not_picked":["Wild Strike","Spot Weakness"],"picked":"Reaper","floor":7},{"not_picked":["Sentinel","Perfected Strike"],"picked":"Iron Wave","floor":8},{"not_picked":["Dropkick","Iron Wave"],"picked":"Disarm","floor":10},{"not_picked":["Searing Blow","Hemokinesis"],"picked":"Heavy Blade","floor":12},{"not_picked":["Perfected Strike","Havoc"],"picked":"Flame Barrier","floor":14},{"not_picked":["Exhume","Limit Break"],"picked":"Juggernaut+1","floor":16},{"not_picked":["Cleave","Havoc","True Grit"],"picked":"SKIP","floor":18},{"not_picked":["Disarm","Twin Strike","Iron Wave"],"picked":"SKIP","floor":19},{"not_picked":["Heavy Blade+1","Disarm+1"],"picked":"Evolve+1","floor":22}],"player_experience":420093,"relics_obtained":[{"floor":7,"key":"Torii"},{"floor":9,"key":"Frozen Egg 2"},{"floor":12,"key":"Potion Belt"},{"floor":14,"key":"Odd Mushroom"}],"event_choices":[{"damage_healed":0,"gold_gain":75,"player_choice":"Gather Gold","damage_taken":11,"max_hp_gain":0,"max_hp_loss":0,"event_name":"World of Goop","floor":2,"gold_loss":0},{"damage_healed":0,"gold_gain":0,"player_choice":"Donut","damage_taken":0,"max_hp_gain":5,"max_hp_loss":0,"event_name":"Big Fish","floor":11,"gold_loss":0},{"damage_healed":0,"gold_gain":0,"player_choice":"Fought Mushrooms","damage_taken":0,"max_hp_gain":0,"max_hp_loss":0,"event_name":"Mushrooms","floor":14,"gold_loss":0},{"damage_healed":0,"gold_gain":0,"player_choice":"Obtain J.A.X.","damage_taken":0,"max_hp_gain":0,"max_hp_loss":0,"event_name":"Drug Dealer","floor":20,"gold_loss":0,"cards_obtained":["J.A.X."]}],"is_beta":false,"boss_relics":[{"not_picked":["Coffee Dripper","Runic Dome"],"picked":"Sozu"}],"items_purged_floors":[5,21],"is_endless":false,"potions_floor_spawned":[1,4,7,19,22],"killed_by":"Gremlin Leader","ascension_level":2}