{"gold_per_floor":[112,112,112,128,53,53,67,67,67,92,92,121,146,180,180,180],"floor_reached":16,"playtime":581,"items_purged":["Defend_R"],"score":240,"play_id":"9655fe2e-e7fd-4e6f-8b7a-3ddbbd40763e","local_time":"20190227215644","is_ascension_mode":true,"campfire_choices":[{"data":"Feed","floor":6.0,"key":"SMITH"},{"data":"Cleave","floor":8.0,"key":"SMITH"},{"data":"Bash","floor":11.0,"key":"SMITH"},{"data":"Ghostly Armor","floor":15.0,"key":"SMITH"}],"neow_cost":"NONE","seed_source_timestamp":0,"circlet_count":0,"master_deck":["AscendersBane","Strike_R","Strike_R","Strike_R","Strike_R","Defend_R","Defend_R","Defend_R","Bash+1","Feed+1","Cleave+1","Ghostly Armor+1","Warcry"],"special_seed":0,"relics":["Burning Blood","Bag of Marbles","Oddly Smooth Stone","Prayer Wheel","Odd Mushroom","Anchor"],"potions_floor_usage":[16],"damage_taken":[{"damage":4.0,"enemies":"Jaw Worm","floor":1.0,"turns":3.0},{"damage":21.0,"enemies":"Small Slimes","floor":4.0,"turns":5.0},{"damage":1.0,"enemies":"Cultist","floor":7.0,"turns":4.0},{"damage":25.0,"enemies":"3 Sentries","floor":10.0,"turns":6.0},{"damage":8.0,"enemies":"Gremlin Nob","floor":12.0,"turns":3.0},{"damage":7.0,"enemies":"The Mushroom Lair","floor":13.0,"turns":4.0},{"damage":34.0,"enemies":"3 Sentries","floor":14.0,"turns":6.0},{"damage":34,"enemies":"Hexaghost","floor":16,"turns":9}],"seed_played":"6149098478815847545","potions_obtained":[{"floor":12.0,"key":"Dexterity Potion"}],"is_trial":false,"path_per_floor":["M","?","?","M","$","R","M","R","T","E","R","E","?","E","R","B"],"character_chosen":"IRONCLAD","items_purchased":[],"campfire_rested":0,"item_purchase_floors":[],"current_hp_per_floor":[73,78,71,59,59,59,68,68,68,53,53,55,58,34,34,0],"gold":180,"neow_bonus":"ONE_RANDOM_RARE_CARD","is_prod":false,"is_daily":false,"chose_seed":false,"campfire_upgraded":4,"win_rate":0,"timestamp":1551272204,"path_taken":["M","?","?","M","$","R","M","R","T","E","R","E","?","E","R","BOSS"],"build_version":"2019-01-23","purchased_purges":1,"victory":false,"max_hp_per_floor":[78,83,83,86,86,86,90,90,90,94,94,98,102,106,106,106],"card_choices":[{"not_picked":["Iron Wave","Power Through","Wild Strike"],"picked":"SKIP","floor":1.0},{"not_picked":["Armaments","Second Wind","Havoc"],"picked":"SKIP","floor":4.0},{"not_picked":["Second Wind","Flex"],"picked":"Cleave","floor":7.0},{"not_picked":["Bludgeon","Shockwave"],"picked":"Ghostly Armor","floor":10.0},{"not_picked":["Pommel Strike","Warcry","Bloodletting"],"picked":"SKIP","floor":12.0},{"not_picked":["Clash","Warcry","Headbutt"],"picked":"SKIP","floor":14.0},{"not_picked":["Clash","Headbutt"],"picked":"Warcry","floor":14.0}],"player_experience":941754,"relics_obtained":[{"floor":9.0,"key":"Bag of Marbles"},{"floor":10.0,"key":"Oddly Smooth Stone"},{"floor":12.0,"key":"Prayer Wheel"},{"floor":13.0,"key":"Odd Mushroom"},{"floor":14.0,"key":"Anchor"}],"event_choices":[{"damage_healed":0.0,"max_hp_gain":5.0,"max_hp_loss":0.0,"gold_gain":0.0,"event_name":"Big Fish","player_choice":"Donut","floor":2.0,"gold_loss":0.0,"damage_taken":0.0},{"cards_removed":["Strike_R"],"damage_healed":0.0,"max_hp_gain":0.0,"max_hp_loss":0.0,"gold_gain":0.0,"event_name":"Golden Wing","player_choice":"Card Removal","floor":3.0,"gold_loss":0.0,"damage_taken":7.0},{"damage_healed":0.0,"max_hp_gain":0.0,"max_hp_loss":0.0,"gold_gain":0.0,"event_name":"Mushrooms","player_choice":"Fought Mushrooms","floor":13.0,"gold_loss":0.0,"damage_taken":0.0}],"is_beta":false,"boss_relics":[],"items_purged_floors":[5],"is_endless":false,"potions_floor_spawned":[12],"killed_by":"Hexaghost","ascension_level":17}