{"path_per_floor":["M","?","?","$","M","E","R","M","T","M","?","$","$","M","R","B",null,"M","M","M","$","?","R","M"],"character_chosen":"IRONCLAD","items_purchased":["Blood Vial","Jack Of All Trades","Warcry","Purity"],"gold_per_floor":[113,113,188,35,51,87,87,103,103,126,126,31,31,51,51,175,175,194,213,236,8,108,108,128,128],"floor_reached":25,"campfire_rested":2,"playtime":1134,"current_hp_per_floor":[69,49,38,38,46,29,29,29,29,25,25,25,25,30,54,39,70,49,43,29,29,29,53,15,0],"items_purged":["Heavy Blade"],"gold":128,"score":264,"play_id":"ef767e60-e63d-4658-8b8d-0b52794b6dbc","local_time":"20180416190946","is_prod":false,"is_daily":false,"chose_seed":false,"is_ascension_mode":true,"campfire_upgraded":1,"timestamp":1523920186,"path_taken":["M","?","?","$","M","E","R","M","T","M","?","?","$","M","R","BOSS","M","M","?","$","?","R","M","?"],"build_version":"2018-04-12","seed_source_timestamp":189922584543936,"purchased_purges":2,"victory":false,"master_deck":["Bash","Twin Strike","Perfected Strike","Infernal Blade","Dropkick+1","Corruption","Shockwave","Jack Of All Trades","Pommel Strike","Exhume","Armaments","Metallicize","Cleave","Dropkick","Perfected Strike","Sword Boomerang","Twin Strike","Seeing Red","Warcry+1","Warcry","Purity"],"max_hp_per_floor":[80,80,80,80,80,80,80,80,80,80,80,80,80,80,80,80,80,80,80,80,80,80,80,80,80],"relics":["Burning Blood","Golden Idol","Blood Vial","Darkstone Periapt","Bottled Flame","Pandora\u0027s Box"],"card_choices":[{"not_picked":["Cleave","Headbutt"],"picked":"Twin Strike","floor":0},{"not_picked":["Clothesline","Clash"],"picked":"Perfected Strike","floor":1},{"not_picked":["Sword Boomerang","Shockwave"],"picked":"Infernal Blade","floor":5},{"not_picked":["Sever Soul","Flex"],"picked":"Dropkick","floor":6},{"not_picked":["Carnage","Twin Strike"],"picked":"Corruption","floor":8},{"not_picked":["Cleave","Anger"],"picked":"Shockwave","floor":10},{"not_picked":["Inflame","Shrug It Off"],"picked":"Pommel Strike","floor":14},{"not_picked":["Immolate","Barricade"],"picked":"Exhume","floor":16},{"not_picked":["Carnage","Heavy Blade"],"picked":"Warcry","floor":18}],"player_experience":455205,"potions_floor_usage":[16,16,19,20,20],"damage_taken":[{"damage":9,"enemies":"Jaw Worm","floor":1,"turns":4},{"damage":0,"enemies":"2 Louse","floor":5,"turns":2},{"damage":25,"enemies":"Gremlin Nob","floor":6,"turns":4},{"damage":8,"enemies":"Small Slimes","floor":8,"turns":3},{"damage":12,"enemies":"Exordium Wildlife","floor":10,"turns":2},{"damage":3,"enemies":"Looter","floor":14,"turns":2},{"damage":23,"enemies":"Hexaghost","floor":16,"turns":8},{"damage":29,"enemies":"Spheric Guardian","floor":18,"turns":5},{"damage":14,"enemies":"2 Thieves","floor":19,"turns":3},{"damage":31,"enemies":"Snake Plant","floor":20,"turns":4},{"damage":46,"enemies":"Centurion and Healer","floor":24,"turns":4},{"damage":30,"enemies":"Chosen and Byrds","floor":25,"turns":5}],"event_choices":[{"event_name":"Golden Idol","player_choice":"Take Damage","floor":2,"damage_taken":0},{"event_name":"World of Goop","player_choice":"Gather Gold","floor":3,"damage_taken":0},{"event_name":"Shining Light","player_choice":"Ignored","floor":11,"damage_taken":0},{"event_name":"Golden Shrine","player_choice":"Pray","floor":22,"damage_taken":0}],"boss_relics":[{"not_picked":["Snecko Eye","Mark of Pain"],"picked":"Pandora\u0027s Box"}],"potions_floor_spawned":[6,8,10,14,16,19,24],"seed_played":"-8152037015982355834","killed_by":"Chosen and Byrds","ascension_level":6,"is_trial":false}