{"gold_per_floor":[113,288,288,288,298,298,311,311,357,357,376,390,400,424,424,529,529,548,242,242,131,131,131,157,142,142,142,73,73,73,89,89,186,186,203,223,233,233],"floor_reached":38,"playtime":1436,"items_purged":["Strike_G","Strike_G","Envenom+1","Doubt","Defend_G"],"score":670,"play_id":"c8de5d45-853d-4ced-976e-f40683ca7fcf","local_time":"20190302224955","is_ascension_mode":true,"campfire_choices":[{"data":"Apotheosis","floor":6,"key":"SMITH"},{"floor":8,"key":"REST"},{"data":"Noxious Fumes","floor":10,"key":"SMITH"},{"data":"Well Laid Plans","floor":15,"key":"SMITH"},{"data":"Noxious Fumes","floor":23,"key":"SMITH"},{"data":"Footwork","floor":27,"key":"SMITH"},{"data":"Noxious Fumes","floor":32,"key":"SMITH"}],"neow_cost":"","seed_source_timestamp":693843307342500,"circlet_count":0,"master_deck":["Defend_G","Defend_G","Defend_G","Defend_G","Neutralize","Apotheosis+1","Noxious Fumes+1","Well Laid Plans+1","Blur","Leg Sweep","After Image+1","Dash+1","Blade Dance+1","Catalyst","Noxious Fumes+1","Crippling Poison","Footwork+1","Noxious Fumes+1","After Image","Parasite"],"relics":["Ring of the Snake","Regal Pillow","Membership Card","MerchantsRug","Meat on the Bone","Black Star"],"potions_floor_usage":[13,13,16,25,38,38],"damage_taken":[{"damage":0,"enemies":"Small Slimes","floor":1,"turns":4},{"damage":4,"enemies":"2 Louse","floor":5,"turns":4},{"damage":0,"enemies":"Cultist","floor":7,"turns":4},{"damage":1,"enemies":"Exordium Wildlife","floor":11,"turns":5},{"damage":6,"enemies":"Red Slaver","floor":12,"turns":5},{"damage":12,"enemies":"Exordium Thugs","floor":13,"turns":3},{"damage":0,"enemies":"The Guardian","floor":16,"turns":13},{"damage":0,"enemies":"Chosen","floor":18,"turns":7},{"damage":6,"enemies":"Book of Stabbing","floor":24,"turns":8},{"damage":15,"enemies":"2 Thieves","floor":25,"turns":4},{"damage":29,"enemies":"Cultist and Chosen","floor":31,"turns":7},{"damage":13,"enemies":"Automaton","floor":33,"turns":9},{"damage":32,"enemies":"3 Darklings","floor":35,"turns":7},{"damage":8,"enemies":"Orb Walker","floor":36,"turns":7},{"damage":24,"enemies":"Writhing Mass","floor":37,"turns":7},{"damage":42,"enemies":"Jaw Worm Horde","floor":38,"turns":4}],"seed_played":"-8871240923843920419","potions_obtained":[{"floor":5,"key":"Poison Potion"},{"floor":7,"key":"EssenceOfSteel"},{"floor":12,"key":"SkillPotion"},{"floor":18,"key":"SkillPotion"},{"floor":36,"key":"Block Potion"},{"floor":37,"key":"AttackPotion"}],"is_trial":false,"path_per_floor":["M","?","?","?","M","R","M","R","T","R","M","M","M","T","R","B",null,"M","$","?","$","?","R","E","M","T","R","$","?","$","M","R","B",null,"M","M","M","M"],"character_chosen":"THE_SILENT","items_purchased":["Apotheosis","Noxious Fumes","Well Laid Plans","Membership Card","Catalyst","MerchantsRug","Noxious Fumes","Noxious Fumes"],"campfire_rested":1,"item_purchase_floors":[0,0,0,19,19,19,21,28],"current_hp_per_floor":[38,38,43,43,39,39,39,61,61,61,60,54,42,42,42,42,75,75,75,75,75,75,75,69,54,54,54,54,54,54,37,37,36,75,43,47,35,0],"gold":233,"neow_bonus":"","is_prod":false,"is_daily":false,"chose_seed":false,"campfire_upgraded":6,"win_rate":0,"timestamp":1551563395,"path_taken":["M","?","?","?","M","R","M","R","T","R","?","M","M","?","R","BOSS","M","$","?","?","?","R","E","M","T","R","$","?","?","M","R","BOSS","M","M","?","M"],"build_version":"2019-01-23","purchased_purges":5,"victory":false,"max_hp_per_floor":[70,70,75,75,75,75,75,75,75,75,75,75,75,75,75,75,75,75,75,75,75,75,75,75,75,75,75,75,75,75,75,75,75,75,75,75,75,75],"card_choices":[{"not_picked":["Sucker Punch","Accuracy","Well Laid Plans"],"picked":"SKIP","floor":1},{"not_picked":["Flying Knee","Blade Dance"],"picked":"Blur","floor":5},{"not_picked":["Dagger Spray","Blade Dance","Caltrops"],"picked":"SKIP","floor":7},{"not_picked":["Distraction","Dagger Spray","Predator"],"picked":"SKIP","floor":11},{"not_picked":["Deflect","Bane","Flechettes"],"picked":"SKIP","floor":12},{"not_picked":["All Out Attack","Poisoned Stab"],"picked":"Leg Sweep","floor":13},{"not_picked":["A Thousand Cuts","Burst"],"picked":"After Image","floor":16},{"not_picked":["Distraction","Backstab","Masterful Stab"],"picked":"SKIP","floor":18},{"not_picked":["Outmaneuver","Cloak And Dagger"],"picked":"Crippling Poison","floor":24},{"not_picked":["Dagger Throw+1","Quick Slash+1"],"picked":"Footwork","floor":25},{"not_picked":["Slice","Acrobatics","Blur"],"picked":"SKIP","floor":31},{"not_picked":["Envenom","Die Die Die"],"picked":"After Image","floor":33},{"not_picked":["Sucker Punch+1","Infinite Blades+1","Blur"],"picked":"SKIP","floor":35},{"not_picked":["Quick Slash","Acrobatics","Cloak And Dagger+1"],"picked":"SKIP","floor":36},{"not_picked":["Blade Dance","Infinite Blades+1","Finisher+1"],"picked":"SKIP","floor":37}],"player_experience":147500,"relics_obtained":[{"floor":9,"key":"Regal Pillow"},{"floor":14,"key":"Vajra"},{"floor":24,"key":"Molten Egg 2"},{"floor":26,"key":"Meat on the Bone"}],"event_choices":[{"damage_healed":0,"gold_gain":175,"player_choice":"AGREE","damage_taken":0,"max_hp_gain":0,"max_hp_loss":0,"event_name":"Liars Game","floor":2,"gold_loss":0,"cards_obtained":["Doubt"]},{"damage_healed":0,"gold_gain":0,"player_choice":"Donut","damage_taken":0,"max_hp_gain":5,"max_hp_loss":0,"event_name":"Big Fish","floor":3,"gold_loss":0},{"cards_removed":["Strike_G"],"damage_healed":0,"gold_gain":0,"player_choice":"Card Removal","damage_taken":0,"max_hp_gain":0,"max_hp_loss":0,"event_name":"Wheel of Change","floor":4,"gold_loss":0},{"damage_healed":0,"gold_gain":0,"player_choice":"Upgraded","damage_taken":0,"max_hp_gain":0,"max_hp_loss":0,"event_name":"Upgrade Shrine","floor":20,"gold_loss":0,"cards_upgraded":["After Image"]},{"damage_healed":0,"gold_gain":0,"player_choice":"Ignored","damage_taken":0,"max_hp_gain":0,"max_hp_loss":0,"event_name":"Vampires","floor":22,"gold_loss":0},{"damage_healed":0,"gold_gain":0,"player_choice":"Ignored","damage_taken":0,"max_hp_gain":0,"max_hp_loss":0,"event_name":"Beggar","floor":29,"gold_loss":0}],"is_beta":false,"boss_relics":[{"not_picked":["Coffee Dripper","Cursed Key"],"picked":"Astrolabe"},{"not_picked":["HoveringKite","WristBlade"],"picked":"Black Star"}],"items_purged_floors":[0,0,19,21,28],"is_endless":false,"potions_floor_spawned":[5,7,12,18,36,37],"killed_by":"Jaw Worm Horde","ascension_level":2}