{"gold_per_floor":[116,126,126,139,150,150,150,168,193,227,227,241,116,128,128,128],"floor_reached":16,"playtime":486,"items_purged":["Anger"],"score":203,"play_id":"1811855f-c98c-43ba-9fe6-002583d985dd","local_time":"20190302232630","is_ascension_mode":true,"campfire_choices":[{"data":"Perfected Strike","floor":6,"key":"SMITH"},{"data":"Perfected Strike","floor":11,"key":"SMITH"},{"data":"Perfected Strike","floor":15,"key":"SMITH"}],"neow_cost":"NONE","seed_source_timestamp":94098726737548,"circlet_count":0,"master_deck":["AscendersBane","Strike_R","Strike_R","Strike_R","Strike_R","Defend_R+1","Defend_R","Defend_R+1","Bash","Perfected Strike+1","Perfected Strike+1","Perfected Strike+1","Warcry"],"relics":["Burning Blood","CultistMask","Vajra","War Paint"],"potions_floor_usage":[10,16],"damage_taken":[{"damage":7,"enemies":"Cultist","floor":1,"turns":4},{"damage":6,"enemies":"2 Louse","floor":2,"turns":3},{"damage":5,"enemies":"Small Slimes","floor":4,"turns":3},{"damage":12,"enemies":"Looter","floor":5,"turns":3},{"damage":16,"enemies":"Large Slime","floor":8,"turns":5},{"damage":25,"enemies":"3 Sentries","floor":10,"turns":6},{"damage":5,"enemies":"Blue Slaver","floor":12,"turns":2},{"damage":6,"enemies":"Red Slaver","floor":14,"turns":2},{"damage":37,"enemies":"Hexaghost","floor":16,"turns":9}],"seed_played":"5242543453102820781","potions_obtained":[{"floor":4,"key":"Strength Potion"},{"floor":5,"key":"Ancient Potion"},{"floor":12,"key":"GamblersBrew"}],"is_trial":false,"path_per_floor":["M","M","?","M","M","R","?","M","T","E","R","M","$","M","R","B"],"character_chosen":"IRONCLAD","items_purchased":["Perfected Strike"],"campfire_rested":0,"item_purchase_floors":[13],"current_hp_per_floor":[67,67,67,68,62,62,62,52,52,33,33,34,34,34,34,0],"gold":128,"neow_bonus":"TRANSFORM_CARD","is_prod":false,"is_daily":false,"chose_seed":false,"campfire_upgraded":3,"win_rate":0,"timestamp":1551536790,"path_taken":["M","?","?","M","?","R","?","?","T","E","R","M","$","M","R","BOSS"],"build_version":"2019-01-23","purchased_purges":1,"victory":false,"max_hp_per_floor":[75,75,75,75,75,75,75,75,75,75,75,75,75,75,75,75],"card_choices":[{"not_picked":["Clothesline","Havoc","Seeing Red"],"picked":"SKIP","floor":1},{"not_picked":["Battle Trance","Thunderclap","Armaments"],"picked":"SKIP","floor":2},{"not_picked":["Heavy Blade","Flex"],"picked":"Perfected Strike","floor":4},{"not_picked":["Sentinel","Anger","Armaments"],"picked":"SKIP","floor":5},{"not_picked":["Anger","Rampage","Clothesline"],"picked":"SKIP","floor":8},{"not_picked":["Armaments","Clothesline","Twin Strike"],"picked":"SKIP","floor":10},{"not_picked":["Clash","Dual Wield","Barricade"],"picked":"SKIP","floor":12},{"not_picked":["Heavy Blade","Rampage"],"picked":"Warcry","floor":14}],"player_experience":1012353,"relics_obtained":[{"floor":9,"key":"Vajra"},{"floor":10,"key":"War Paint"}],"event_choices":[{"damage_healed":0,"gold_gain":0,"cards_transformed":["Defend_R"],"player_choice":"Transformed","damage_taken":0,"max_hp_gain":0,"max_hp_loss":0,"event_name":"Transmorgrifier","floor":3,"gold_loss":0,"cards_obtained":["Anger"]},{"damage_healed":0,"gold_gain":0,"player_choice":"Trade","damage_taken":0,"relics_obtained":["CultistMask"],"max_hp_gain":0,"max_hp_loss":0,"event_name":"FaceTrader","floor":7,"gold_loss":0}],"is_beta":false,"boss_relics":[],"items_purged_floors":[13],"is_endless":false,"potions_floor_spawned":[4,5,12],"killed_by":"Hexaghost","ascension_level":19}