{"path_per_floor":["M","$","M","?","$","R","E","R","T","M","E","$","M","M","R","B",null,"M","?","?","M","$","E","M","M","T","M","E","R","E","$","R","B",null,"M","T","$","M","M","E","R","E","T","E","R","M","?","M","R","B"],"character_chosen":"IRONCLAD","items_purchased":["Corruption","Inflame","Bag of Marbles","Pen Nib","Seeing Red"],"gold_per_floor":[110,28,48,48,48,48,81,81,81,99,133,23,43,58,58,161,161,181,181,181,199,42,68,81,91,114,131,165,165,200,52,52,154,154,166,190,18,37,50,80,80,115,139,170,170,188,0,10,10,10],"floor_reached":51,"campfire_rested":1,"playtime":3993,"current_hp_per_floor":[72,72,64,64,64,64,64,64,64,64,66,66,68,70,70,66,80,82,82,82,82,82,70,70,60,60,64,35,77,81,81,81,48,82,86,86,86,90,92,87,87,91,91,95,95,99,99,103,103,43],"items_purged":["Strike_R","Fire Breathing"],"gold":10,"score":1233,"play_id":"ec6978ca-ef72-40ff-99ed-0899cb54dbb0","is_prod":false,"is_daily":false,"is_ascension_mode":true,"campfire_upgraded":7,"path_taken":["M","$","M","?","?","R","E","R","T","M","E","$","M","M","R","BOSS","M","?","?","M","$","E","?","M","T","M","E","R","E","?","R","BOSS","M","?","$","M","M","E","R","E","T","E","R","?","?","?","R","BOSS"],"build_version":"2018-02-14-BETA1","purchased_purges":2,"victory":true,"master_deck":["Bash+1","Bludgeon+1","Corruption","Inflame+1","Demon Form+1","Whirlwind+1","Warcry","Shrug It Off","Battle Trance","Double Tap+1","Dark Embrace","Heavy Blade+1","Feel No Pain","Iron Wave","Sword Boomerang","Havoc","Warcry","Seeing Red","Shrug It Off+1","Searing Blow+1"],"max_hp_per_floor":[80,80,80,77,77,77,77,77,77,77,79,79,81,83,83,85,85,87,87,87,87,87,89,89,89,89,91,91,91,93,93,93,93,93,95,95,95,97,97,97,97,99,99,101,101,103,103,105,105,105],"relics":["Snecko Eye","Bag of Preparation","Ornamental Fan","Singing Bowl","Sozu","Bag of Marbles","Bronze Scales","Blood Vial","Regal Pillow","Ancient Tea Set","Pen Nib","Pandora\u0027s Box","Oddly Smooth Stone","Darkstone Periapt","Vajra","Lantern","Art of War","Red Mask"],"card_choices":[{"not_picked":["Sentinel","Headbutt"],"picked":"Bludgeon"},{"not_picked":["Shrug It Off","Blood for Blood"],"picked":"Warcry"},{"not_picked":["Heavy Blade","Clothesline"],"picked":"Shrug It Off"},{"not_picked":["Entrench","Thunderclap"],"picked":"Battle Trance"},{"not_picked":["Rupture","Blood for Blood"],"picked":"Double Tap"},{"not_picked":["Demon Form","Barricade"],"picked":"Dark Embrace"},{"not_picked":["Disarm","Metallicize"],"picked":"Shrug It Off"},{"not_picked":["Pommel Strike","Havoc"],"picked":"Searing Blow"}],"player_experience":212439,"potions_floor_usage":[],"damage_taken":[{"damage":0,"enemies":"Cultist","floor":1,"turns":3},{"damage":8,"enemies":"Blue Slaver","floor":3,"turns":2},{"damage":0,"enemies":"Lagavulin","floor":7,"turns":4},{"damage":0,"enemies":"Small Slimes","floor":10,"turns":1},{"damage":0,"enemies":"3 Sentries","floor":11,"turns":2},{"damage":0,"enemies":"Exordium Wildlife","floor":13,"turns":3},{"damage":0,"enemies":"Looter","floor":14,"turns":1},{"damage":6,"enemies":"The Guardian","floor":16,"turns":5},{"damage":0,"enemies":"Chosen","floor":18,"turns":2},{"damage":0,"enemies":"Shell Parasite","floor":21,"turns":1},{"damage":14,"enemies":"Slavers","floor":23,"turns":3},{"damage":0,"enemies":"3 Cultists","floor":24,"turns":3},{"damage":10,"enemies":"Slaver and Parasite","floor":25,"turns":3},{"damage":0,"enemies":"Snake Plant","floor":27,"turns":2},{"damage":31,"enemies":"Book of Stabbing","floor":28,"turns":4},{"damage":0,"enemies":"Slavers","floor":30,"turns":1},{"damage":35,"enemies":"Champ","floor":33,"turns":7},{"damage":0,"enemies":"3 Shapes","floor":35,"turns":2},{"damage":0,"enemies":"Flame Bruiser 1 Orb","floor":38,"turns":1},{"damage":0,"enemies":"3 Darklings","floor":39,"turns":3},{"damage":7,"enemies":"Giant Head","floor":40,"turns":4},{"damage":0,"enemies":"2 Orb Walkers","floor":42,"turns":2},{"damage":0,"enemies":"Nemesis","floor":44,"turns":1},{"damage":0,"enemies":"Maw","floor":46,"turns":2},{"damage":0,"enemies":"Spire Growth","floor":48,"turns":1},{"damage":62,"enemies":"Awakened One","floor":50,"turns":4}],"event_choices":[{"event_name":"Purifier","player_choice":"One Purge","floor":4,"damage_taken":0},{"event_name":"Transmorgrifier","player_choice":"Transform","floor":19,"damage_taken":0},{"event_name":"The Library","player_choice":"Read","floor":20,"damage_taken":0},{"event_name":"Tomb of Lord Red Mask","player_choice":"Paid","floor":47,"damage_taken":0}],"boss_relics":[{"not_picked":["Eternal Feather","Philosopher\u0027s Stone"],"picked":"Sozu"},{"not_picked":["Question Card","Runic Dome"],"picked":"Pandora\u0027s Box"}],"potions_floor_spawned":[3,7,10,21,25,33,39,44,46],"seed_played":"-5952477839155655177","ascension_level":12,"is_trial":false}