{"gold_per_floor":[119,119,119,201,201,230,230,255,340,340,353,368,382,397,397,528,528,547,352,370,386,386,386],"floor_reached":23,"playtime":936,"items_purged":[],"score":276,"play_id":"b043871c-f670-4b35-bd2e-609773d83a9d","local_time":"20181230112544","is_ascension_mode":true,"campfire_choices":[{"data":"Bash","floor":7,"key":"SMITH"},{"data":"Whirlwind","floor":15,"key":"SMITH"}],"neow_cost":"NONE","seed_source_timestamp":840359605660984,"circlet_count":0,"master_deck":["Strike_R","Strike_R","Strike_R","Strike_R","Strike_R","Defend_R","Defend_R","Defend_R","Defend_R","Bash+1","Seeing Red","Armaments+1","Evolve","Ghostly Armor+1","Cleave","Metallicize","Whirlwind+1","Demon Form","Sadistic Nature","Armaments+1","Infernal Blade+1","Demon Form"],"relics":["Burning Blood","NeowsBlessing","Toxic Egg 2","Mummified Hand","Bottled Flame","Happy Flower","Tiny Chest","Golden Idol","Philosopher\u0027s Stone"],"potions_floor_usage":[16,16,16,21],"damage_taken":[{"damage":0,"enemies":"2 Louse","floor":1,"turns":1},{"damage":0,"enemies":"3 Sentries","floor":6,"turns":1},{"damage":0,"enemies":"Lagavulin","floor":8,"turns":1},{"damage":1,"enemies":"Small Slimes","floor":11,"turns":4},{"damage":7,"enemies":"Jaw Worm","floor":12,"turns":2},{"damage":9,"enemies":"2 Fungi Beasts","floor":13,"turns":2},{"damage":0,"enemies":"3 Louse","floor":14,"turns":2},{"damage":25,"enemies":"The Guardian","floor":16,"turns":14},{"damage":16,"enemies":"Chosen","floor":18,"turns":7},{"damage":22,"enemies":"2 Thieves","floor":20,"turns":4},{"damage":14,"enemies":"3 Cultists","floor":21,"turns":4},{"damage":52,"enemies":"Slavers","floor":23,"turns":3}],"seed_played":"-2203639471480351696","potions_obtained":[{"floor":8,"key":"LiquidBronze"},{"floor":11,"key":"Energy Potion"},{"floor":12,"key":"GamblersBrew"},{"floor":20,"key":"SkillPotion"}],"is_trial":false,"path_per_floor":["M","?","?","T","?","E","R","E","T","?","M","M","M","M","R","B",null,"M","$","M","M","?","E"],"character_chosen":"IRONCLAD","items_purchased":["Sadistic Nature"],"campfire_rested":0,"item_purchase_floors":[19],"current_hp_per_floor":[80,80,62,62,62,68,68,74,74,54,59,58,55,61,61,42,80,70,70,54,46,46,0],"gold":386,"neow_bonus":"THREE_ENEMY_KILL","is_prod":false,"is_daily":false,"chose_seed":false,"campfire_upgraded":2,"win_rate":0,"timestamp":1546187144,"path_taken":["M","?","?","?","?","E","R","E","T","?","?","M","M","M","R","BOSS","M","$","M","M","?","E"],"build_version":"2018-12-20","purchased_purges":0,"victory":false,"max_hp_per_floor":[80,80,80,80,80,80,80,80,80,80,80,80,80,80,80,80,80,80,80,80,80,80,80],"card_choices":[{"not_picked":["Clash","Hemokinesis"],"picked":"Seeing Red","floor":1},{"not_picked":["Iron Wave","Wild Strike"],"picked":"Armaments+1","floor":6},{"not_picked":["Iron Wave","Shockwave+1"],"picked":"Evolve","floor":8},{"not_picked":["Armaments+1","Uppercut"],"picked":"Ghostly Armor+1","floor":11},{"not_picked":["Searing Blow","Havoc+1"],"picked":"Cleave","floor":12},{"not_picked":["Heavy Blade","Body Slam"],"picked":"Metallicize","floor":13},{"not_picked":["Sword Boomerang","Sever Soul"],"picked":"Whirlwind","floor":14},{"not_picked":["Impervious+1","Exhume+1"],"picked":"Demon Form","floor":16},{"not_picked":["Sword Boomerang","Perfected Strike+1","Entrench+1"],"picked":"SKIP","floor":18},{"not_picked":["Clash","True Grit+1"],"picked":"Armaments+1","floor":20},{"not_picked":["Clothesline","Havoc+1"],"picked":"Infernal Blade+1","floor":21}],"player_experience":398126,"relics_obtained":[{"floor":4,"key":"Mummified Hand"},{"floor":6,"key":"Bottled Flame"},{"floor":8,"key":"Happy Flower"},{"floor":9,"key":"Tiny Chest"}],"event_choices":[{"damage_healed":0,"gold_gain":0,"player_choice":"Ignored","damage_taken":0,"max_hp_gain":0,"max_hp_loss":0,"event_name":"Golden Wing","floor":2,"gold_loss":0},{"damage_healed":0,"gold_gain":0,"player_choice":"Success","damage_taken":18,"relics_obtained":["Toxic Egg 2"],"max_hp_gain":0,"max_hp_loss":0,"event_name":"Scrap Ooze","floor":3,"gold_loss":0},{"damage_healed":0,"gold_gain":0,"player_choice":"Leave","damage_taken":0,"max_hp_gain":0,"max_hp_loss":0,"event_name":"The Cleric","floor":5,"gold_loss":0},{"damage_healed":0,"gold_gain":0,"player_choice":"Take Damage","damage_taken":20,"relics_obtained":["Golden Idol"],"max_hp_gain":0,"max_hp_loss":0,"event_name":"Golden Idol","floor":10,"gold_loss":0},{"damage_healed":0,"gold_gain":0,"player_choice":"Copied","damage_taken":0,"max_hp_gain":0,"max_hp_loss":0,"event_name":"Duplicator","floor":22,"gold_loss":0,"cards_obtained":["Demon Form"]}],"is_beta":false,"boss_relics":[{"not_picked":["Velvet Choker","Empty Cage"],"picked":"Philosopher\u0027s Stone"}],"items_purged_floors":[],"is_endless":false,"potions_floor_spawned":[8,11,12,14,20],"killed_by":"Slavers","ascension_level":2}