{"gold_per_floor":[119,119,132,132,145,145,170,203,227,15,15,15,34,4,4,132,132,153,153,153,153,163,163,182,192,192,211,225,244,16,36,36,135,135,147,147,72,72,72],"floor_reached":40,"playtime":2309,"items_purged":["Injury"],"score":810,"play_id":"d16e24e0-7c7e-48c9-ac99-01ddca4a237e","local_time":"20181110025232","is_ascension_mode":true,"campfire_choices":[{"data":"Cloak And Dagger","floor":6.0,"key":"SMITH"},{"floor":11.0,"key":"REST"},{"floor":15.0,"key":"REST"},{"data":"Footwork","floor":23.0,"key":"SMITH"},{"floor":32,"key":"REST"}],"neow_cost":"NONE","seed_source_timestamp":0,"circlet_count":0,"master_deck":["Defend_G+1","Defend_G","Defend_G+1","Defend_G","Defend_G","Strike_G","Strike_G","Strike_G","Strike_G","Strike_G","Survivor+1","Neutralize","Prepared","Cloak And Dagger+1","Dagger Spray","Noxious Fumes+1","Deadly Poison","Accuracy","Dodge and Roll","Footwork+1","Corpse Explosion","Backstab","Infinite Blades","Leg Sweep+1","Accuracy","Blade Dance","Well Laid Plans","Prepared","Envenom","Escape Plan","Catalyst"],"special_seed":0,"relics":["Ring of the Snake","NeowsBlessing","Centennial Puzzle","Bloody Idol","Snake Skull","Orichalcum","Sozu","Enchiridion","War Paint","Ginger","TwistedFunnel","Black Star"],"potions_floor_usage":[],"damage_taken":[{"damage":0.0,"enemies":"Small Slimes","floor":1.0,"turns":1.0},{"damage":0.0,"enemies":"Jaw Worm","floor":3.0,"turns":1.0},{"damage":0.0,"enemies":"2 Louse","floor":5.0,"turns":1.0},{"damage":9.0,"enemies":"Blue Slaver","floor":7.0,"turns":5.0},{"damage":32.0,"enemies":"Gremlin Nob","floor":8.0,"turns":5.0},{"damage":10.0,"enemies":"2 Fungi Beasts","floor":13.0,"turns":3.0},{"damage":22.0,"enemies":"Hexaghost","floor":16.0,"turns":10.0},{"damage":9.0,"enemies":"Shell Parasite","floor":18.0,"turns":6.0},{"damage":0.0,"enemies":"2 Thieves","floor":22.0,"turns":2.0},{"damage":15.0,"enemies":"Snecko","floor":24.0,"turns":5.0},{"damage":11,"enemies":"Snecko","floor":25,"turns":5},{"damage":4,"enemies":"Centurion and Healer","floor":27,"turns":5},{"damage":7,"enemies":"Chosen and Byrds","floor":28,"turns":5},{"damage":10,"enemies":"Cultist and Chosen","floor":29,"turns":5},{"damage":2,"enemies":"Centurion and Healer","floor":31,"turns":4},{"damage":34,"enemies":"Champ","floor":33,"turns":11},{"damage":3,"enemies":"Orb Walker","floor":35,"turns":4},{"damage":55,"enemies":"Donu and Deca","floor":39,"turns":8}],"seed_played":"5908186579160518432","potions_obtained":[{"floor":7.0,"key":"GamblersBrew"},{"floor":13.0,"key":"FearPotion"}],"is_trial":false,"path_per_floor":["M","?","M","?","M","R","M","E","T","$","R","?","M","?","R","B",null,"M","?","?","?","M","R","M","T","M","T","M","M","M","$","M","R","B",null,"M","?","$","?","B",null],"character_chosen":"THE_SILENT","items_purchased":["Deadly Poison","Accuracy","Dodge and Roll","TwistedFunnel","Well Laid Plans","Catalyst"],"campfire_rested":3,"item_purchase_floors":[10,10,10,30,30,37],"current_hp_per_floor":[63,56,56,56,56,56,47,15,15,15,36,22,12,12,33,11,55,46,30,30,30,40,40,30,24,24,25,23,18,18,21,42,13,56,58,58,58,58,3],"gold":72,"neow_bonus":"THREE_ENEMY_KILL","is_prod":false,"is_daily":false,"chose_seed":false,"campfire_upgraded":2,"win_rate":0,"timestamp":1541836352,"path_taken":["M","?","M","?","M","R","M","E","T","$","R","?","M","?","R","BOSS","M","?","?","?","M","R","?","M","T","M","M","M","?","M","R","BOSS","M","?","$","?","BOSS"],"build_version":"2018-11-08","purchased_purges":1,"victory":true,"max_hp_per_floor":[70,70,70,70,70,70,70,70,70,70,70,70,70,70,70,70,70,70,70,70,70,70,70,70,70,70,70,70,70,70,70,70,70,70,70,70,70,70,70],"card_choices":[{"not_picked":["Flying Knee","Sucker Punch"],"picked":"Prepared","floor":1.0},{"not_picked":["Sucker Punch","Flying Knee"],"picked":"Cloak And Dagger","floor":3.0},{"not_picked":["Sucker Punch","PiercingWail"],"picked":"Dagger Spray","floor":5.0},{"not_picked":["PiercingWail","All Out Attack"],"picked":"Noxious Fumes","floor":7.0},{"not_picked":["Slice","Riddle With Holes","Underhanded Strike"],"picked":"SKIP","floor":8.0},{"not_picked":["Masterful Stab","Dagger Spray"],"picked":"Footwork","floor":13.0},{"not_picked":["Die Die Die","Night Terror"],"picked":"Corpse Explosion","floor":16.0},{"not_picked":["Terror","Acrobatics"],"picked":"Backstab","floor":18.0},{"not_picked":["Dagger Throw","Bane"],"picked":"Infinite Blades","floor":22.0},{"not_picked":["Choke","Cloak And Dagger"],"picked":"Leg Sweep+1","floor":25},{"not_picked":["Dodge and Roll","Heel Hook"],"picked":"Accuracy","floor":27},{"not_picked":["Dagger Throw","Quick Slash","Eviscerate"],"picked":"SKIP","floor":28},{"not_picked":["Underhanded Strike+1","Quick Slash"],"picked":"Blade Dance","floor":29},{"not_picked":["Slice+1","Dagger Throw"],"picked":"Prepared","floor":31},{"not_picked":["After Image","Glass Knife"],"picked":"Envenom","floor":33},{"not_picked":["Acrobatics","Deflect"],"picked":"Escape Plan","floor":35}],"player_experience":781591,"relics_obtained":[{"floor":8.0,"key":"Snake Skull"},{"floor":9.0,"key":"Orichalcum"},{"floor":19.0,"key":"Enchiridion"},{"floor":24,"key":"War Paint"},{"floor":26,"key":"Ginger"}],"event_choices":[{"damage_healed":0.0,"max_hp_gain":0.0,"max_hp_loss":0.0,"gold_gain":0.0,"event_name":"Scrap Ooze","player_choice":"Success","floor":2.0,"gold_loss":0.0,"damage_taken":7.0,"relics_obtained":["Centennial Puzzle"]},{"damage_healed":0.0,"max_hp_gain":0.0,"max_hp_loss":0.0,"gold_gain":0.0,"event_name":"Golden Idol","player_choice":"Take Wound","floor":4.0,"gold_loss":0.0,"damage_taken":0.0,"relics_obtained":["Golden Idol"],"cards_obtained":["Injury"]},{"damage_healed":0.0,"max_hp_gain":0.0,"max_hp_loss":0.0,"gold_gain":0.0,"event_name":"Shining Light","player_choice":"Entered Light","floor":12.0,"gold_loss":0.0,"damage_taken":14.0,"cards_upgraded":["Defend_G","Noxious Fumes"]},{"damage_healed":0.0,"max_hp_gain":0.0,"max_hp_loss":0.0,"gold_gain":0.0,"event_name":"World of Goop","player_choice":"Left Gold","floor":14.0,"gold_loss":30.0,"damage_taken":0.0},{"damage_healed":0.0,"max_hp_gain":0.0,"max_hp_loss":0.0,"gold_gain":0.0,"event_name":"Cursed Tome","player_choice":"Obtained Book","floor":19.0,"gold_loss":0.0,"damage_taken":16.0},{"damage_healed":0.0,"max_hp_gain":0.0,"max_hp_loss":0.0,"gold_gain":0.0,"event_name":"Ghosts","player_choice":"Ignored","floor":20.0,"gold_loss":0.0,"damage_taken":0.0},{"damage_healed":0.0,"max_hp_gain":0.0,"max_hp_loss":0.0,"gold_gain":0.0,"event_name":"Forgotten Altar","player_choice":"Gave Idol","floor":21.0,"relics_lost":["Golden Idol"],"gold_loss":0.0,"damage_taken":0.0,"relics_obtained":["Bloody Idol"]},{"damage_healed":0,"gold_gain":0,"player_choice":"Ignored","damage_taken":0,"max_hp_gain":0,"max_hp_loss":0,"event_name":"Tomb of Lord Red Mask","floor":36,"gold_loss":0},{"damage_healed":0,"gold_gain":0,"player_choice":"Took Portal","damage_taken":0,"max_hp_gain":0,"max_hp_loss":0,"event_name":"SecretPortal","floor":38,"gold_loss":0}],"is_beta":false,"boss_relics":[{"not_picked":["Coffee Dripper","Snecko Eye"],"picked":"Sozu"},{"not_picked":["HoveringKite","Runic Pyramid"],"picked":"Black Star"}],"items_purged_floors":[10],"is_endless":false,"potions_floor_spawned":[7,13,22,28,29,33],"ascension_level":7}