{"gold_per_floor":[112,187,206,206,133,171,190,205,259,38,100,179,52,75,75,75],"floor_reached":16,"playtime":762,"items_purged":[],"score":150,"play_id":"7c4452a4-fadd-49d9-aa09-0c2773574791","local_time":"20181208135904","is_ascension_mode":true,"campfire_choices":[{"data":"Neutralize","floor":15,"key":"SMITH"}],"neow_cost":"NONE","seed_source_timestamp":1266682538622342,"circlet_count":0,"master_deck":["Defend_G","Defend_G","Defend_G","Defend_G","Defend_G","Strike_G","Strike_G","Strike_G","Strike_G","Strike_G","Survivor","Neutralize+1","Choke","Acrobatics","Infinite Blades","Venomology","Phantasmal Killer","Poisoned Stab","Footwork","Blur","Dagger Spray"],"relics":["Ring of the Snake","NeowsBlessing","Golden Idol","Anchor","Tiny Chest","Lantern","Juzu Bracelet","Ornamental Fan"],"potions_floor_usage":[8,8,12,12,12,12,16,16],"damage_taken":[{"damage":0,"enemies":"2 Louse","floor":1,"turns":1},{"damage":0,"enemies":"Jaw Worm","floor":3,"turns":1},{"damage":0,"enemies":"Gremlin Nob","floor":6,"turns":1},{"damage":0,"enemies":"Small Slimes","floor":7,"turns":3},{"damage":6,"enemies":"Exordium Thugs","floor":8,"turns":3},{"damage":6,"enemies":"3 Sentries","floor":12,"turns":8},{"damage":7,"enemies":"Exordium Wildlife","floor":14,"turns":4},{"damage":44,"enemies":"Hexaghost","floor":16,"turns":11}],"seed_played":"-1050900256681433326","potions_obtained":[{"floor":3,"key":"Block Potion"},{"floor":6,"key":"Block Potion"},{"floor":8,"key":"AttackPotion"}],"is_trial":false,"path_per_floor":["M","?","M","?","$","E","M","M","T","$","?","?","?","M","R","B"],"character_chosen":"THE_SILENT","items_purchased":["Infinite Blades","Lantern","Footwork"],"campfire_rested":0,"item_purchase_floors":[5,10,10],"current_hp_per_floor":[70,59,59,59,59,59,59,53,53,53,53,47,47,40,40,0],"gold":75,"neow_bonus":"THREE_ENEMY_KILL","is_prod":false,"is_daily":false,"chose_seed":false,"campfire_upgraded":1,"win_rate":0,"timestamp":1544295544,"path_taken":["M","?","M","?","?","E","M","?","T","$","?","?","?","M","R","BOSS"],"build_version":"2018-12-06","purchased_purges":0,"victory":false,"max_hp_per_floor":[70,70,70,65,65,65,65,65,65,65,65,65,65,65,65,65],"card_choices":[{"not_picked":["Dodge and Roll","Deflect"],"picked":"Choke","floor":1},{"not_picked":["Underhanded Strike","Masterful Stab"],"picked":"Acrobatics","floor":3},{"not_picked":["Sucker Punch","Outmaneuver"],"picked":"Venomology","floor":6},{"not_picked":["Cloak And Dagger","Deadly Poison"],"picked":"Phantasmal Killer","floor":7},{"not_picked":["Acrobatics","Dodge and Roll"],"picked":"Poisoned Stab","floor":8},{"not_picked":["Poisoned Stab","Flying Knee"],"picked":"Blur","floor":12},{"not_picked":["Dodge and Roll","Deflect"],"picked":"Dagger Spray","floor":14}],"player_experience":250841,"relics_obtained":[{"floor":6,"key":"Anchor"},{"floor":9,"key":"Tiny Chest"}],"event_choices":[{"damage_healed":0,"gold_gain":75,"player_choice":"Gather Gold","damage_taken":11,"max_hp_gain":0,"max_hp_loss":0,"event_name":"World of Goop","floor":2,"gold_loss":0},{"damage_healed":0,"gold_gain":0,"player_choice":"Lose Max HP","damage_taken":0,"relics_obtained":["Golden Idol"],"max_hp_gain":0,"max_hp_loss":5,"event_name":"Golden Idol","floor":4,"gold_loss":0},{"damage_healed":0,"gold_gain":62,"player_choice":"Gained Gold","damage_taken":0,"max_hp_gain":0,"max_hp_loss":0,"event_name":"Golden Wing","floor":11,"gold_loss":0},{"damage_healed":0,"gold_gain":0,"player_choice":"Searched \u00273\u0027 times","damage_taken":0,"relics_obtained":["Juzu Bracelet"],"max_hp_gain":0,"max_hp_loss":0,"event_name":"Dead Adventurer","floor":12,"gold_loss":0},{"damage_healed":0,"gold_gain":0,"player_choice":"Paid Gold","damage_taken":0,"relics_obtained":["Ornamental Fan"],"max_hp_gain":0,"max_hp_loss":0,"event_name":"WeMeetAgain","floor":13,"gold_loss":127}],"is_beta":false,"boss_relics":[],"items_purged_floors":[],"is_endless":false,"potions_floor_spawned":[3,6,8],"killed_by":"Hexaghost","ascension_level":4}