{"gold_per_floor":[119,119,119,194,39,70,81,111,164,177,177,205,205,228,228,359,359,378,402,501,514,527,560,560,560,609,683,808,828,862,882,882,1010,1010,1025,1046,1046],"floor_reached":37,"playtime":2175,"items_purged":[],"score":749,"play_id":"3ac75869-a5b4-4b88-9b43-fb4cda6cfe2c","local_time":"20181226184405","is_ascension_mode":true,"campfire_choices":[{"floor":11.0,"key":"REST"},{"floor":15.0,"key":"REST"},{"floor":24.0,"key":"REST"},{"floor":32.0,"key":"REST"}],"neow_cost":"NONE","seed_source_timestamp":11890077703440,"circlet_count":0,"master_deck":["Defend_G","Defend_G","Defend_G","Survivor+1","Neutralize","Backflip","Dagger Spray","Backstab","Distraction+1","Phantasmal Killer+1","Riddle With Holes","Die Die Die","Blade Dance+1","Escape Plan+1","Finisher+1","Bite","Bite","Bite","Bite","Bite","Infinite Blades+1","Slice","Crippling Poison+1","Phantasmal Killer+1","Dodge and Roll+1","Dodge and Roll+1"],"special_seed":0,"relics":["Ring of the Snake","NeowsBlessing","Juzu Bracelet","Pen Nib","Toxic Egg 2","Ancient Tea Set","Boot","Golden Idol","Fusion Hammer","Pocketwatch","Blood Vial","Tiny Chest","Ice Cream","Mercury Hourglass","Bottled Tornado","Empty Cage"],"potions_floor_usage":[37],"damage_taken":[{"damage":0.0,"enemies":"2 Louse","floor":1.0,"turns":1.0},{"damage":0.0,"enemies":"Gremlin Nob","floor":6.0,"turns":1.0},{"damage":0.0,"enemies":"Jaw Worm","floor":7.0,"turns":1.0},{"damage":34.0,"enemies":"Lagavulin","floor":8.0,"turns":8.0},{"damage":0.0,"enemies":"Small Slimes","floor":10.0,"turns":1.0},{"damage":0.0,"enemies":"Gremlin Nob","floor":12.0,"turns":3.0},{"damage":0.0,"enemies":"Looter","floor":14.0,"turns":1.0},{"damage":32.0,"enemies":"Slime Boss","floor":16.0,"turns":9.0},{"damage":6.0,"enemies":"Spheric Guardian","floor":18.0,"turns":3.0},{"damage":1.0,"enemies":"Shell Parasite","floor":19.0,"turns":2.0},{"damage":0.0,"enemies":"Centurion and Healer","floor":21.0,"turns":2.0},{"damage":0.0,"enemies":"3 Cultists","floor":22.0,"turns":2.0},{"damage":12.0,"enemies":"Book of Stabbing","floor":23.0,"turns":4.0},{"damage":6.0,"enemies":"Slavers","floor":27.0,"turns":3.0},{"damage":13.0,"enemies":"Colosseum Slavers","floor":28.0,"turns":4.0},{"damage":32.0,"enemies":"Colosseum Nobs","floor":28.0,"turns":4.0},{"damage":0.0,"enemies":"Chosen and Byrds","floor":29.0,"turns":4.0},{"damage":8.0,"enemies":"Gremlin Leader","floor":30.0,"turns":3.0},{"damage":6.0,"enemies":"Sentry and Sphere","floor":31.0,"turns":3.0},{"damage":56.0,"enemies":"Champ","floor":33.0,"turns":8.0},{"damage":21.0,"enemies":"3 Darklings","floor":35.0,"turns":3.0},{"damage":13.0,"enemies":"3 Shapes","floor":36.0,"turns":4.0},{"damage":27,"enemies":"Maw","floor":37,"turns":2}],"seed_played":"8493914979756085921","potions_obtained":[{"floor":6.0,"key":"Fire Potion"},{"floor":8.0,"key":"Energy Potion"},{"floor":10.0,"key":"EssenceOfSteel"},{"floor":16.0,"key":"Poison Potion"},{"floor":18.0,"key":"Energy Potion"},{"floor":19.0,"key":"Poison Potion"},{"floor":21.0,"key":"Strength Potion"},{"floor":23.0,"key":"Block Potion"},{"floor":29.0,"key":"Explosive Potion"},{"floor":30.0,"key":"Energy Potion"},{"floor":36.0,"key":"SteroidPotion"}],"is_trial":false,"path_per_floor":["M","?","?","?","$","E","M","E","T","M","R","E","?","M","R","B",null,"M","M","?","M","M","E","R","?","T","E","?","M","E","M","R","B",null,"M","M","M"],"character_chosen":"THE_SILENT","items_purchased":["Juzu Bracelet"],"campfire_rested":4,"item_purchase_floors":[5],"current_hp_per_floor":[63,49,54,43,43,43,43,9,9,9,31,31,31,31,51,19,57,51,50,50,50,50,38,58,48,48,48,23,35,35,39,48,12,39,26,19,0],"gold":1046,"neow_bonus":"THREE_ENEMY_KILL","is_prod":false,"is_daily":false,"chose_seed":false,"campfire_upgraded":0,"win_rate":0,"timestamp":1545842645,"path_taken":["M","?","?","?","$","E","M","E","T","M","R","E","?","M","R","BOSS","M","M","?","M","M","E","R","?","T","E","?","M","E","M","R","BOSS","M","M","M"],"build_version":"2018-12-20","purchased_purges":0,"victory":false,"max_hp_per_floor":[70,70,75,75,75,75,75,75,75,75,75,75,69,69,69,69,69,69,69,69,69,69,69,69,48,48,48,48,48,48,48,48,48,48,48,48,48],"card_choices":[{"not_picked":["PiercingWail","Bane"],"picked":"Backflip","floor":1.0},{"not_picked":["Outmaneuver","Flechettes"],"picked":"Dagger Spray","floor":6.0},{"not_picked":["PiercingWail","Quick Slash"],"picked":"Backstab","floor":7.0},{"not_picked":["Bane","Expertise"],"picked":"Distraction","floor":8.0},{"not_picked":["Noxious Fumes","Footwork"],"picked":"Phantasmal Killer+1","floor":10.0},{"not_picked":["Deadly Poison+1","Flying Knee"],"picked":"Riddle With Holes","floor":12.0},{"not_picked":["Acrobatics+1","Bane","Sucker Punch"],"picked":"SKIP","floor":14.0},{"not_picked":["Storm of Steel+1","Wraith Form v2"],"picked":"Die Die Die","floor":16.0},{"not_picked":["Finisher","Dagger Throw"],"picked":"Blade Dance+1","floor":18.0},{"not_picked":["Acrobatics+1","Leg Sweep+1"],"picked":"Escape Plan+1","floor":19.0},{"not_picked":["Dagger Spray","Outmaneuver+1"],"picked":"Finisher+1","floor":21.0},{"not_picked":["Underhanded Strike","Dagger Throw","Skewer"],"picked":"SKIP","floor":22.0},{"not_picked":["Heel Hook","Calculated Gamble+1","Dagger Spray"],"picked":"SKIP","floor":23.0},{"not_picked":["Sucker Punch","A Thousand Cuts","Acrobatics+1"],"picked":"SKIP","floor":27.0},{"not_picked":["Cloak And Dagger+1","Riddle With Holes"],"picked":"Infinite Blades+1","floor":28.0},{"not_picked":["Dagger Throw","Dagger Spray"],"picked":"Slice","floor":29.0},{"not_picked":["Blade Dance+1","Reflex+1","Dagger Throw+1"],"picked":"SKIP","floor":30.0},{"not_picked":["Terror+1","Acrobatics+1"],"picked":"Crippling Poison+1","floor":31.0},{"not_picked":["Malaise+1","Glass Knife"],"picked":"Phantasmal Killer+1","floor":33.0},{"not_picked":["Dagger Spray","Calculated Gamble+1"],"picked":"Dodge and Roll+1","floor":35.0},{"not_picked":["Calculated Gamble+1","Outmaneuver+1"],"picked":"Dodge and Roll+1","floor":36.0}],"player_experience":189512,"relics_obtained":[{"floor":6.0,"key":"Pen Nib"},{"floor":8.0,"key":"Toxic Egg 2"},{"floor":9.0,"key":"Ancient Tea Set"},{"floor":12.0,"key":"Boot"},{"floor":23.0,"key":"Pocketwatch"},{"floor":26.0,"key":"Blood Vial"},{"floor":27.0,"key":"Tiny Chest"},{"floor":28.0,"key":"Ice Cream"},{"floor":28.0,"key":"Mercury Hourglass"},{"floor":30.0,"key":"Bottled Tornado"}],"event_choices":[{"damage_healed":0.0,"max_hp_gain":0.0,"max_hp_loss":0.0,"gold_gain":0.0,"event_name":"Shining Light","player_choice":"Entered Light","floor":2.0,"gold_loss":0.0,"damage_taken":14.0,"cards_upgraded":["Survivor","Strike_G"]},{"damage_healed":0.0,"max_hp_gain":5.0,"max_hp_loss":0.0,"gold_gain":0.0,"event_name":"Big Fish","player_choice":"Donut","floor":3.0,"gold_loss":0.0,"damage_taken":0.0},{"damage_healed":0.0,"max_hp_gain":0.0,"max_hp_loss":0.0,"gold_gain":75.0,"event_name":"World of Goop","player_choice":"Gather Gold","floor":4.0,"gold_loss":0.0,"damage_taken":11.0},{"damage_healed":0.0,"max_hp_gain":0.0,"max_hp_loss":6.0,"gold_gain":0.0,"event_name":"Golden Idol","player_choice":"Lose Max HP","floor":13.0,"gold_loss":0.0,"damage_taken":0.0,"relics_obtained":["Golden Idol"]},{"damage_healed":0.0,"max_hp_gain":0.0,"max_hp_loss":0.0,"gold_gain":99.0,"event_name":"Nest","player_choice":"Stole From Cult","floor":20.0,"gold_loss":0.0,"damage_taken":0.0},{"damage_healed":0.0,"max_hp_gain":0.0,"max_hp_loss":21.0,"gold_gain":0.0,"event_name":"Vampires","player_choice":"Became a vampire","floor":25.0,"gold_loss":0.0,"damage_taken":0.0,"cards_obtained":["Bite","Bite","Bite","Bite","Bite"]},{"damage_healed":0.0,"max_hp_gain":0.0,"max_hp_loss":0.0,"gold_gain":0.0,"event_name":"Colosseum","player_choice":"Fight","floor":28.0,"gold_loss":0.0,"damage_taken":0.0},{"damage_healed":0.0,"max_hp_gain":0.0,"max_hp_loss":0.0,"gold_gain":0.0,"event_name":"Colosseum","player_choice":"Fought Nobs","floor":28.0,"gold_loss":0.0,"damage_taken":0.0}],"is_beta":false,"boss_relics":[{"not_picked":["Velvet Choker","Pandora\u0027s Box"],"picked":"Fusion Hammer"},{"not_picked":["Astrolabe","Snecko Eye"],"picked":"Empty Cage"}],"items_purged_floors":[],"is_endless":false,"potions_floor_spawned":[6,8,10,16,18,19,21,23,29,30,36],"killed_by":"Maw","ascension_level":8}