{"gold_per_floor":[12,27,27,47,47,72,72,98,98,113,113,127,127,152,152,255,255,271,255,215,140,152,152,184,99,99,99,119,119,119,129,129,228,278,291,302,302,318,418,418,418],"floor_reached":41,"playtime":3514,"items_purged":[],"score":551,"play_id":"94274ee9-6d5c-4b13-9212-33ab6424ef4e","local_time":"20190228214234","is_ascension_mode":true,"campfire_choices":[{"floor":7,"key":"REST"},{"data":"Dualcast","floor":13,"key":"SMITH"},{"floor":15,"key":"REST"},{"data":"Chill","floor":23,"key":"SMITH"},{"floor":27,"key":"REST"},{"data":"Static Discharge","floor":29,"key":"SMITH"},{"floor":32,"key":"REST"},{"floor":40,"key":"REST"}],"neow_cost":"NO_GOLD","seed_source_timestamp":427460764000265,"circlet_count":0,"master_deck":["Strike_B","Strike_B+1","Strike_B","Defend_B","Defend_B","Defend_B","Defend_B","Zap","Dualcast+1","Electrodynamics","Gash","Cold Snap+1","Redo","Reinforced Body","Seek","Barrage","Coolheaded","Buffer","Conserve Battery","Sweeping Beam+1","Chill+1","Capacitor+1","Rebound","Static Discharge+1","Beam Cell+1","Echo Form","Double Energy","FTL","Zap","Redo+1","White Noise"],"relics":["Cracked Core","Oddly Smooth Stone","Bottled Lightning","Torii","Whetstone","Kunai","Lantern","Sozu","Potion Belt","Bag of Marbles","Meat on the Bone","Tiny House","Bird Faced Urn"],"potions_floor_usage":[6],"damage_taken":[{"damage":0,"enemies":"2 Louse","floor":1,"turns":2},{"damage":11,"enemies":"Small Slimes","floor":2,"turns":3},{"damage":7,"enemies":"Jaw Worm","floor":4,"turns":3},{"damage":28,"enemies":"Gremlin Nob","floor":6,"turns":4},{"damage":6,"enemies":"3 Sentries","floor":8,"turns":5},{"damage":7,"enemies":"Exordium Wildlife","floor":10,"turns":3},{"damage":0,"enemies":"Large Slime","floor":12,"turns":3},{"damage":11,"enemies":"Slime Boss","floor":16,"turns":9},{"damage":0,"enemies":"Spheric Guardian","floor":18,"turns":3},{"damage":18,"enemies":"2 Thieves","floor":19,"turns":4},{"damage":1,"enemies":"Centurion and Healer","floor":22,"turns":7},{"damage":40,"enemies":"Slavers","floor":24,"turns":6},{"damage":0,"enemies":"Cultist and Chosen","floor":28,"turns":5},{"damage":0,"enemies":"Sentry and Sphere","floor":31,"turns":4},{"damage":36,"enemies":"Automaton","floor":33,"turns":9},{"damage":0,"enemies":"3 Shapes","floor":35,"turns":4},{"damage":52,"enemies":"3 Darklings","floor":36,"turns":6},{"damage":28,"enemies":"Maw","floor":38,"turns":9},{"damage":3,"enemies":"Mind Bloom Boss Battle","floor":39,"turns":7},{"damage":117,"enemies":"Giant Head","floor":41,"turns":10}],"seed_played":"-1794242175763312165","potions_obtained":[{"floor":1,"key":"Block Potion"},{"floor":4,"key":"Dexterity Potion"},{"floor":10,"key":"EssenceOfSteel"},{"floor":16,"key":"SpeedPotion"}],"is_trial":false,"path_per_floor":["M","M","?","M","?","E","R","E","T","M","?","M","R","T","R","B",null,"M","M","$","?","M","R","E","?","T","R","M","R","?","M","R","B",null,"M","M","?","M","?","R","E"],"character_chosen":"DEFECT","items_purchased":["Chill"],"campfire_rested":5,"item_purchase_floors":[20],"current_hp_per_floor":[75,64,69,62,55,27,51,45,45,38,38,38,38,38,62,51,73,73,55,55,55,54,54,14,14,14,38,50,50,35,47,72,48,81,81,41,41,25,34,61,0],"gold":418,"neow_bonus":"THREE_RARE_CARDS","is_prod":false,"is_daily":false,"chose_seed":false,"campfire_upgraded":3,"win_rate":0,"timestamp":1551390154,"path_taken":["M","M","?","M","?","E","R","E","T","M","?","?","R","?","R","BOSS","M","M","$","?","M","R","E","?","T","R","M","R","?","M","R","BOSS","M","M","?","?","?","R","E"],"build_version":"2019-01-23","purchased_purges":0,"victory":false,"max_hp_per_floor":[75,75,80,80,80,80,80,80,80,80,80,80,80,80,80,80,80,80,80,80,80,80,80,80,80,80,80,80,80,85,85,85,85,90,90,90,90,90,90,90,90],"card_choices":[{"not_picked":["Amplify","Fission"],"picked":"Electrodynamics","floor":0},{"not_picked":["Doom and Gloom","Double Energy"],"picked":"Gash","floor":1},{"not_picked":["Stack","Rebound"],"picked":"Cold Snap","floor":2},{"not_picked":["Conserve Battery","Steam"],"picked":"Redo","floor":4},{"not_picked":["Melter","Go for the Eyes"],"picked":"Reinforced Body","floor":6},{"not_picked":["Stack","Steam"],"picked":"Seek","floor":8},{"not_picked":["Self Repair","Cold Snap"],"picked":"Barrage","floor":10},{"not_picked":["Fusion","Conserve Battery"],"picked":"Coolheaded","floor":12},{"not_picked":["Hyperbeam","Electrodynamics"],"picked":"Buffer","floor":16},{"not_picked":["Chaos","Tempest"],"picked":"Conserve Battery","floor":18},{"not_picked":["Beam Cell","Go for the Eyes"],"picked":"Sweeping Beam+1","floor":19},{"not_picked":["Coolheaded","Stack"],"picked":"Capacitor","floor":22},{"not_picked":["Compile Driver","Tempest"],"picked":"Rebound","floor":24},{"not_picked":["Compile Driver+1","Chill"],"picked":"Static Discharge","floor":28},{"not_picked":["Rebound+1","Compile Driver"],"picked":"Beam Cell+1","floor":31},{"not_picked":["Thunder Strike","Seek"],"picked":"Echo Form","floor":33},{"not_picked":["Scrape","Streamline"],"picked":"Double Energy","floor":34},{"not_picked":["Hello World","Redo"],"picked":"FTL","floor":35},{"not_picked":["Scrape","Steam Power+1","Reprogram"],"picked":"SKIP","floor":36},{"not_picked":["Leap","Barrage+1"],"picked":"Redo+1","floor":38},{"not_picked":["Leap+1","Blizzard+1"],"picked":"White Noise","floor":39}],"player_experience":564267,"relics_obtained":[{"floor":6,"key":"Bottled Lightning"},{"floor":8,"key":"Torii"},{"floor":9,"key":"Whetstone"},{"floor":14,"key":"Lantern"},{"floor":24,"key":"Potion Belt"},{"floor":26,"key":"Meat on the Bone"},{"floor":39,"key":"Bird Faced Urn"}],"event_choices":[{"damage_healed":0,"gold_gain":0,"player_choice":"Donut","damage_taken":0,"max_hp_gain":5,"max_hp_loss":0,"event_name":"Big Fish","floor":3,"gold_loss":0},{"damage_healed":0,"gold_gain":0,"player_choice":"Success","damage_taken":7,"relics_obtained":["Oddly Smooth Stone"],"max_hp_gain":0,"max_hp_loss":0,"event_name":"Scrap Ooze","floor":5,"gold_loss":0},{"damage_healed":0,"gold_gain":0,"player_choice":"Searched \u00271\u0027 times","damage_taken":0,"relics_obtained":["Kunai"],"max_hp_gain":0,"max_hp_loss":0,"event_name":"Dead Adventurer","floor":11,"gold_loss":0},{"cards_removed":["Strike_B"],"damage_healed":0,"gold_gain":0,"player_choice":"Gave Gold","damage_taken":0,"max_hp_gain":0,"max_hp_loss":0,"event_name":"Beggar","floor":21,"gold_loss":75},{"damage_healed":0,"gold_gain":0,"player_choice":"Obtained Relic","damage_taken":0,"relics_obtained":["Bag of Marbles"],"max_hp_gain":0,"max_hp_loss":0,"event_name":"Addict","floor":25,"gold_loss":85},{"damage_healed":0,"gold_gain":0,"player_choice":"Shed Blood","damage_taken":20,"max_hp_gain":5,"max_hp_loss":0,"event_name":"Forgotten Altar","floor":30,"gold_loss":0},{"damage_healed":0,"gold_gain":0,"player_choice":"1 cards matched","damage_taken":0,"max_hp_gain":0,"max_hp_loss":0,"event_name":"Match and Keep!","floor":37,"gold_loss":0,"cards_obtained":["Zap"]},{"damage_healed":0,"gold_gain":0,"player_choice":"Fight","damage_taken":0,"max_hp_gain":0,"max_hp_loss":0,"event_name":"MindBloom","floor":39,"gold_loss":0}],"is_beta":false,"boss_relics":[{"not_picked":["Eternal Feather","Astrolabe"],"picked":"Sozu"},{"not_picked":["Black Star","Pandora\u0027s Box"],"picked":"Tiny House"}],"items_purged_floors":[],"is_endless":false,"potions_floor_spawned":[1,4,10,16,22,24,31,33,35,38],"killed_by":"Giant Head","ascension_level":5}