{"path_per_floor":["M","M","?","M","M","M","?","?","T","R","?","R","M","T","R","B",null,"M","?","$","?","M","R","M","R","T","?","?","M","T","M","R"],"character_chosen":"IRONCLAD","items_purchased":["Apotheosis","Happy Flower"],"gold_per_floor":[112,130,130,143,157,176,176,176,245,245,245,245,259,339,339,460,460,478,478,134,134,129,129,154,154,154,154,54,70,70,89,89],"floor_reached":33,"campfire_rested":3,"playtime":2639,"current_hp_per_floor":[80,75,75,76,73,73,78,66,66,66,66,66,72,72,72,48,85,85,85,85,85,59,84,28,53,53,53,53,41,41,35,60],"items_purged":[],"gold":89,"play_id":"5808a3cc-7de7-4105-9c90-5d6759c46415","is_prod":false,"is_daily":false,"is_ascension_mode":false,"campfire_upgraded":3,"path_taken":["M","M","?","?","M","?","?","?","T","R","?","R","M","?","R","BOSS","M","?","?","?","M","R","M","R","T","?","?","?","?","?","R","BOSS"],"build_version":"2018-02-01-PROD3","purchased_purges":0,"victory":false,"master_deck":["Strike_R","Strike_R","Strike_R","Strike_R","Defend_R","Defend_R","Defend_R","Defend_R","Cleave+1","True Grit+1","Armaments+1","Whirlwind+1","Injury","Limit Break","Anger","Writhe","Apotheosis","Shrug It Off","Whirlwind+1","Headbutt","Shrug It Off","Pommel Strike","J.A.X.","Flex+1","Infernal Blade+1","Anger+1"],"max_hp_per_floor":[80,80,80,80,80,80,85,85,85,85,85,85,85,85,85,85,85,85,85,85,85,85,85,85,85,85,85,85,85,85,85,85],"relics":["Burning Blood","Sundial","Shuriken","Golden Idol","Mercury Hourglass","Black Star","Dream Catcher","Happy Flower","Girya","Thread and Needle"],"card_choices":[{"not_picked":["Heavy Blade","Shockwave"],"picked":"Cleave"},{"not_picked":["Heavy Blade","Clothesline"],"picked":"True Grit"},{"not_picked":["Uppercut","Reckless Charge"],"picked":"Armaments"},{"not_picked":["Spot Weakness","Flex"],"picked":"Whirlwind"},{"not_picked":["Fiend Fire","Dark Embrace"],"picked":"Limit Break"},{"not_picked":["Armaments","Clothesline"],"picked":"Anger"},{"not_picked":["True Grit","Flex"],"picked":"Whirlwind"},{"not_picked":["Second Wind","Iron Wave"],"picked":"Headbutt"},{"not_picked":["Armaments","Twin Strike"],"picked":"Shrug It Off"},{"not_picked":["Searing Blow","Impervious"],"picked":"Pommel Strike"},{"not_picked":["Dropkick","Thunderclap"],"picked":"Flex"},{"not_picked":["Headbutt","Clothesline"],"picked":"Infernal Blade"},{"not_picked":["Twin Strike","Dual Wield"],"picked":"Anger"}],"player_experience":17398,"potions_floor_usage":[16,29,33],"damage_taken":[{"damage":0,"enemies":"2 Louse","floor":1,"turns":4},{"damage":11,"enemies":"Jaw Worm","floor":2,"turns":4},{"damage":5,"enemies":"Blue Slaver","floor":4,"turns":7},{"damage":9,"enemies":"Lots of Slimes","floor":5,"turns":3},{"damage":6,"enemies":"Looter","floor":6,"turns":3},{"damage":0,"enemies":"Exordium Wildlife","floor":13,"turns":3},{"damage":30,"enemies":"The Guardian","floor":16,"turns":14},{"damage":0,"enemies":"3 Byrds","floor":18,"turns":3},{"damage":32,"enemies":"2 Thieves","floor":22,"turns":4},{"damage":62,"enemies":"Slaver and Parasite","floor":24,"turns":8},{"damage":18,"enemies":"Snecko","floor":29,"turns":7},{"damage":12,"enemies":"Sentry and Sphere","floor":31,"turns":5},{"damage":78,"enemies":"Automaton","floor":33,"turns":6}],"event_choices":[{"event_name":"Living Wall","player_choice":"Grow","floor":3,"damage_taken":0},{"event_name":"Big Fish","player_choice":"Donut","floor":7,"damage_taken":0},{"event_name":"Scrap Ooze","player_choice":"success","floor":8,"damage_taken":12},{"event_name":"Golden Idol","player_choice":"Take Wound","floor":11,"damage_taken":0},{"event_name":"The Mausoleum","player_choice":"Yes","floor":19,"damage_taken":0},{"event_name":"The Library","player_choice":"Read","floor":21,"damage_taken":0},{"event_name":"Back to Basics","player_choice":"Elegance","floor":27,"damage_taken":0},{"event_name":"Drug Dealer","player_choice":"Got JAXXED","floor":28,"damage_taken":0}],"boss_relics":[{"not_picked":["Calling Bell","Philosopher\u0027s Stone"],"picked":"Black Star"}],"potions_floor_spawned":[2,5,29],"seed_played":"447092817059134306","killed_by":"Automaton","ascension_level":0,"is_trial":false}