{"gold_per_floor":[111,111,126,207,7,36,48,48,48,48,48,74,5,21,21,118,118,135,235,249,32,131,131,166,166,166,194,226,237,264,51,51,155,155,174,194,44,144,155,185,198,226,226,226,226,239,239,249,249,249],"floor_reached":51,"playtime":4417,"items_purged":["Strike_B","Electrodynamics","Storm","Coolheaded"],"score":1065,"play_id":"6a4c44df-3035-45f5-8189-8d114b226af2","local_time":"20190217225242","is_ascension_mode":true,"campfire_choices":[{"data":"Dualcast","floor":8.0,"key":"SMITH"},{"data":"Zap","floor":10.0,"key":"SMITH"},{"floor":15.0,"key":"REST"},{"data":"Defragment","floor":23,"key":"SMITH"},{"data":"Echo Form","floor":25,"key":"SMITH"},{"data":"Double Energy","floor":32,"key":"SMITH"},{"data":"Scrape","floor":45,"key":"SMITH"},{"data":"Glacier","floor":47,"key":"SMITH"},{"data":"Aggregate","floor":49,"key":"SMITH"}],"neow_cost":"NONE","seed_source_timestamp":2456863164007448,"circlet_count":0,"master_deck":["Zap+1","Dualcast+1","Gash","Beam Cell","Defragment+1","Ball Lightning","Scrape+1","Flash of Steel","Glacier+1","Reprogram","Melter","FTL","FTL","All For One","Electrodynamics","Sweeping Beam","Hologram","Aggregate+1","Echo Form+1","Blizzard","Redo+1","Finesse","Steam","Turbo","Go for the Eyes","Double Energy+1","Capacitor","Steam","Chill+1","Leap+1","Capacitor+1","Redo+1","Glacier+1","Deep Breath","Buffer+1","Leap+1"],"special_seed":0,"relics":["Cracked Core","Symbiotic Virus","Dodecahedron","Matryoshka","Thread and Needle","Pandora\u0027s Box","Pear","Unceasing Top","Mercury Hourglass","Boot","Bronze Scales","PreservedInsect","Red Mask","Pen Nib","Eternal Feather","Torii","Frozen Egg 2","Nunchaku","Oddly Smooth Stone","Bird Faced Urn"],"potions_floor_usage":[19,28,50,50,50],"damage_taken":[{"damage":0.0,"enemies":"2 Louse","floor":1.0,"turns":2.0},{"damage":12.0,"enemies":"Jaw Worm","floor":3.0,"turns":2.0},{"damage":10.0,"enemies":"Lagavulin","floor":6.0,"turns":5.0},{"damage":1.0,"enemies":"Cultist","floor":7.0,"turns":3.0},{"damage":18.0,"enemies":"Gremlin Nob","floor":12.0,"turns":3.0},{"damage":3.0,"enemies":"2 Fungi Beasts","floor":14.0,"turns":2.0},{"damage":6.0,"enemies":"The Guardian","floor":16.0,"turns":10.0},{"damage":0.0,"enemies":"Shell Parasite","floor":18.0,"turns":3.0},{"damage":7,"enemies":"Colosseum Slavers","floor":19,"turns":3},{"damage":3,"enemies":"Colosseum Nobs","floor":19,"turns":2},{"damage":18,"enemies":"2 Thieves","floor":20,"turns":2},{"damage":4,"enemies":"Book of Stabbing","floor":24,"turns":3},{"damage":0,"enemies":"Slavers","floor":27,"turns":1},{"damage":0,"enemies":"Masked Bandits","floor":28,"turns":2},{"damage":0,"enemies":"Snake Plant","floor":29,"turns":2},{"damage":0,"enemies":"Gremlin Leader","floor":30,"turns":2},{"damage":0,"enemies":"Automaton","floor":33,"turns":5},{"damage":0,"enemies":"Orb Walker","floor":35,"turns":1},{"damage":0,"enemies":"3 Darklings","floor":36,"turns":2},{"damage":4,"enemies":"Mind Bloom Boss Battle","floor":38,"turns":3},{"damage":24,"enemies":"Sphere and 2 Shapes","floor":39,"turns":3},{"damage":1,"enemies":"Giant Head","floor":40,"turns":3},{"damage":0,"enemies":"Maw","floor":41,"turns":5},{"damage":1,"enemies":"Nemesis","floor":42,"turns":4},{"damage":6,"enemies":"4 Shapes","floor":46,"turns":3},{"damage":0,"enemies":"Transient","floor":48,"turns":5},{"damage":40,"enemies":"Time Eater","floor":50,"turns":12}],"seed_played":"-4882829702482569479","potions_obtained":[{"floor":1.0,"key":"SpeedPotion"},{"floor":3.0,"key":"PowerPotion"},{"floor":14.0,"key":"Fire Potion"},{"floor":16.0,"key":"Strength Potion"},{"floor":18.0,"key":"GamblersBrew"},{"floor":24,"key":"FearPotion"},{"floor":27,"key":"Energy Potion"},{"floor":28,"key":"Ancient Potion"},{"floor":35,"key":"Block Potion"},{"floor":39,"key":"EssenceOfSteel"}],"is_trial":false,"path_per_floor":["M","?","M","T","$","E","M","R","T","R","?","E","$","M","R","B",null,"M","?","M","$","?","R","E","R","T","E","?","M","E","$","R","B",null,"M","M","$","?","M","E","M","E","T","?","R","M","R","M","R","B",null],"character_chosen":"DEFECT","items_purchased":["Scrape","Flash of Steel","FTL","Finesse","Steam","Capacitor","Steam"],"campfire_rested":1,"item_purchase_floors":[5,5,13,21,21,31,31],"current_hp_per_floor":[75,75,63,63,63,53,52,52,52,52,52,34,34,31,53,47,75,75,75,57,57,57,57,53,53,53,53,53,53,53,53,53,53,85,85,85,85,81,57,56,56,55,55,55,76,79,85,85,85,45],"gold":249,"neow_bonus":"THREE_CARDS","is_prod":false,"is_daily":false,"chose_seed":false,"campfire_upgraded":8,"win_rate":0,"timestamp":1550443962,"path_taken":["M","?","M","?","$","E","M","R","T","R","?","E","$","M","R","BOSS","M","?","M","$","?","R","E","R","T","E","?","M","E","$","R","BOSS","M","M","$","?","M","E","M","E","T","?","R","?","R","M","R","BOSS"],"build_version":"2019-01-23","purchased_purges":4,"victory":true,"max_hp_per_floor":[75,75,75,75,75,75,75,75,75,75,75,75,75,75,75,75,75,75,85,85,85,85,85,85,85,85,85,85,85,85,85,85,85,85,85,85,85,85,85,85,85,85,85,85,85,85,85,85,85,85],"card_choices":[{"not_picked":["Reinforced Body","Compile Driver"],"picked":"Gash","floor":0.0},{"not_picked":["Self Repair","Compile Driver"],"picked":"Beam Cell","floor":1.0},{"not_picked":["Compile Driver","Rebound"],"picked":"Ball Lightning","floor":3.0},{"not_picked":["Scrape","Fusion"],"picked":"Glacier","floor":6.0},{"not_picked":["Hello World","Turbo"],"picked":"Reprogram","floor":7.0},{"not_picked":["Doom and Gloom","Streamline"],"picked":"Electrodynamics","floor":12.0},{"not_picked":["Compile Driver","Rip and Tear"],"picked":"FTL","floor":14.0},{"not_picked":["Electrodynamics","Multi-Cast"],"picked":"All For One","floor":16.0},{"not_picked":["Stack","Streamline"],"picked":"Blizzard","floor":18.0},{"not_picked":["Coolheaded+1","Streamline"],"picked":"Redo+1","floor":19},{"not_picked":["Barrage","Compile Driver"],"picked":"Coolheaded","floor":20},{"not_picked":["Double Energy","Sweeping Beam+1"],"picked":"Turbo","floor":24},{"not_picked":["Aggregate","Leap","Ball Lightning"],"picked":"SKIP","floor":27},{"not_picked":["Leap","Ball Lightning"],"picked":"Go for the Eyes","floor":29},{"not_picked":["Recycle","Machine Learning"],"picked":"Double Energy","floor":30},{"not_picked":["Turbo","Compile Driver+1"],"picked":"Chill+1","floor":35},{"not_picked":["Recycle","Force Field+1"],"picked":"Leap+1","floor":36},{"not_picked":["Recycle+1","Conserve Battery+1","Hologram+1"],"picked":"SKIP","floor":39},{"not_picked":["Conserve Battery","Coolheaded+1"],"picked":"Capacitor+1","floor":40},{"not_picked":["Chill","Consume"],"picked":"Redo+1","floor":41},{"not_picked":["Cold Snap+1","Aggregate"],"picked":"Glacier+1","floor":42},{"not_picked":["Fusion+1","Compile Driver+1","Leap+1"],"picked":"SKIP","floor":46},{"not_picked":["Fusion+1","Beam Cell+1"],"picked":"Leap+1","floor":48}],"player_experience":516317,"relics_obtained":[{"floor":4.0,"key":"Symbiotic Virus"},{"floor":6.0,"key":"Dodecahedron"},{"floor":9.0,"key":"Matryoshka"},{"floor":12.0,"key":"Thread and Needle"},{"floor":19,"key":"Pear"},{"floor":19,"key":"Unceasing Top"},{"floor":24,"key":"Mercury Hourglass"},{"floor":26,"key":"Boot"},{"floor":26,"key":"Bronze Scales"},{"floor":27,"key":"PreservedInsect"},{"floor":28,"key":"Red Mask"},{"floor":30,"key":"Pen Nib"},{"floor":38,"key":"Torii"},{"floor":40,"key":"Frozen Egg 2"},{"floor":42,"key":"Nunchaku"},{"floor":43,"key":"Oddly Smooth Stone"},{"floor":43,"key":"Bird Faced Urn"}],"event_choices":[{"damage_healed":0.0,"max_hp_gain":0.0,"max_hp_loss":0.0,"gold_gain":0.0,"cards_transformed":["Strike_B"],"event_name":"Living Wall","player_choice":"Change","floor":2.0,"gold_loss":0.0,"damage_taken":0.0,"cards_obtained":["Defragment"]},{"damage_healed":0.0,"max_hp_gain":0.0,"max_hp_loss":0.0,"gold_gain":0.0,"event_name":"Match and Keep!","player_choice":"1 cards matched","floor":11.0,"gold_loss":0.0,"damage_taken":0.0,"cards_obtained":["Melter"]},{"damage_healed":0,"gold_gain":0,"player_choice":"Fight","damage_taken":0,"max_hp_gain":0,"max_hp_loss":0,"event_name":"Colosseum","floor":19,"gold_loss":0},{"damage_healed":0,"gold_gain":0,"player_choice":"Fought Nobs","damage_taken":0,"max_hp_gain":0,"max_hp_loss":0,"event_name":"Colosseum","floor":19,"gold_loss":0},{"damage_healed":0,"gold_gain":99,"player_choice":"Stole From Cult","damage_taken":0,"max_hp_gain":0,"max_hp_loss":0,"event_name":"Nest","floor":22,"gold_loss":0},{"damage_healed":0,"gold_gain":0,"player_choice":"Fought Bandits","damage_taken":0,"max_hp_gain":0,"max_hp_loss":0,"event_name":"Masked Bandits","floor":28,"gold_loss":0},{"damage_healed":0,"gold_gain":0,"player_choice":"Fight","damage_taken":0,"max_hp_gain":0,"max_hp_loss":0,"event_name":"MindBloom","floor":38,"gold_loss":0},{"damage_healed":0,"gold_gain":0,"player_choice":"2 cards matched","damage_taken":0,"max_hp_gain":0,"max_hp_loss":0,"event_name":"Match and Keep!","floor":44,"gold_loss":0,"cards_obtained":["Deep Breath","Buffer"]}],"is_beta":false,"boss_relics":[{"not_picked":["Coffee Dripper","Calling Bell"],"picked":"Pandora\u0027s Box"},{"not_picked":["Fusion Hammer","Sozu"],"picked":"Eternal Feather"}],"items_purged_floors":[5,21,31,37],"is_endless":false,"potions_floor_spawned":[1,3,14,16,18,24,27,28,33,35,36,39,46],"ascension_level":4}