{"path_per_floor":["M","M","$","M","M","R","M","R","T","M","M","R","?","?","R","B",null,"M","?","T","$","M","R","?","R","T","M","M","?","$","M","R","B",null,"M","$","M","M","M","R","M","M","T","?","R","M","M","M","R","B"],"character_chosen":"THE_SILENT","items_purchased":["Accuracy","Cloak And Dagger","After Image"],"gold_per_floor":[114,129,32,46,66,66,84,84,134,149,162,162,162,162,162,262,262,281,206,206,60,80,80,80,80,80,90,107,107,7,23,23,128,128,141,16,29,43,54,54,74,92,172,0,0,20,38,54,54,54],"floor_reached":51,"campfire_rested":3,"playtime":3712,"current_hp_per_floor":[68,68,68,68,67,67,65,65,65,65,63,63,60,60,60,32,63,51,51,51,51,50,50,50,50,50,45,45,45,45,45,67,59,70,72,72,67,61,56,56,51,29,29,29,53,47,41,28,53,47],"items_purged":["Strike_G","Strike_G","Defend_G"],"gold":54,"score":771,"play_id":"99fe29e1-d8a2-4526-85fe-dc52076e7c20","local_time":"20180414163016","is_prod":false,"is_daily":false,"chose_seed":false,"is_ascension_mode":true,"campfire_upgraded":7,"timestamp":1523737816,"path_taken":["M","M","$","M","M","R","M","R","T","M","M","R","?","?","R","BOSS","M","?","?","$","M","R","?","R","T","?","M","?","?","?","R","BOSS","BOSS","M","$","M","M","M","R","M","M","T","?","R","?","M","M","R","BOSS"],"build_version":"2018-04-12","seed_source_timestamp":0,"purchased_purges":3,"victory":true,"master_deck":["Defend_G","Defend_G","Defend_G","Strike_G","Strike_G","Survivor","Neutralize","Flying Knee","Leg Sweep","Accuracy+1","Cloak And Dagger+1","Noxious Fumes+1","Quick Slash","Blade Dance+1","After Image+1","Infinite Blades","Storm of Steel","Backflip","Dodge and Roll","Blade Dance","Die Die Die","Accuracy+1","After Image+1","Blur","Prepared+1","Accuracy","Backstab+1","A Thousand Cuts+1","Cloak And Dagger+1","Prepared","Parasite","Calculated Gamble+1"],"max_hp_per_floor":[70,70,70,70,70,70,70,70,70,70,70,70,70,70,70,70,72,72,72,72,72,72,72,72,72,72,74,74,74,74,74,74,74,74,76,76,76,78,80,80,80,82,82,82,82,84,86,86,86,86],"relics":["Ring of the Snake","Anchor","Singing Bowl","Toolbox","Orrery","Dead Branch","Paper Crane","Cursed Key","Ninja Scroll","Red Mask"],"card_choices":[{"not_picked":["Slice","Underhanded Strike"],"picked":"Flying Knee","floor":1.0},{"not_picked":["Dagger Throw","Concentrate"],"picked":"Leg Sweep","floor":2.0},{"not_picked":["Underhanded Strike","Quick Slash"],"picked":"Noxious Fumes","floor":4.0},{"not_picked":["Acrobatics","Flying Knee"],"picked":"Quick Slash","floor":5.0},{"not_picked":["Dagger Spray","Prepared"],"picked":"Blade Dance","floor":7.0},{"not_picked":["Quick Slash","Outmaneuver"],"picked":"After Image","floor":10.0},{"not_picked":["Acrobatics","Heel Hook"],"picked":"Infinite Blades","floor":11.0},{"not_picked":["Tactician","Bullet Time"],"picked":"Storm of Steel","floor":16.0},{"not_picked":["Leg Sweep","Deflect"],"picked":"Backflip","floor":17.0},{"not_picked":["Outmaneuver","Poisoned Stab"],"picked":"Dodge and Roll","floor":17.0},{"not_picked":["Dodge and Roll","Backflip"],"picked":"Blade Dance","floor":17.0},{"not_picked":["Quick Slash","Distraction"],"picked":"Die Die Die","floor":17.0},{"not_picked":["Dodge and Roll","Blur"],"picked":"Accuracy","floor":18.0},{"not_picked":["Backflip","Catalyst"],"picked":"Blur","floor":22.0},{"not_picked":["Bouncing Flask","PiercingWail"],"picked":"Prepared","floor":28.0},{"not_picked":["Quick Slash","Deadly Poison"],"picked":"Backstab","floor":31.0},{"not_picked":["Tactician","Grand Finale"],"picked":"A Thousand Cuts","floor":33},{"not_picked":["Dagger Throw","Dodge and Roll"],"picked":"Cloak And Dagger","floor":37},{"not_picked":["Dodge and Roll","Quick Slash"],"picked":"Prepared","floor":41},{"not_picked":["Tactician","Sucker Punch"],"picked":"Calculated Gamble","floor":48}],"player_experience":444104,"potions_floor_usage":[50,50,50,50],"damage_taken":[{"damage":2.0,"enemies":"Jaw Worm","floor":1.0,"turns":4.0},{"damage":0.0,"enemies":"Small Slimes","floor":2.0,"turns":3.0},{"damage":0.0,"enemies":"2 Louse","floor":4.0,"turns":2.0},{"damage":1.0,"enemies":"2 Fungi Beasts","floor":5.0,"turns":5.0},{"damage":2.0,"enemies":"Exordium Wildlife","floor":7.0,"turns":4.0},{"damage":0.0,"enemies":"Looter","floor":10.0,"turns":2.0},{"damage":2.0,"enemies":"2 Fungi Beasts","floor":11.0,"turns":4.0},{"damage":28.0,"enemies":"Hexaghost","floor":16.0,"turns":8.0},{"damage":12.0,"enemies":"Chosen","floor":18.0,"turns":7.0},{"damage":1.0,"enemies":"3 Byrds","floor":22.0,"turns":4.0},{"damage":7.0,"enemies":"Centurion and Healer","floor":27.0,"turns":6.0},{"damage":0.0,"enemies":"Snecko","floor":28.0,"turns":5.0},{"damage":0.0,"enemies":"3 Cultists","floor":31.0,"turns":4.0},{"damage":23.0,"enemies":"Collector","floor":33.0,"turns":8.0},{"damage":0,"enemies":"Orb Walker","floor":35,"turns":4},{"damage":5,"enemies":"3 Shapes","floor":37,"turns":4},{"damage":8,"enemies":"Maw","floor":38,"turns":6},{"damage":7,"enemies":"Sphere and 2 Shapes","floor":39,"turns":4},{"damage":5,"enemies":"3 Darklings","floor":41,"turns":4},{"damage":24,"enemies":"4 Shapes","floor":42,"turns":4},{"damage":8,"enemies":"Maw","floor":46,"turns":5},{"damage":8,"enemies":"3 Darklings","floor":47,"turns":6},{"damage":13,"enemies":"Sphere and 2 Shapes","floor":48,"turns":4},{"damage":6,"enemies":"Awakened One","floor":50,"turns":8}],"event_choices":[{"event_name":"Scrap Ooze","player_choice":"success","floor":13.0,"damage_taken":3.0},{"event_name":"Living Wall","player_choice":"Grow","floor":14.0,"damage_taken":0.0},{"event_name":"Beggar","player_choice":"Gave Gold","floor":19.0,"damage_taken":0.0},{"event_name":"Back to Basics","player_choice":"Elegance","floor":24.0,"damage_taken":0.0},{"event_name":"The Library","player_choice":"Read","floor":29.0,"damage_taken":0.0},{"event_name":"Tomb of Lord Red Mask","player_choice":"Paid","floor":44,"damage_taken":0}],"boss_relics":[{"not_picked":["White Beast Statue","Lizard Tail"],"picked":"Cursed Key"}],"potions_floor_spawned":[2,5,11,16,18,28,31,41,42,47],"seed_played":"4482325681122214314","ascension_level":5,"is_trial":false}