{"gold_per_floor":[110,110,133,133,148,148,184,209,209,209,224,224,249,268,268,268],"floor_reached":16,"playtime":918,"items_purged":[],"score":203,"play_id":"545cfc6d-131c-415e-87b1-3c4558ce4d94","local_time":"20190302174711","is_ascension_mode":true,"campfire_choices":[{"data":"Bash","floor":6,"key":"SMITH"},{"data":"Double Tap","floor":10,"key":"SMITH"},{"data":"Battle Trance","floor":15,"key":"SMITH"}],"neow_cost":"NONE","seed_source_timestamp":73307262761222,"circlet_count":0,"master_deck":["AscendersBane","Bash+1","Cleave","Iron Wave","Thunderclap","Twin Strike","Exhume","Entrench","Double Tap+1","Flame Barrier","Berserk","Fire Breathing","Flex","Battle Trance+1","Fire Breathing"],"relics":["Pandora\u0027s Box","Golden Idol","WingedGreaves","Incense Burner","Gremlin Horn"],"potions_floor_usage":[11,16],"damage_taken":[{"damage":2,"enemies":"Jaw Worm","floor":1,"turns":3},{"damage":6,"enemies":"Small Slimes","floor":3,"turns":3},{"damage":0,"enemies":"Cultist","floor":5,"turns":3},{"damage":8,"enemies":"Lagavulin","floor":7,"turns":6},{"damage":0,"enemies":"3 Louse","floor":8,"turns":2},{"damage":11,"enemies":"Exordium Thugs","floor":11,"turns":3},{"damage":0,"enemies":"Lots of Slimes","floor":13,"turns":1},{"damage":9,"enemies":"Large Slime","floor":14,"turns":5},{"damage":12,"enemies":"Slime Boss","floor":16,"turns":5}],"seed_played":"4404724770340443838","potions_obtained":[{"floor":1,"key":"Ancient Potion"},{"floor":7,"key":"Fire Potion"},{"floor":14,"key":"Explosive Potion"}],"is_trial":false,"path_per_floor":["M","?","M","?","M","R","E","M","T","R","M","T","M","M","R","B"],"character_chosen":"IRONCLAD","items_purchased":[],"campfire_rested":0,"item_purchase_floors":[],"current_hp_per_floor":[66,40,34,39,39,39,31,31,31,31,20,20,20,11,11,0],"gold":268,"neow_bonus":"BOSS_RELIC","is_prod":false,"is_daily":false,"chose_seed":false,"campfire_upgraded":3,"win_rate":0,"timestamp":1551516431,"path_taken":["M","?","M","?","M","R","E","M","T","R","M","?","M","?","R","BOSS"],"build_version":"2019-01-23","purchased_purges":0,"victory":false,"max_hp_per_floor":[75,75,75,80,80,80,80,80,80,80,80,80,80,80,80,80],"card_choices":[{"not_picked":["Pummel","Blood for Blood"],"picked":"Fire Breathing","floor":1},{"not_picked":["Cleave","Clash"],"picked":"Flex","floor":3},{"not_picked":["Whirlwind","Evolve"],"picked":"Battle Trance","floor":5},{"not_picked":["Evolve","Clash","Disarm"],"picked":"SKIP","floor":7},{"not_picked":["Corruption","Havoc","Anger"],"picked":"SKIP","floor":8},{"not_picked":["Cleave","Body Slam","Blood for Blood"],"picked":"SKIP","floor":11},{"not_picked":["Evolve","Carnage","Disarm"],"picked":"SKIP","floor":13},{"not_picked":["Perfected Strike","Pommel Strike"],"picked":"Fire Breathing","floor":14}],"player_experience":993511,"relics_obtained":[{"floor":7,"key":"WingedGreaves"},{"floor":9,"key":"Incense Burner"},{"floor":12,"key":"Gremlin Horn"}],"event_choices":[{"damage_healed":0,"gold_gain":0,"player_choice":"Take Damage","damage_taken":26,"relics_obtained":["Golden Idol"],"max_hp_gain":0,"max_hp_loss":0,"event_name":"Golden Idol","floor":2,"gold_loss":0},{"damage_healed":0,"gold_gain":0,"player_choice":"Donut","damage_taken":0,"max_hp_gain":5,"max_hp_loss":0,"event_name":"Big Fish","floor":4,"gold_loss":0}],"is_beta":false,"boss_relics":[],"items_purged_floors":[],"is_endless":false,"potions_floor_spawned":[1,7,8,14],"killed_by":"Slime Boss","ascension_level":19}