{"gold_per_floor":[116,132,150,75,93,120,120,145,172,172,188,202,102,116,116,215,215,230,83,95,95,95,95,105,105,105,105,133,133],"floor_reached":29,"playtime":1245,"items_purged":["Strike_R","Strike_R"],"score":255,"play_id":"ab49ae50-335f-410e-ac64-61e25b78b015","local_time":"20190223160111","is_ascension_mode":false,"campfire_choices":[{"data":"Iron Wave","floor":7,"key":"SMITH"},{"data":"Pommel Strike","floor":10,"key":"SMITH"},{"data":"Bash","floor":15,"key":"SMITH"},{"data":"Flex","floor":23,"key":"SMITH"},{"data":"Anger","floor":25,"key":"SMITH"}],"neow_cost":"NONE","seed_source_timestamp":679360345743230,"circlet_count":0,"master_deck":["Strike_R+1","Strike_R+1","Strike_R+1","Defend_R+1","Defend_R+1","Defend_R+1","Defend_R+1","Bash+1","Pommel Strike+1","Iron Wave+1","Shrug It Off","Cleave+1","Warcry","Sword Boomerang","Sword Boomerang","Anger+1","Flex+1","Thunderclap","Thunderclap"],"relics":["Eternal Feather","Kunai","Oddly Smooth Stone","Whetstone","Runic Cube","Orichalcum","Paper Frog","Juzu Bracelet"],"potions_floor_usage":[8,14,16,16],"damage_taken":[{"damage":1,"enemies":"Cultist","floor":1,"turns":3},{"damage":6,"enemies":"2 Louse","floor":2,"turns":3},{"damage":7,"enemies":"Small Slimes","floor":3,"turns":3},{"damage":9,"enemies":"Blue Slaver","floor":5,"turns":4},{"damage":43,"enemies":"3 Sentries","floor":6,"turns":10},{"damage":7,"enemies":"Gremlin Nob","floor":8,"turns":4},{"damage":0,"enemies":"3 Louse","floor":11,"turns":2},{"damage":0,"enemies":"2 Fungi Beasts","floor":12,"turns":3},{"damage":4,"enemies":"Gremlin Gang","floor":14,"turns":3},{"damage":21,"enemies":"Hexaghost","floor":16,"turns":10},{"damage":13,"enemies":"3 Byrds","floor":18,"turns":4},{"damage":27,"enemies":"2 Thieves","floor":20,"turns":4},{"damage":9,"enemies":"3 Cultists","floor":24,"turns":5},{"damage":26,"enemies":"Book of Stabbing","floor":28,"turns":5},{"damage":9,"enemies":"Snecko","floor":29,"turns":2}],"seed_played":"8773033555325477091","potions_obtained":[{"floor":1,"key":"FearPotion"},{"floor":5,"key":"Energy Potion"},{"floor":6,"key":"GamblersBrew"},{"floor":12,"key":"Explosive Potion"},{"floor":28,"key":"SpeedPotion"}],"is_trial":false,"path_per_floor":["M","M","M","$","M","E","R","E","T","R","M","M","$","M","R","B",null,"M","$","M","?","$","R","M","R","T","?","E","M"],"character_chosen":"IRONCLAD","items_purchased":["Orichalcum"],"campfire_rested":0,"item_purchase_floors":[19],"current_hp_per_floor":[79,73,66,66,57,14,20,13,13,19,19,19,19,15,24,3,80,67,67,40,25,25,34,25,34,34,34,8,0],"gold":133,"neow_bonus":"BOSS_RELIC","is_prod":false,"is_daily":false,"chose_seed":false,"campfire_upgraded":5,"win_rate":0,"timestamp":1550905271,"path_taken":["M","M","M","$","M","E","R","E","T","R","M","M","$","?","R","BOSS","M","?","?","?","$","R","M","R","T","?","E","M"],"build_version":"2019-01-23","purchased_purges":2,"victory":false,"max_hp_per_floor":[80,80,80,80,80,80,80,80,80,80,80,80,80,80,80,80,80,80,80,80,85,85,85,85,85,85,85,85,85],"card_choices":[{"not_picked":["Shockwave","Heavy Blade"],"picked":"Pommel Strike","floor":1},{"not_picked":["Clash","Flame Barrier"],"picked":"Iron Wave","floor":2},{"not_picked":["Body Slam","Whirlwind","Hemokinesis"],"picked":"SKIP","floor":3},{"not_picked":["Corruption","Carnage"],"picked":"Shrug It Off","floor":5},{"not_picked":["Heavy Blade","Infernal Blade","Impervious"],"picked":"SKIP","floor":6},{"not_picked":["Sever Soul","Metallicize"],"picked":"Cleave","floor":8},{"not_picked":["Havoc","Armaments"],"picked":"Warcry","floor":11},{"not_picked":["Ghostly Armor","Clothesline"],"picked":"Sword Boomerang","floor":12},{"not_picked":["Armaments","Burning Pact"],"picked":"Sword Boomerang","floor":14},{"not_picked":["Havoc","Ghostly Armor"],"picked":"Anger","floor":18},{"not_picked":["Whirlwind","Battle Trance"],"picked":"Flex","floor":20},{"not_picked":["Dual Wield+1","Feel No Pain+1"],"picked":"Thunderclap","floor":24},{"not_picked":["Metallicize+1","Twin Strike+1"],"picked":"Thunderclap","floor":28}],"player_experience":888034,"relics_obtained":[{"floor":6,"key":"Kunai"},{"floor":8,"key":"Oddly Smooth Stone"},{"floor":9,"key":"Whetstone"},{"floor":26,"key":"Paper Frog"},{"floor":28,"key":"Juzu Bracelet"}],"event_choices":[{"damage_healed":0,"gold_gain":0,"player_choice":"Shed Blood","damage_taken":20,"max_hp_gain":5,"max_hp_loss":0,"event_name":"Forgotten Altar","floor":21,"gold_loss":0},{"damage_healed":0,"gold_gain":0,"player_choice":"Simplicity","damage_taken":0,"max_hp_gain":0,"max_hp_loss":0,"event_name":"Back to Basics","floor":27,"gold_loss":0,"cards_upgraded":["Strike_R","Strike_R","Defend_R","Defend_R","Defend_R","Defend_R"]}],"is_beta":false,"boss_relics":[{"not_picked":["White Beast Statue","Runic Pyramid"],"picked":"Runic Cube"}],"items_purged_floors":[4,13],"is_endless":false,"potions_floor_spawned":[1,5,6,12,28],"killed_by":"Snecko","ascension_level":0}