{"gold_per_floor":[112,112,112,112,129,129,162,162,162,162,237,263,263,144,144,240,240,252,171,171,185,253,284,284,340,340,58,71,71],"floor_reached":29,"playtime":1085,"items_purged":[],"score":292,"play_id":"8082f168-19e8-48dc-a591-39aec3741424","local_time":"20190107191022","is_ascension_mode":true,"campfire_choices":[{"data":"Armaments","floor":6,"key":"SMITH"},{"data":"Defend_R","floor":8,"key":"SMITH"},{"floor":10,"key":"REST"},{"data":"Bash","floor":13,"key":"SMITH"},{"floor":15,"key":"REST"},{"floor":24,"key":"REST"}],"neow_cost":"TEN_PERCENT_HP_LOSS","seed_source_timestamp":251931868258979,"circlet_count":0,"master_deck":["Strike_R","Strike_R","Strike_R","Strike_R","Strike_R","Defend_R+1","Defend_R+1","Defend_R","Defend_R+1","Bash+1","Impervious","Flex","Armaments+1","Twin Strike","Pummel","Bloodletting","Double Tap","Searing Blow","Battle Trance","Heavy Blade","Reckless Charge+1","Limit Break","Pummel","Flex"],"special_seed":0,"relics":["Burning Blood","Pear","Champion Belt","Shuriken","Bottled Flame","Philosopher\u0027s Stone","Enchiridion","Paper Frog","Unceasing Top","Tiny Chest","Turnip","Brimstone"],"potions_floor_usage":[7,29,29],"damage_taken":[{"damage":0.0,"enemies":"2 Louse","floor":1.0,"turns":3.0},{"damage":0,"enemies":"Small Slimes","floor":5,"turns":4},{"damage":52,"enemies":"3 Sentries","floor":7,"turns":17},{"damage":23,"enemies":"Gremlin Nob","floor":12,"turns":4},{"damage":46,"enemies":"The Guardian","floor":16,"turns":12},{"damage":10,"enemies":"Chosen","floor":18,"turns":3},{"damage":19,"enemies":"2 Thieves","floor":21,"turns":3},{"damage":23,"enemies":"Slavers","floor":23,"turns":5},{"damage":41,"enemies":"Book of Stabbing","floor":25,"turns":5},{"damage":0,"enemies":"3 Cultists","floor":28,"turns":4},{"damage":36,"enemies":"Gremlin Leader","floor":29,"turns":3}],"seed_played":"-5732894312883875986","potions_obtained":[{"floor":5,"key":"Regen Potion"},{"floor":18,"key":"Fire Potion"},{"floor":25,"key":"Weak Potion"}],"is_trial":false,"path_per_floor":["M","?","?","?","M","R","E","R","T","R","?","E","R","$","R","B",null,"M","$","?","M","T","E","R","E","T","$","M","E"],"character_chosen":"IRONCLAD","items_purchased":["Pummel","Bloodletting","Battle Trance","Brimstone","Pummel"],"campfire_rested":3,"item_purchase_floors":[14,14,19,27,27],"current_hp_per_floor":[72,77,75,58,64,64,33,33,33,59,48,31,31,31,57,17,87,83,83,67,54,54,37,63,28,28,28,34,0],"gold":71,"neow_bonus":"THREE_RARE_CARDS","is_prod":false,"is_daily":false,"chose_seed":false,"campfire_upgraded":3,"win_rate":0,"timestamp":1546917022,"path_taken":["M","?","?","?","M","R","E","R","T","R","?","E","R","$","R","BOSS","M","$","?","M","?","E","R","E","T","$","M","E"],"build_version":"2019-01-03v4","purchased_purges":0,"victory":false,"max_hp_per_floor":[72,77,87,87,87,87,87,87,87,87,87,87,87,87,87,87,87,87,87,87,87,87,87,87,87,87,87,87,87],"card_choices":[{"not_picked":["Double Tap","Reaper"],"picked":"Impervious","floor":0.0},{"not_picked":["Havoc","Cleave"],"picked":"Flex","floor":1.0},{"not_picked":["Warcry","Evolve"],"picked":"Armaments","floor":5},{"not_picked":["Anger","Combust"],"picked":"Twin Strike","floor":7},{"not_picked":["Second Wind","Rage","Rupture"],"picked":"SKIP","floor":12},{"not_picked":["Brutality","Exhume"],"picked":"Double Tap","floor":16},{"not_picked":["Feel No Pain+1","Havoc"],"picked":"Searing Blow","floor":18},{"not_picked":["Wild Strike+1","Clash"],"picked":"Heavy Blade","floor":21},{"not_picked":["Armaments","Rampage"],"picked":"Reckless Charge+1","floor":23},{"not_picked":["Disarm","Twin Strike"],"picked":"Limit Break","floor":25},{"not_picked":["Burning Pact","Reckless Charge"],"picked":"Flex","floor":28}],"player_experience":131585,"relics_obtained":[{"floor":7,"key":"Champion Belt"},{"floor":9,"key":"Shuriken"},{"floor":12,"key":"Bottled Flame"},{"floor":20,"key":"Enchiridion"},{"floor":22,"key":"Paper Frog"},{"floor":23,"key":"Unceasing Top"},{"floor":25,"key":"Tiny Chest"},{"floor":26,"key":"Turnip"}],"event_choices":[{"damage_healed":0.0,"max_hp_gain":5.0,"max_hp_loss":0.0,"gold_gain":0.0,"event_name":"Big Fish","player_choice":"Donut","floor":2.0,"gold_loss":0.0,"damage_taken":0.0},{"damage_healed":0.0,"max_hp_gain":0.0,"max_hp_loss":0.0,"gold_gain":0.0,"event_name":"Scrap Ooze","player_choice":"Success","floor":3.0,"gold_loss":0.0,"damage_taken":12.0,"relics_obtained":["Pear"]},{"damage_healed":0.0,"max_hp_gain":0.0,"max_hp_loss":0.0,"gold_gain":0.0,"event_name":"Shining Light","player_choice":"Entered Light","floor":4.0,"gold_loss":0.0,"damage_taken":17.0,"cards_upgraded":["Defend_R","Defend_R"]},{"damage_healed":0,"gold_gain":75,"player_choice":"Gather Gold","damage_taken":11,"max_hp_gain":0,"max_hp_loss":0,"event_name":"World of Goop","floor":11,"gold_loss":0},{"damage_healed":0,"gold_gain":0,"player_choice":"Obtained Book","damage_taken":16,"max_hp_gain":0,"max_hp_loss":0,"event_name":"Cursed Tome","floor":20,"gold_loss":0}],"is_beta":false,"boss_relics":[{"not_picked":["Fusion Hammer","Velvet Choker"],"picked":"Philosopher\u0027s Stone"}],"items_purged_floors":[],"is_endless":false,"potions_floor_spawned":[5,18,25],"killed_by":"Gremlin Leader","ascension_level":2}