{"gold_per_floor":[112,112,37,55,65,65,76,92,144,144,163,63,107,125,125,250,250,263,138,156,177,177,197,47,67,93,93,113,113,157,170,170,170],"floor_reached":33,"playtime":1486,"items_purged":["Strike_R","Defend_R","Strike_R","Corruption+1"],"score":273,"play_id":"ef2d3719-a6d3-48b6-b693-66013f6b3a73","local_time":"20190224160103","is_ascension_mode":false,"campfire_choices":[{"data":"Bash","floor":6,"key":"SMITH"},{"data":"Strike_R","floor":15,"key":"SMITH"},{"floor":29,"key":"RECALL"},{"floor":32,"key":"REST"}],"neow_cost":"NONE","seed_source_timestamp":765514273726904,"circlet_count":0,"master_deck":["Strike_R+1","Defend_R+1","Bash+1","Clothesline+1","Combust+1"],"relics":["Burning Blood","Anchor","Vajra","Golden Idol","Mercury Hourglass","Astrolabe","Ancient Tea Set","Oddly Smooth Stone","Torii"],"potions_floor_usage":[13,33,33,33],"damage_taken":[{"damage":1,"enemies":"2 Louse","floor":1,"turns":3},{"damage":0,"enemies":"Cultist","floor":4,"turns":4},{"damage":0,"enemies":"Small Slimes","floor":5,"turns":4},{"damage":0,"enemies":"Red Slaver","floor":7,"turns":3},{"damage":8,"enemies":"Exordium Thugs","floor":8,"turns":5},{"damage":0,"enemies":"Large Slime","floor":11,"turns":5},{"damage":21,"enemies":"3 Sentries","floor":13,"turns":12},{"damage":0,"enemies":"2 Fungi Beasts","floor":14,"turns":3},{"damage":36,"enemies":"Slime Boss","floor":16,"turns":11},{"damage":3,"enemies":"Chosen","floor":18,"turns":4},{"damage":5,"enemies":"Spheric Guardian","floor":20,"turns":3},{"damage":8,"enemies":"Chosen and Byrds","floor":21,"turns":4},{"damage":11,"enemies":"Cultist and Chosen","floor":23,"turns":5},{"damage":16,"enemies":"Centurion and Healer","floor":25,"turns":6},{"damage":4,"enemies":"Chosen and Byrds","floor":28,"turns":4},{"damage":22,"enemies":"Gremlin Leader","floor":30,"turns":5},{"damage":9,"enemies":"Snecko","floor":31,"turns":4},{"damage":102,"enemies":"Automaton","floor":33,"turns":10}],"seed_played":"-8736865639596446959","potions_obtained":[{"floor":1,"key":"FearPotion"},{"floor":5,"key":"FearPotion"},{"floor":11,"key":"Weak Potion"},{"floor":14,"key":"BloodPotion"},{"floor":21,"key":"AttackPotion"},{"floor":30,"key":"Regen Potion"},{"floor":31,"key":"BloodPotion"}],"is_trial":false,"path_per_floor":["M","?","$","M","M","R","M","M","T","?","M","$","E","M","R","B",null,"M","$","M","M","?","M","$","M","T","?","M","R","E","M","R","B"],"character_chosen":"IRONCLAD","items_purchased":[],"campfire_rested":1,"item_purchase_floors":[],"current_hp_per_floor":[80,64,64,70,76,76,80,78,78,58,64,64,49,55,55,25,80,80,80,80,78,78,73,73,63,63,63,65,65,49,46,70,0],"gold":170,"neow_bonus":"RANDOM_COMMON_RELIC","is_prod":false,"is_daily":false,"chose_seed":false,"campfire_upgraded":2,"win_rate":0,"timestamp":1550991663,"path_taken":["M","?","$","M","M","R","M","M","T","?","M","$","E","M","R","BOSS","M","$","M","M","?","M","$","?","T","?","M","R","E","M","R","BOSS"],"build_version":"2019-01-23","purchased_purges":4,"victory":false,"max_hp_per_floor":[80,80,80,80,80,80,80,80,80,80,80,80,80,80,80,80,80,80,80,80,80,80,80,80,80,80,80,80,80,80,80,80,80],"card_choices":[{"not_picked":["Evolve","Flex","Havoc"],"picked":"SKIP","floor":1},{"not_picked":["Warcry","Clothesline","Headbutt"],"picked":"SKIP","floor":4},{"not_picked":["Cleave","Wild Strike","Pommel Strike"],"picked":"SKIP","floor":5},{"not_picked":["Wild Strike","Sever Soul","Shockwave"],"picked":"SKIP","floor":7},{"not_picked":["Hemokinesis","Immolate","Clash"],"picked":"SKIP","floor":8},{"not_picked":["Shrug It Off","Clothesline","Wild Strike"],"picked":"SKIP","floor":11},{"not_picked":["Flex","Headbutt","Perfected Strike"],"picked":"SKIP","floor":13},{"not_picked":["Heavy Blade","Warcry","Hemokinesis"],"picked":"SKIP","floor":14},{"not_picked":["Spot Weakness","Anger","Body Slam"],"picked":"SKIP","floor":18},{"not_picked":["Iron Wave","Spot Weakness","Wild Strike"],"picked":"SKIP","floor":20},{"not_picked":["Thunderclap+1","True Grit","Heavy Blade+1"],"picked":"SKIP","floor":21},{"not_picked":["True Grit+1","Sword Boomerang","Blood for Blood"],"picked":"SKIP","floor":23},{"not_picked":["Carnage","Infernal Blade","Sentinel"],"picked":"SKIP","floor":25},{"not_picked":["Whirlwind+1","Carnage","Wild Strike"],"picked":"SKIP","floor":28},{"not_picked":["Heavy Blade","Double Tap","Body Slam"],"picked":"SKIP","floor":30},{"not_picked":["Warcry","Headbutt","Fiend Fire"],"picked":"SKIP","floor":31}],"player_experience":909760,"relics_obtained":[{"floor":9,"key":"Vajra"},{"floor":13,"key":"Mercury Hourglass"},{"floor":26,"key":"Oddly Smooth Stone"},{"floor":30,"key":"Torii"}],"event_choices":[{"damage_healed":0,"gold_gain":0,"player_choice":"Entered Light","damage_taken":16,"max_hp_gain":0,"max_hp_loss":0,"event_name":"Shining Light","floor":2,"gold_loss":0,"cards_upgraded":["Defend_R","Defend_R"]},{"damage_healed":0,"gold_gain":0,"player_choice":"Take Damage","damage_taken":20,"relics_obtained":["Golden Idol"],"max_hp_gain":0,"max_hp_loss":0,"event_name":"Golden Idol","floor":10,"gold_loss":0},{"damage_healed":0,"gold_gain":0,"player_choice":"Gave Potion","damage_taken":0,"relics_obtained":["Ancient Tea Set"],"max_hp_gain":0,"max_hp_loss":0,"event_name":"WeMeetAgain","floor":22,"gold_loss":0},{"cards_removed":["Defend_R"],"damage_healed":0,"gold_gain":0,"player_choice":"Purged","damage_taken":0,"max_hp_gain":0,"max_hp_loss":0,"event_name":"Purifier","floor":27,"gold_loss":0}],"is_beta":false,"boss_relics":[{"not_picked":["Runic Dome","Pandora\u0027s Box"],"picked":"Astrolabe"}],"items_purged_floors":[3,12,19,24],"is_endless":false,"potions_floor_spawned":[1,5,11,14,18,21,30,31],"killed_by":"Automaton","ascension_level":0}