{"path_per_floor":["M","M","M","?","M","E","R","?","T","M","M","$","E","M","R","B",null,"M","?","?","M","M","E","M","?","T","M","?"],"character_chosen":"THE_SILENT","items_purchased":["Toy Ornithopter"],"gold_per_floor":[112,122,141,91,102,128,128,128,176,193,208,5,39,49,49,152,152,171,96,96,112,127,158,178,178,205,222,222],"floor_reached":29,"campfire_rested":0,"playtime":1969,"current_hp_per_floor":[69,69,69,69,68,58,58,80,80,74,57,57,50,49,49,11,80,74,74,74,79,77,51,49,33,33,48,33],"items_purged":[],"gold":222,"score":284,"play_id":"e25fa797-2ddb-4dc2-a9ad-a5e703374981","local_time":"20180304184338","is_prod":false,"is_daily":false,"is_ascension_mode":false,"campfire_upgraded":2,"timestamp":1520207018,"path_taken":["M","?","M","?","M","E","R","?","T","M","M","$","E","M","R","BOSS","M","?","?","M","?","E","M","?","T","M","?","E"],"build_version":"2018-03-01-PROD1","purchased_purges":0,"victory":false,"master_deck":["Defend_G","Defend_G","Defend_G","Defend_G","Defend_G","Strike_G","Strike_G","Strike_G","Survivor","Neutralize","Glass Knife","Backflip","Deadly Poison","PiercingWail","Wraith Form+1","Poisoned Stab","Noxious Fumes+1","Leg Sweep","Caltrops","Venomology","Skewer","Outmaneuver+1","Dodge and Roll+1","Tools of the Trade","Deadly Poison","Doubt","Bouncing Flask"],"max_hp_per_floor":[70,70,70,70,70,70,70,80,80,80,80,80,80,80,80,80,80,80,80,80,80,80,80,80,80,80,80,85],"relics":["Ring of the Snake","Blood Vial","Orichalcum","Toy Ornithopter","Toolbox","Cursed Key","Meat on the Bone","Bag of Marbles","Enchiridion","Bag of Preparation"],"card_choices":[{"not_picked":["PiercingWail","Dagger Spray"],"picked":"Glass Knife"},{"not_picked":["All Out Attack","Dodge and Roll"],"picked":"Backflip"},{"not_picked":["Flechettes","Poisoned Stab"],"picked":"Deadly Poison"},{"not_picked":["Sucker Punch","Acrobatics"],"picked":"PiercingWail"},{"not_picked":["Poisoned Stab","Outmaneuver"],"picked":"Wraith Form"},{"not_picked":["Caltrops","Slice"],"picked":"Poisoned Stab"},{"not_picked":["Masterful Stab","PiercingWail"],"picked":"Noxious Fumes"},{"not_picked":["Bane","Quick Slash"],"picked":"Leg Sweep"},{"not_picked":["Quick Slash","Masterful Stab"],"picked":"Caltrops"},{"not_picked":["Burst","Phantasmal Killer"],"picked":"Venomology"},{"not_picked":["Deadly Poison","Deflect"],"picked":"Skewer"},{"not_picked":["Underhanded Strike","PiercingWail"],"picked":"Outmaneuver"},{"not_picked":["Expertise","Quick Slash"],"picked":"Dodge and Roll"},{"not_picked":["All Out Attack","Dagger Throw"],"picked":"Tools of the Trade"},{"not_picked":["Skewer","Outmaneuver"],"picked":"Deadly Poison"},{"not_picked":["Slice","Sucker Punch"],"picked":"Bouncing Flask"}],"player_experience":103659,"potions_floor_usage":[6,13,13,21,22,22,23,23,27,27,29,29,29],"damage_taken":[{"damage":1,"enemies":"Cultist","floor":1,"turns":3},{"damage":0,"enemies":"Small Slimes","floor":2,"turns":3},{"damage":0,"enemies":"2 Louse","floor":3,"turns":1},{"damage":1,"enemies":"Gremlin Gang","floor":5,"turns":6},{"damage":10,"enemies":"Gremlin Nob","floor":6,"turns":3},{"damage":6,"enemies":"Blue Slaver","floor":10,"turns":4},{"damage":19,"enemies":"3 Louse","floor":11,"turns":4},{"damage":15,"enemies":"Lagavulin","floor":13,"turns":5},{"damage":3,"enemies":"Large Slime","floor":14,"turns":5},{"damage":40,"enemies":"Slime Boss","floor":16,"turns":11},{"damage":6,"enemies":"Spheric Guardian","floor":18,"turns":5},{"damage":0,"enemies":"Chosen","floor":21,"turns":4},{"damage":6,"enemies":"Centurion and Healer","floor":22,"turns":6},{"damage":44,"enemies":"Slavers","floor":23,"turns":6},{"damage":16,"enemies":"Snake Plant","floor":24,"turns":4},{"damage":5,"enemies":"Snecko","floor":27,"turns":7},{"damage":48,"enemies":"Book of Stabbing","floor":29,"turns":5}],"event_choices":[{"event_name":"The Cleric","player_choice":"Card Removal","floor":4,"damage_taken":0},{"event_name":"Bonfire Elementals","player_choice":"RARE","floor":8,"damage_taken":0},{"event_name":"Beggar","player_choice":"Gave Gold","floor":19,"damage_taken":0},{"event_name":"The Mausoleum","player_choice":"Yes","floor":20,"damage_taken":0},{"event_name":"Cursed Tome","player_choice":"Obtained Book","floor":25,"damage_taken":0},{"event_name":"Forgotten Altar","player_choice":"Shed Blood","floor":28,"damage_taken":0}],"boss_relics":[{"not_picked":["Question Card","Eternal Feather"],"picked":"Cursed Key"}],"potions_floor_spawned":[2,3,5,10,18,23],"seed_played":"3553958944393068923","killed_by":"Book of Stabbing","ascension_level":0,"is_trial":false}