{"gold_per_floor":[112,128,128,142,45,76,76,76,102,127,127,52,78,98,98,169,169,183,202,202,202,202,202,220,231,231,231,251,283,283,295,295,366,366,376,218,218,230,230,287,287,298,298,298,313,313,345,124,124,124,124],"floor_reached":51,"playtime":4071,"items_purged":["Gash"],"score":1486,"play_id":"8579fc14-5757-4621-8b1a-5e32677267da","local_time":"20181230181735","is_ascension_mode":true,"campfire_choices":[{"floor":8,"key":"REST"},{"floor":11,"key":"REST"},{"data":"Defragment","floor":15,"key":"SMITH"},{"floor":23,"key":"REST"},{"data":"Capacitor","floor":30,"key":"SMITH"},{"data":"Darkness","floor":32,"key":"SMITH"},{"data":"Defragment","floor":41,"key":"SMITH"},{"data":"Hologram","floor":44,"key":"SMITH"},{"floor":46,"key":"RECALL"},{"data":"Coolheaded","floor":49,"key":"SMITH"}],"neow_cost":"NONE","seed_source_timestamp":771512675681321,"circlet_count":0,"master_deck":["AscendersBane","Defend_B+1","Zap+1","Hologram+1","Coolheaded","Flash of Steel","Conserve Battery","Compile Driver","Defragment+1","Genetic Algorithm","Core Surge","Leap+1","Hyperbeam+1","Machine Learning+1","Conserve Battery","Leap","Self Repair","Static Discharge","Capacitor+1","Darkness+1","Multi-Cast","Skim","Defragment+1","Madness","Madness","Capacitor","Compile Driver","Force Field+1","Fusion","All For One","Coolheaded+1"],"relics":["Cracked Core","PreservedInsect","Oddly Smooth Stone","War Paint","Cables","Astrolabe","Enchiridion","Mercury Hourglass","Bronze Scales","Nuclear Battery","Tiny Chest","Thread and Needle","Juzu Bracelet"],"potions_floor_usage":[10,13,24,29,40,47,50,51],"damage_taken":[{"damage":0,"enemies":"Small Slimes","floor":1,"turns":2},{"damage":5,"enemies":"2 Louse","floor":2,"turns":3},{"damage":0,"enemies":"Jaw Worm","floor":4,"turns":5},{"damage":39,"enemies":"3 Sentries","floor":6,"turns":10},{"damage":5,"enemies":"Gremlin Nob","floor":10,"turns":3},{"damage":0,"enemies":"Lagavulin","floor":13,"turns":7},{"damage":18,"enemies":"3 Louse","floor":14,"turns":3},{"damage":29,"enemies":"Hexaghost","floor":16,"turns":12},{"damage":0,"enemies":"Chosen","floor":18,"turns":4},{"damage":11,"enemies":"2 Thieves","floor":19,"turns":4},{"damage":0,"enemies":"Cultist and Chosen","floor":24,"turns":5},{"damage":5,"enemies":"Centurion and Healer","floor":25,"turns":5},{"damage":0,"enemies":"Snecko","floor":28,"turns":3},{"damage":7,"enemies":"Book of Stabbing","floor":29,"turns":4},{"damage":2,"enemies":"3 Cultists","floor":31,"turns":3},{"damage":2,"enemies":"Champ","floor":33,"turns":12},{"damage":0,"enemies":"3 Shapes","floor":35,"turns":4},{"damage":8,"enemies":"Orb Walker","floor":38,"turns":4},{"damage":20,"enemies":"Nemesis","floor":40,"turns":9},{"damage":0,"enemies":"3 Darklings","floor":42,"turns":6},{"damage":11,"enemies":"Spire Growth","floor":45,"turns":7},{"damage":21,"enemies":"Reptomancer","floor":47,"turns":6},{"damage":10,"enemies":"Time Eater","floor":50,"turns":9},{"damage":42,"enemies":"Awakened One","floor":51,"turns":6}],"seed_played":"-7412229916580693488","potions_obtained":[{"floor":0,"key":"FearPotion"},{"floor":0,"key":"Dexterity Potion"},{"floor":1,"key":"Poison Potion"},{"floor":14,"key":"Ancient Potion"},{"floor":19,"key":"Dexterity Potion"},{"floor":24,"key":"FocusPotion"},{"floor":39,"key":"Regen Potion"},{"floor":40,"key":"FearPotion"},{"floor":47,"key":"Ancient Potion"}],"is_trial":false,"path_per_floor":["M","M","?","M","$","E","?","R","T","E","R","?","E","M","R","B",null,"M","M","?","?","T","R","M","M","T","?","M","E","R","M","R","B",null,"M","$","?","M","?","E","R","M","T","R","M","R","E","$","R","B","B"],"character_chosen":"DEFECT","items_purchased":["Flash of Steel","Defragment","All For One","Coolheaded"],"campfire_rested":3,"item_purchase_floors":[5,36,48,48],"current_hp_per_floor":[64,59,52,52,52,13,13,34,34,29,50,50,50,32,32,3,54,54,43,22,22,22,43,50,52,52,52,52,52,52,57,57,62,69,71,71,58,50,50,52,52,59,59,59,55,55,41,41,41,38,0],"gold":124,"neow_bonus":"THREE_SMALL_POTIONS","is_prod":false,"is_daily":false,"chose_seed":false,"campfire_upgraded":6,"win_rate":0,"timestamp":1546222655,"path_taken":["M","M","?","M","$","E","?","R","T","E","R","?","E","M","R","BOSS","M","M","?","?","?","R","M","M","T","?","M","E","R","M","R","BOSS","M","$","?","M","?","E","R","?","T","R","M","R","E","$","R","BOSS","BOSS"],"build_version":"2018-12-25","purchased_purges":1,"victory":false,"max_hp_per_floor":[71,71,71,71,71,71,71,71,71,71,71,71,71,71,71,71,71,71,71,71,71,71,71,71,71,71,71,71,71,71,71,71,71,71,71,71,71,71,71,71,71,71,71,71,71,71,71,71,71,71,71],"card_choices":[{"not_picked":["Beam Cell","Turbo"],"picked":"Hologram","floor":1},{"not_picked":["Beam Cell","Stack"],"picked":"Coolheaded","floor":2},{"not_picked":["Lockon","Beam Cell"],"picked":"Gash","floor":4},{"not_picked":["Steam","Tempest"],"picked":"Conserve Battery","floor":6},{"not_picked":["Rainbow","Auto Shields"],"picked":"Compile Driver","floor":10},{"not_picked":["Storm","Force Field"],"picked":"Defragment","floor":13},{"not_picked":["Ball Lightning","Stack"],"picked":"Genetic Algorithm","floor":14},{"not_picked":["Machine Learning","Rainbow"],"picked":"Core Surge","floor":16},{"not_picked":["Rebound","Cold Snap","Stack"],"picked":"SKIP","floor":18},{"not_picked":["Turbo","Ball Lightning"],"picked":"Conserve Battery","floor":19},{"not_picked":["Auto Shields","Beam Cell"],"picked":"Static Discharge","floor":24},{"not_picked":["White Noise","Auto Shields"],"picked":"Capacitor","floor":25},{"not_picked":["Streamline","Compile Driver","Sweeping Beam"],"picked":"SKIP","floor":28},{"not_picked":["Turbo","Aggregate","Compile Driver"],"picked":"SKIP","floor":29},{"not_picked":["Doom and Gloom","Cold Snap+1"],"picked":"Darkness","floor":31},{"not_picked":["Meteor Strike","Electrodynamics"],"picked":"Multi-Cast","floor":33},{"not_picked":["Steam Power","Leap"],"picked":"Skim","floor":35},{"not_picked":["Redo","Sweeping Beam+1"],"picked":"Capacitor","floor":38},{"not_picked":["Turbo+1","Reinforced Body","Leap"],"picked":"SKIP","floor":40},{"not_picked":["Reinforced Body","Hello World+1"],"picked":"Compile Driver","floor":42},{"not_picked":["FTL","Sweeping Beam"],"picked":"Force Field+1","floor":45},{"not_picked":["Undo","Leap"],"picked":"Fusion","floor":47}],"player_experience":4125635,"relics_obtained":[{"floor":6,"key":"PreservedInsect"},{"floor":9,"key":"Oddly Smooth Stone"},{"floor":10,"key":"War Paint"},{"floor":13,"key":"Cables"},{"floor":20,"key":"Enchiridion"},{"floor":26,"key":"Mercury Hourglass"},{"floor":29,"key":"Bronze Scales"},{"floor":40,"key":"Tiny Chest"},{"floor":43,"key":"Thread and Needle"},{"floor":47,"key":"Juzu Bracelet"}],"event_choices":[{"cards_removed":["Strike_B"],"damage_healed":0,"gold_gain":0,"player_choice":"Card Removal","damage_taken":7,"max_hp_gain":0,"max_hp_loss":0,"event_name":"Golden Wing","floor":3,"gold_loss":0},{"damage_healed":0,"gold_gain":0,"player_choice":"Ignored","damage_taken":0,"max_hp_gain":0,"max_hp_loss":0,"event_name":"Shining Light","floor":7,"gold_loss":0},{"cards_removed":["Strike_B"],"damage_healed":0,"gold_gain":0,"player_choice":"Card Removal","damage_taken":0,"max_hp_gain":0,"max_hp_loss":0,"event_name":"The Cleric","floor":12,"gold_loss":75},{"damage_healed":0,"gold_gain":0,"player_choice":"Obtained Book","damage_taken":21,"max_hp_gain":0,"max_hp_loss":0,"event_name":"Cursed Tome","floor":20,"gold_loss":0},{"damage_healed":0,"gold_gain":0,"cards_transformed":["Defend_B","Defend_B"],"player_choice":"Became Test Subject","damage_taken":0,"max_hp_gain":0,"max_hp_loss":0,"event_name":"Drug Dealer","floor":21,"gold_loss":0,"cards_obtained":["Leap","Self Repair"]},{"cards_removed":["Defend_B"],"damage_healed":0,"gold_gain":0,"player_choice":"Elegance","damage_taken":0,"max_hp_gain":0,"max_hp_loss":0,"event_name":"Back to Basics","floor":27,"gold_loss":0},{"damage_healed":0,"gold_gain":0,"player_choice":"Embrace Madness","damage_taken":13,"max_hp_gain":0,"max_hp_loss":0,"event_name":"Winding Halls","floor":37,"gold_loss":0,"cards_obtained":["Madness","Madness"]},{"damage_healed":0,"gold_gain":0,"player_choice":"Got Potions","damage_taken":0,"max_hp_gain":0,"max_hp_loss":0,"event_name":"Lab","floor":39,"gold_loss":0}],"is_beta":true,"boss_relics":[{"not_picked":["Tiny House","Sozu"],"picked":"Astrolabe"},{"not_picked":["Fusion Hammer","Black Star"],"picked":"Nuclear Battery"}],"items_purged_floors":[36],"is_endless":false,"potions_floor_spawned":[1,14,19,24,28,40,42,47],"killed_by":"Awakened One","ascension_level":20}