{"path_per_floor":["M","M","?","?","T","R","M","E","T","$","E","R","M","$","R","B",null,"M","?","M","?","M","R","E","M","T","R","M","M","$","E","R","B",null,"M","M","M","?","M","R","M","M","T","?","?","R","E","M","R","B"],"character_chosen":"THE_SILENT","items_purchased":["Snake Skull","Oddly Smooth Stone"],"gold_per_floor":[119,132,132,132,132,132,147,181,181,106,150,150,165,17,17,142,142,157,82,101,101,116,116,154,178,252,252,268,281,26,60,60,190,190,214,227,245,245,259,259,282,303,355,688,741,741,769,781,781,781],"floor_reached":51,"campfire_rested":0,"playtime":3469,"item_purchase_floors":[14,30],"current_hp_per_floor":[68,68,68,51,51,51,51,15,29,29,19,19,17,17,17,17,84,79,79,79,79,70,70,56,61,61,61,68,59,59,56,56,75,84,84,84,84,74,73,73,69,79,79,79,84,84,83,84,84,45],"items_purged":["Strike_G","Defend_G"],"gold":781,"score":804,"play_id":"0b9a708f-1ab0-42b9-beb3-439d36fea1bd","local_time":"20180531031235","is_prod":false,"is_daily":false,"chose_seed":false,"is_ascension_mode":false,"campfire_upgraded":9,"win_rate":0,"timestamp":1527703955,"campfire_choices":[{"data":"Noxious Fumes","floor":6,"key":"SMITH"},{"data":"Deadly Poison","floor":12,"key":"SMITH"},{"data":"Neutralize","floor":15,"key":"SMITH"},{"data":"Tools of the Trade","floor":23,"key":"SMITH"},{"data":"Well Laid Plans","floor":27,"key":"SMITH"},{"data":"Backflip","floor":32,"key":"SMITH"},{"data":"Secret Technique","floor":40,"key":"SMITH"},{"data":"Survivor","floor":46,"key":"SMITH"},{"data":"Defend_G","floor":49,"key":"SMITH"}],"path_taken":["M","M","?","?","?","R","M","E","T","?","E","R","M","$","R","BOSS","M","?","M","?","M","R","E","M","T","R","?","M","$","E","R","BOSS","M","M","?","?","M","R","M","M","T","?","?","R","E","M","R","BOSS"],"build_version":"2018-05-24","seed_source_timestamp":622860296101471,"purchased_purges":2,"victory":true,"master_deck":["Defend_G","Defend_G","Defend_G","Defend_G+1","Strike_G","Strike_G","Survivor+1","Neutralize+1","Noxious Fumes+1","Backflip+1","Deadly Poison+1","Blur+1","Tools of the Trade+1","Blur+1","Footwork+1","Well Laid Plans+1","Dodge and Roll+1","Noxious Fumes+1","Backflip+1","Secret Technique+1","Deadly Poison+1","Bouncing Flask+1","Blur+1"],"max_hp_per_floor":[70,70,70,70,70,70,70,70,84,84,84,84,84,84,84,84,84,84,84,84,84,84,84,84,84,84,84,84,84,84,84,84,84,84,84,84,84,84,84,84,84,84,84,84,84,84,84,84,84,84],"relics":["Ring of the Snake","Ice Cream","Bottled Tornado","Mango","Paper Crane","Snake Skull","Black Star","Torii","Bird Faced Urn","Pantograph","Oddly Smooth Stone","Pen Nib","Vajra","Velvet Choker","Juzu Bracelet","Calipers","Matryoshka","Shuriken"],"card_choices":[{"not_picked":["Accuracy","Poisoned Stab"],"picked":"Noxious Fumes","floor":1},{"not_picked":["Acrobatics","Dagger Throw"],"picked":"Backflip","floor":2},{"not_picked":["Sucker Punch","Slice","Infinite Blades"],"picked":"SKIP","floor":7},{"not_picked":["Backflip","Blade Dance"],"picked":"Deadly Poison","floor":8},{"not_picked":["PiercingWail","Accuracy","Bane"],"picked":"SKIP","floor":11},{"not_picked":["Quick Slash","Reflex"],"picked":"Blur","floor":13},{"not_picked":["Doppelganger","Glass Knife"],"picked":"Tools of the Trade","floor":16},{"not_picked":["Quick Slash","Poisoned Stab"],"picked":"Blur+1","floor":18},{"not_picked":["Underhanded Strike","Quick Slash+1","All Out Attack+1"],"picked":"SKIP","floor":20},{"not_picked":["Reflex","Quick Slash+1","Dodge and Roll"],"picked":"SKIP","floor":22},{"not_picked":["Malaise","Bane"],"picked":"Footwork+1","floor":24},{"not_picked":["Footwork","Heel Hook"],"picked":"Well Laid Plans","floor":25},{"not_picked":["Deflect+1","Calculated Gamble"],"picked":"Dodge and Roll+1","floor":28},{"not_picked":["Glass Knife","Bane","Dagger Throw+1"],"picked":"SKIP","floor":29},{"not_picked":["Deflect+1","Die Die Die","Caltrops"],"picked":"SKIP","floor":31},{"not_picked":["Choke+1","Flechettes+1","Concentrate+1"],"picked":"SKIP","floor":35},{"not_picked":["Eviscerate+1","PiercingWail"],"picked":"Noxious Fumes+1","floor":36},{"not_picked":["Dagger Throw+1","Deflect"],"picked":"Backflip+1","floor":37},{"not_picked":["Secret Weapon","Bandage Up"],"picked":"Secret Technique","floor":38},{"not_picked":["Cloak And Dagger+1","Bane"],"picked":"Deadly Poison+1","floor":39},{"not_picked":["All Out Attack","Footwork"],"picked":"Bouncing Flask+1","floor":41},{"not_picked":["Prepared+1","Heel Hook"],"picked":"Blur+1","floor":42},{"not_picked":["Storm of Steel","Noxious Fumes","Quick Slash"],"picked":"SKIP","floor":47},{"not_picked":["Terror","Flying Knee","Calculated Gamble+1"],"picked":"SKIP","floor":48}],"player_experience":703641,"potions_floor_usage":[8,24,24,24],"damage_taken":[{"damage":2,"enemies":"Small Slimes","floor":1,"turns":4},{"damage":0,"enemies":"Jaw Worm","floor":2,"turns":5},{"damage":0,"enemies":"2 Louse","floor":7,"turns":5},{"damage":36,"enemies":"Gremlin Nob","floor":8,"turns":5},{"damage":10,"enemies":"3 Sentries","floor":11,"turns":7},{"damage":2,"enemies":"2 Fungi Beasts","floor":13,"turns":3},{"damage":0,"enemies":"The Guardian","floor":16,"turns":10},{"damage":5,"enemies":"Shell Parasite","floor":18,"turns":5},{"damage":0,"enemies":"Chosen","floor":20,"turns":5},{"damage":9,"enemies":"Slaver and Parasite","floor":22,"turns":6},{"damage":14,"enemies":"Book of Stabbing","floor":24,"turns":6},{"damage":1,"enemies":"Snake Plant","floor":25,"turns":5},{"damage":1,"enemies":"Centurion and Healer","floor":28,"turns":7},{"damage":17,"enemies":"3 Cultists","floor":29,"turns":6},{"damage":11,"enemies":"Gremlin Leader","floor":31,"turns":8},{"damage":9,"enemies":"Automaton","floor":33,"turns":11},{"damage":0,"enemies":"Orb Walker","floor":35,"turns":5},{"damage":1,"enemies":"3 Shapes","floor":36,"turns":5},{"damage":0,"enemies":"Sphere and 2 Shapes","floor":37,"turns":6},{"damage":11,"enemies":"3 Darklings","floor":39,"turns":5},{"damage":10,"enemies":"4 Shapes","floor":41,"turns":5},{"damage":0,"enemies":"Sphere and 2 Shapes","floor":42,"turns":4},{"damage":0,"enemies":"Mysterious Sphere","floor":45,"turns":5},{"damage":7,"enemies":"Nemesis","floor":47,"turns":7},{"damage":0,"enemies":"Maw","floor":48,"turns":6},{"damage":47,"enemies":"Awakened One","floor":50,"turns":16}],"relics_obtained":[{"floor":5,"key":"Ice Cream"},{"floor":8,"key":"Bottled Tornado"},{"floor":9,"key":"Mango"},{"floor":11,"key":"Paper Crane"},{"floor":24,"key":"Torii"},{"floor":24,"key":"Bird Faced Urn"},{"floor":26,"key":"Pantograph"},{"floor":31,"key":"Pen Nib"},{"floor":31,"key":"Vajra"},{"floor":43,"key":"Juzu Bracelet"},{"floor":45,"key":"Calipers"},{"floor":47,"key":"Matryoshka"},{"floor":47,"key":"Shuriken"}],"event_choices":[{"event_name":"Living Wall","player_choice":"Forget","floor":3,"damage_taken":0},{"event_name":"Golden Idol","player_choice":"Take Damage","floor":4,"damage_taken":0},{"event_name":"Beggar","player_choice":"Gave Gold","floor":19,"damage_taken":0},{"event_name":"Upgrade Shrine","player_choice":"Upgraded","floor":21,"damage_taken":0},{"event_name":"SensoryStone","player_choice":"Memory 3","floor":38,"damage_taken":0},{"event_name":"The Moai Head","player_choice":"Gave Idol","floor":44,"damage_taken":0},{"event_name":"Mysterious Sphere","player_choice":"Fight","floor":45,"damage_taken":0}],"boss_relics":[{"not_picked":["Philosopher\u0027s Stone","Astrolabe"],"picked":"Black Star"},{"not_picked":["Runic Dome","Lizard Tail"],"picked":"Velvet Choker"}],"items_purged_floors":[10,30],"potions_floor_spawned":[1,2,20,22,31,36,37,41,47],"seed_played":"-6252592904748530698","ascension_level":0,"potions_obtained":[{"floor":1,"key":"SkillPotion"},{"floor":2,"key":"GamblersBrew"},{"floor":20,"key":"Fire Potion"},{"floor":22,"key":"Swift Potion"},{"floor":31,"key":"Energy Potion"},{"floor":36,"key":"SpeedPotion"},{"floor":37,"key":"GamblersBrew"}],"is_trial":false}