{"gold_per_floor":[114,182,192,192,206,206,221,240,267,67,67,85,85,49,49,168,168,189,208,11,11,11,11,110,124,124,124,39,39,39],"floor_reached":30,"playtime":1626,"items_purged":["Regret"],"score":218,"play_id":"3f655773-e00e-4a66-9317-5473bda77928","local_time":"20190123223627","is_ascension_mode":false,"campfire_choices":[{"data":"Limit Break","floor":6,"key":"SMITH"},{"data":"Armaments","floor":13,"key":"SMITH"},{"data":"Inflame","floor":15,"key":"SMITH"},{"data":"Heavy Blade","floor":23,"key":"SMITH"}],"neow_cost":"TEN_PERCENT_HP_LOSS","seed_source_timestamp":298865422039991,"circlet_count":0,"master_deck":["Strike_R","Strike_R","Strike_R","Strike_R","Strike_R","Defend_R","Defend_R","Defend_R","Defend_R","Bash","Bludgeon","True Grit","Battle Trance","Limit Break+1","Flex","Cleave","Armaments+1","Metallicize","Inflame+1","Demon Form+1","Rampage","Dual Wield","Pommel Strike","Pommel Strike","Heavy Blade+1","Armaments+1","Writhe","Conserve Battery"],"relics":["Burning Blood","Orichalcum","Strawberry","Golden Idol","Orrery","PrismaticShard","Smiling Mask","The Courier","Centennial Puzzle"],"potions_floor_usage":[12,16,16,19],"damage_taken":[{"damage":1,"enemies":"Jaw Worm","floor":1,"turns":3},{"damage":6,"enemies":"2 Louse","floor":3,"turns":4},{"damage":2,"enemies":"Small Slimes","floor":5,"turns":3},{"damage":17,"enemies":"3 Louse","floor":7,"turns":4},{"damage":13,"enemies":"Red Slaver","floor":8,"turns":5},{"damage":0,"enemies":"Exordium Thugs","floor":12,"turns":3},{"damage":35,"enemies":"Slime Boss","floor":16,"turns":11},{"damage":6,"enemies":"Shell Parasite","floor":18,"turns":8},{"damage":43,"enemies":"2 Thieves","floor":19,"turns":4},{"damage":6,"enemies":"Snecko","floor":25,"turns":4},{"damage":38,"enemies":"Shelled Parasite and Fungi","floor":30,"turns":4}],"seed_played":"-4483543285913984156","potions_obtained":[{"floor":5,"key":"LiquidBronze"},{"floor":7,"key":"PowerPotion"},{"floor":8,"key":"Fire Potion"},{"floor":12,"key":"EssenceOfSteel"},{"floor":25,"key":"Weak Potion"}],"is_trial":false,"path_per_floor":["M","?","M","?","M","R","M","M","T","$","?","M","R","$","R","B",null,"M","M","$","?","$","R","?","M","T","?","?","?","M"],"character_chosen":"IRONCLAD","items_purchased":["Armaments","Metallicize","Inflame","PrismaticShard"],"campfire_rested":0,"item_purchase_floors":[10,10,14,20],"current_hp_per_floor":[72,72,72,72,72,72,61,54,61,61,61,67,67,67,67,38,73,73,36,36,36,36,36,36,36,36,36,36,36,0],"gold":39,"neow_bonus":"THREE_RARE_CARDS","is_prod":false,"is_daily":false,"chose_seed":false,"campfire_upgraded":4,"win_rate":0,"timestamp":1548282987,"path_taken":["M","?","M","?","M","R","M","M","T","$","?","M","R","?","R","BOSS","M","M","$","?","$","R","?","M","T","?","?","?","?"],"build_version":"2019-01-23","purchased_purges":1,"victory":false,"max_hp_per_floor":[72,72,72,72,72,72,72,72,79,79,73,73,73,73,73,73,73,73,73,73,73,73,73,73,73,73,73,73,73,73],"card_choices":[{"not_picked":["Reaper","Dark Embrace"],"picked":"Bludgeon","floor":0},{"not_picked":["Clash","Feel No Pain"],"picked":"True Grit","floor":1},{"not_picked":["Dual Wield","Perfected Strike"],"picked":"Battle Trance","floor":3},{"not_picked":["Warcry","Body Slam"],"picked":"Limit Break","floor":5},{"not_picked":["Armaments","Twin Strike"],"picked":"Flex","floor":7},{"not_picked":["Wild Strike","Pommel Strike"],"picked":"Cleave","floor":8},{"not_picked":["Headbutt","Battle Trance","Pommel Strike"],"picked":"SKIP","floor":12},{"not_picked":["Offering","Dark Embrace"],"picked":"Demon Form","floor":16},{"not_picked":["Rupture","Sentinel"],"picked":"Rampage","floor":17},{"not_picked":["Body Slam","Headbutt"],"picked":"Dual Wield","floor":17},{"not_picked":["Sword Boomerang","Disarm"],"picked":"Pommel Strike","floor":17},{"not_picked":["Sever Soul","Seeing Red"],"picked":"Pommel Strike","floor":17},{"not_picked":["Metallicize","Clash+1"],"picked":"Heavy Blade","floor":18},{"not_picked":["Dropkick","Headbutt"],"picked":"Armaments+1","floor":19},{"not_picked":["Storm","Body Slam"],"picked":"Conserve Battery","floor":25}],"player_experience":336030,"relics_obtained":[{"floor":9,"key":"Strawberry"},{"floor":26,"key":"The Courier"}],"event_choices":[{"damage_healed":0,"gold_gain":68,"player_choice":"Gained Gold","damage_taken":0,"max_hp_gain":0,"max_hp_loss":0,"event_name":"Golden Wing","floor":2,"gold_loss":0},{"damage_healed":0,"gold_gain":0,"player_choice":"Box","damage_taken":0,"relics_obtained":["Orichalcum"],"max_hp_gain":0,"max_hp_loss":0,"event_name":"Big Fish","floor":4,"gold_loss":0,"cards_obtained":["Regret"]},{"damage_healed":0,"gold_gain":0,"player_choice":"Lose Max HP","damage_taken":0,"relics_obtained":["Golden Idol"],"max_hp_gain":0,"max_hp_loss":6,"event_name":"Golden Idol","floor":11,"gold_loss":0},{"damage_healed":0,"gold_gain":0,"player_choice":"Opened","damage_taken":0,"relics_obtained":["Smiling Mask"],"max_hp_gain":0,"max_hp_loss":0,"event_name":"The Mausoleum","floor":21,"gold_loss":0,"cards_obtained":["Writhe"]},{"damage_healed":0,"gold_gain":99,"player_choice":"Stole From Cult","damage_taken":0,"max_hp_gain":0,"max_hp_loss":0,"event_name":"Nest","floor":24,"gold_loss":0},{"damage_healed":0,"gold_gain":0,"player_choice":"Ignored","damage_taken":0,"max_hp_gain":0,"max_hp_loss":0,"event_name":"Cursed Tome","floor":27,"gold_loss":0},{"damage_healed":0,"gold_gain":0,"player_choice":"Obtained Relic","damage_taken":0,"relics_obtained":["Centennial Puzzle"],"max_hp_gain":0,"max_hp_loss":0,"event_name":"Addict","floor":28,"gold_loss":85},{"damage_healed":0,"gold_gain":0,"player_choice":"Forge","damage_taken":0,"max_hp_gain":0,"max_hp_loss":0,"event_name":"Accursed Blacksmith","floor":29,"gold_loss":0,"cards_upgraded":["Demon Form"]}],"is_beta":false,"boss_relics":[{"not_picked":["White Beast Statue","Fusion Hammer"],"picked":"Orrery"}],"items_purged_floors":[10],"is_endless":false,"potions_floor_spawned":[5,7,8,12,25],"killed_by":"Shelled Parasite and Fungi","ascension_level":0}