{"gold_per_floor":[117,128,94,114,131,162,162,191,191,206,206,222,174,192,192,294,294,314,286,306,5,5,34,34,53,80,80,108,108,108,123,123,220,220,237,249,249,263,282,282,294,324,350,350,381,381,395,414,414,414],"floor_reached":51,"playtime":5038,"items_purged":["Strike_G"],"score":738,"play_id":"d1bffb41-af29-4772-b718-22b136041d24","local_time":"20190301195250","is_ascension_mode":false,"campfire_choices":[{"data":"Neutralize","floor":7.0,"key":"SMITH"},{"data":"Footwork","floor":11.0,"key":"SMITH"},{"data":"Footwork","floor":15.0,"key":"SMITH"},{"data":"Noxious Fumes","floor":24.0,"key":"SMITH"},{"data":"A Thousand Cuts","floor":27.0,"key":"SMITH"},{"data":"Caltrops","floor":29.0,"key":"SMITH"},{"data":"Footwork","floor":32.0,"key":"SMITH"},{"data":"After Image","floor":40.0,"key":"SMITH"},{"floor":46,"key":"REST"},{"data":"Noxious Fumes","floor":49,"key":"SMITH"}],"neow_cost":"NONE","seed_source_timestamp":12452561143900,"circlet_count":0,"master_deck":["Defend_G","Defend_G","Defend_G","Defend_G+1","Defend_G","Survivor+1","Neutralize+1","Footwork+1","Flying Knee","Footwork+1","Dagger Spray","Infinite Blades","Sucker Punch","Caltrops+1","Dodge and Roll","PiercingWail","Masterful Stab","A Thousand Cuts+1","Footwork+1","Cloak And Dagger+1","Blur+1","PiercingWail","Backflip","Noxious Fumes+1","PiercingWail+1","Die Die Die","Crippling Poison+1","After Image+1","Bullet Time+1","Riddle With Holes+1","Distraction+1","Concentrate+1","Cloak And Dagger+1","Cloak And Dagger+1","Backflip+1","Noxious Fumes+1","Leg Sweep+1"],"special_seed":0,"relics":["Ring of the Snake","NeowsBlessing","Blood Vial","Potion Belt","Centennial Puzzle","Orrery","Orichalcum","Pantograph","Toxic Egg 2","Boot","Art of War","Astrolabe","Happy Flower","PreservedInsect","Oddly Smooth Stone","War Paint"],"potions_floor_usage":[50],"damage_taken":[{"damage":0.0,"enemies":"Cultist","floor":1.0,"turns":1.0},{"damage":0.0,"enemies":"Small Slimes","floor":2.0,"turns":1.0},{"damage":0.0,"enemies":"2 Louse","floor":4.0,"turns":1.0},{"damage":0.0,"enemies":"Blue Slaver","floor":5.0,"turns":7.0},{"damage":10.0,"enemies":"3 Sentries","floor":6.0,"turns":9.0},{"damage":2.0,"enemies":"Gremlin Nob","floor":8.0,"turns":5.0},{"damage":3.0,"enemies":"Looter","floor":10.0,"turns":4.0},{"damage":0.0,"enemies":"Exordium Wildlife","floor":12.0,"turns":5.0},{"damage":0.0,"enemies":"Lots of Slimes","floor":14.0,"turns":3.0},{"damage":47.0,"enemies":"Slime Boss","floor":16.0,"turns":13.0},{"damage":0.0,"enemies":"Chosen","floor":18.0,"turns":7.0},{"damage":20.0,"enemies":"2 Thieves","floor":19.0,"turns":5.0},{"damage":1.0,"enemies":"Centurion and Healer","floor":20.0,"turns":10.0},{"damage":5.0,"enemies":"Book of Stabbing","floor":23.0,"turns":8.0},{"damage":3.0,"enemies":"Cultist and Chosen","floor":25.0,"turns":7.0},{"damage":24.0,"enemies":"Gremlin Leader","floor":28.0,"turns":7.0},{"damage":12.0,"enemies":"Snecko","floor":31.0,"turns":7.0},{"damage":24.0,"enemies":"Collector","floor":33.0,"turns":11.0},{"damage":9.0,"enemies":"3 Darklings","floor":35.0,"turns":7.0},{"damage":3.0,"enemies":"Orb Walker","floor":36.0,"turns":4.0},{"damage":1.0,"enemies":"3 Darklings","floor":38.0,"turns":5.0},{"damage":3.0,"enemies":"Maw","floor":39.0,"turns":8.0},{"damage":2.0,"enemies":"Transient","floor":41.0,"turns":5.0},{"damage":31.0,"enemies":"Reptomancer","floor":42.0,"turns":8.0},{"damage":7,"enemies":"Giant Head","floor":45,"turns":10},{"damage":10,"enemies":"Jaw Worm Horde","floor":47,"turns":5},{"damage":4,"enemies":"3 Darklings","floor":48,"turns":7},{"damage":38,"enemies":"Donu and Deca","floor":50,"turns":11}],"seed_played":"-4078243329949740337","potions_obtained":[{"floor":2.0,"key":"Dexterity Potion"},{"floor":4.0,"key":"FearPotion"},{"floor":6.0,"key":"Dexterity Potion"},{"floor":12.0,"key":"SteroidPotion"},{"floor":16.0,"key":"SkillPotion"},{"floor":20.0,"key":"Swift Potion"},{"floor":23.0,"key":"Regen Potion"},{"floor":31.0,"key":"Regen Potion"},{"floor":33.0,"key":"SteroidPotion"},{"floor":38.0,"key":"GamblersBrew"},{"floor":39.0,"key":"FearPotion"},{"floor":42.0,"key":"Explosive Potion"},{"floor":48,"key":"Ancient Potion"}],"is_trial":false,"path_per_floor":["M","M","$","M","M","E","R","E","T","M","R","M","$","M","R","B",null,"M","M","M","$","T","E","R","M","T","R","E","R","?","M","R","B",null,"M","M","T","M","M","R","M","E","T","?","E","R","M","M","R","B",null],"character_chosen":"THE_SILENT","items_purchased":["Footwork","PiercingWail","Noxious Fumes","Orichalcum"],"campfire_rested":1,"item_purchase_floors":[3,13,21,21],"current_hp_per_floor":[70,70,70,70,70,60,60,60,60,59,59,61,61,63,63,18,70,70,50,51,51,51,48,48,47,47,47,40,40,40,30,30,48,70,61,60,60,61,60,60,60,31,31,31,26,47,39,37,37,26],"gold":414,"neow_bonus":"THREE_ENEMY_KILL","is_prod":false,"is_daily":false,"chose_seed":false,"campfire_upgraded":9,"win_rate":0,"timestamp":1551498770,"path_taken":["M","M","$","M","M","E","R","E","T","M","R","M","$","M","R","BOSS","M","?","M","$","?","E","R","?","T","R","E","R","?","M","R","BOSS","M","M","?","M","M","R","?","E","T","?","E","R","M","M","R","BOSS"],"build_version":"2019-01-23","purchased_purges":1,"victory":true,"max_hp_per_floor":[70,70,70,70,70,70,70,70,70,70,70,70,70,70,70,70,70,70,70,70,70,70,70,70,70,70,70,70,70,70,70,70,70,70,70,70,70,70,70,70,70,70,70,70,70,70,70,70,70,70],"card_choices":[{"not_picked":["Backflip","Well Laid Plans"],"picked":"Footwork","floor":1.0},{"not_picked":["Distraction","Deflect"],"picked":"Flying Knee","floor":2.0},{"not_picked":["Blade Dance","Dodge and Roll"],"picked":"Dagger Spray","floor":4.0},{"not_picked":["Dagger Spray","PiercingWail"],"picked":"Infinite Blades","floor":5.0},{"not_picked":["Doppelganger","Outmaneuver"],"picked":"Sucker Punch","floor":6.0},{"not_picked":["Corpse Explosion","Dagger Throw"],"picked":"Caltrops","floor":8.0},{"not_picked":["Setup","Bouncing Flask"],"picked":"Dodge and Roll","floor":10.0},{"not_picked":["Flying Knee","Distraction","Underhanded Strike"],"picked":"SKIP","floor":12.0},{"not_picked":["Deflect","Outmaneuver"],"picked":"Masterful Stab","floor":14.0},{"not_picked":["Wraith Form v2","Grand Finale"],"picked":"A Thousand Cuts","floor":16.0},{"not_picked":["Prepared","Finisher"],"picked":"Footwork","floor":17.0},{"not_picked":["Outmaneuver","Backflip"],"picked":"Cloak And Dagger","floor":17.0},{"not_picked":["Heel Hook","Outmaneuver"],"picked":"Blur+1","floor":18.0},{"not_picked":["Slice","Burst"],"picked":"PiercingWail","floor":19.0},{"not_picked":["Slice","Concentrate"],"picked":"Backflip","floor":20.0},{"not_picked":["Tactician","Prepared","Blade Dance"],"picked":"SKIP","floor":23.0},{"not_picked":["Storm of Steel+1","Footwork","Slice+1"],"picked":"SKIP","floor":25.0},{"not_picked":["Dagger Spray","Catalyst+1"],"picked":"PiercingWail+1","floor":28.0},{"not_picked":["Slice+1","Flechettes+1"],"picked":"Crippling Poison+1","floor":31.0},{"not_picked":["Burst+1","Grand Finale"],"picked":"After Image","floor":33.0},{"not_picked":["Dagger Spray","Accuracy+1"],"picked":"Concentrate+1","floor":35.0},{"not_picked":["Deadly Poison+1","All Out Attack+1","Sucker Punch"],"picked":"SKIP","floor":36.0},{"not_picked":["Dagger Throw+1","Acrobatics+1"],"picked":"Cloak And Dagger+1","floor":38.0},{"not_picked":["Slice","Underhanded Strike"],"picked":"Cloak And Dagger+1","floor":39.0},{"not_picked":["Bane","Flying Knee+1","Underhanded Strike"],"picked":"SKIP","floor":41.0},{"not_picked":["Envenom","Escape Plan+1"],"picked":"Backflip+1","floor":42.0},{"not_picked":["Bane","Flechettes"],"picked":"Noxious Fumes","floor":45},{"not_picked":["Setup+1","Slice","Crippling Poison+1"],"picked":"SKIP","floor":47},{"not_picked":["Dodge and Roll+1","Blade Dance+1"],"picked":"Leg Sweep+1","floor":48}],"player_experience":96615,"relics_obtained":[{"floor":6.0,"key":"Blood Vial"},{"floor":8.0,"key":"Potion Belt"},{"floor":9.0,"key":"Centennial Puzzle"},{"floor":22.0,"key":"Pantograph"},{"floor":23.0,"key":"Toxic Egg 2"},{"floor":26.0,"key":"Boot"},{"floor":28.0,"key":"Art of War"},{"floor":37.0,"key":"Happy Flower"},{"floor":42.0,"key":"PreservedInsect"},{"floor":43.0,"key":"Oddly Smooth Stone"},{"floor":45,"key":"War Paint"}],"event_choices":[{"damage_healed":0.0,"max_hp_gain":0.0,"max_hp_loss":0.0,"gold_gain":0.0,"cards_transformed":["Strike_G"],"event_name":"Transmorgrifier","player_choice":"Transformed","floor":30.0,"gold_loss":0.0,"damage_taken":0.0,"cards_obtained":["Die Die Die"]},{"damage_healed":0.0,"max_hp_gain":0.0,"max_hp_loss":0.0,"gold_gain":0.0,"event_name":"Upgrade Shrine","player_choice":"Upgraded","floor":44.0,"gold_loss":0.0,"damage_taken":0.0,"cards_upgraded":["Cloak And Dagger"]}],"is_beta":false,"boss_relics":[{"not_picked":["HoveringKite","Fusion Hammer"],"picked":"Orrery"},{"not_picked":["Lizard Tail","Tiny House"],"picked":"Astrolabe"}],"items_purged_floors":[21],"is_endless":false,"potions_floor_spawned":[2,4,6,12,16,20,23,31,33,38,39,42,48],"ascension_level":0}