{"gold_per_floor":[112,122,135,135,147,147,174,174,174,201,221,221,221,231,231,334,334,259,259,259,259,259,259,259],"floor_reached":24,"playtime":1914,"items_purged":[],"score":326,"play_id":"b43dc97f-c9f4-4151-ac9b-f3f92fe4be62","local_time":"20190204104644","is_ascension_mode":true,"campfire_choices":[{"floor":6.0,"key":"REST"},{"floor":8.0,"key":"REST"},{"floor":12.0,"key":"REST"},{"data":"Demon Form","floor":15.0,"key":"SMITH"},{"floor":23,"key":"REST"}],"neow_cost":"NONE","seed_source_timestamp":0,"circlet_count":0,"master_deck":["AscendersBane","Strike_R","Strike_R","Defend_R","Defend_R","Defend_R","Defend_R","Bash","Sever Soul","Whirlwind","Iron Wave","Demon Form+1","Armaments","Shrug It Off","Seeing Red","Evolve","Flame Barrier","Limit Break","Flame Barrier","Inflame"],"special_seed":0,"relics":["Burning Blood","Matryoshka","Red Skull","Pantograph","Bag of Marbles","Ectoplasm","Ancient Tea Set","Shovel"],"potions_floor_usage":[21,24],"damage_taken":[{"damage":13.0,"enemies":"Jaw Worm","floor":1.0,"turns":4.0},{"damage":6.0,"enemies":"Cultist","floor":2.0,"turns":3.0},{"damage":12.0,"enemies":"Small Slimes","floor":3.0,"turns":2.0},{"damage":23.0,"enemies":"Red Slaver","floor":5.0,"turns":6.0},{"damage":32.0,"enemies":"Gremlin Nob","floor":7.0,"turns":5.0},{"damage":22.0,"enemies":"Lagavulin","floor":10.0,"turns":10.0},{"damage":13.0,"enemies":"Blue Slaver","floor":11.0,"turns":2.0},{"damage":0.0,"enemies":"Gremlin Gang","floor":14.0,"turns":6.0},{"damage":76.0,"enemies":"Hexaghost","floor":16.0,"turns":11.0},{"damage":22,"enemies":"2 Thieves","floor":18,"turns":5},{"damage":15,"enemies":"3 Byrds","floor":19,"turns":3},{"damage":23,"enemies":"Shelled Parasite and Fungi","floor":21,"turns":4},{"damage":12,"enemies":"Centurion and Healer","floor":22,"turns":6},{"damage":42,"enemies":"Snake Plant","floor":24,"turns":3}],"seed_played":"-6398645994455826175","potions_obtained":[{"floor":1.0,"key":"LiquidBronze"},{"floor":2.0,"key":"GamblersBrew"},{"floor":10.0,"key":"Poison Potion"},{"floor":11.0,"key":"BloodPotion"},{"floor":16.0,"key":"Swift Potion"}],"is_trial":false,"path_per_floor":["M","M","M","?","M","R","E","R","T","E","M","R","?","M","R","B",null,"M","M","T","M","M","R","M"],"character_chosen":"IRONCLAD","items_purchased":[],"campfire_rested":4,"item_purchase_floors":[],"current_hp_per_floor":[65,65,59,59,42,66,40,64,64,48,41,65,65,79,79,10,63,47,38,38,21,15,39,0],"gold":259,"neow_bonus":"TRANSFORM_CARD","is_prod":false,"is_daily":false,"chose_seed":false,"campfire_upgraded":1,"win_rate":0,"timestamp":1549295204,"path_taken":["M","M","M","?","?","R","E","R","T","E","M","R","?","M","R","BOSS","M","M","?","M","M","R","M"],"build_version":"2019-01-23","purchased_purges":0,"victory":false,"max_hp_per_floor":[80,80,80,80,80,80,80,80,80,80,80,80,80,80,80,80,80,80,80,80,80,80,80,80],"card_choices":[{"not_picked":["Rage","Anger"],"picked":"Whirlwind","floor":1.0},{"not_picked":["Heavy Blade","Clash"],"picked":"Iron Wave","floor":2.0},{"not_picked":["Bloodletting","Warcry","Fire Breathing"],"picked":"SKIP","floor":3.0},{"not_picked":["Bloodletting","Perfected Strike"],"picked":"Armaments","floor":5.0},{"not_picked":["Rampage","Impervious"],"picked":"Shrug It Off","floor":7.0},{"not_picked":["Hemokinesis","Armaments"],"picked":"Seeing Red","floor":10.0},{"not_picked":["Body Slam","Whirlwind"],"picked":"Evolve","floor":11.0},{"not_picked":["Blood for Blood","Rupture"],"picked":"Flame Barrier","floor":14.0},{"not_picked":["Exhume","Offering"],"picked":"Limit Break","floor":16.0},{"not_picked":["Flex","Cleave"],"picked":"Flame Barrier","floor":18},{"not_picked":["Flex+1","Heavy Blade","Cleave"],"picked":"SKIP","floor":19},{"not_picked":["Fire Breathing","Spot Weakness"],"picked":"Inflame","floor":21},{"not_picked":["Wild Strike+1","Blood for Blood","Rampage"],"picked":"SKIP","floor":22}],"player_experience":1102844,"relics_obtained":[{"floor":7.0,"key":"Matryoshka"},{"floor":9.0,"key":"Red Skull"},{"floor":9.0,"key":"Pantograph"},{"floor":10.0,"key":"Bag of Marbles"},{"floor":20,"key":"Ancient Tea Set"},{"floor":20,"key":"Shovel"}],"event_choices":[{"damage_healed":0.0,"max_hp_gain":0.0,"max_hp_loss":0.0,"gold_gain":0.0,"cards_transformed":["Strike_R"],"event_name":"Transmorgrifier","player_choice":"Transformed","floor":4.0,"gold_loss":0.0,"damage_taken":0.0,"cards_obtained":["Demon Form"]},{"cards_removed":["Strike_R"],"damage_healed":0.0,"max_hp_gain":0.0,"max_hp_loss":0.0,"gold_gain":0.0,"event_name":"Purifier","player_choice":"Purged","floor":13.0,"gold_loss":0.0,"damage_taken":0.0}],"is_beta":false,"boss_relics":[{"not_picked":["Astrolabe","Tiny House"],"picked":"Ectoplasm"}],"items_purged_floors":[],"is_endless":false,"potions_floor_spawned":[1,2,10,11,16,18,19],"killed_by":"Snake Plant","ascension_level":11}