{"gold_per_floor":[117,117,192,39,58,58,91,91,166,501,515,542,542,542,542,645,645,619,619,340,359,284,313,73,86,86,167,195,221,250,58,58,155,155,173,173,137,137,148,174,194,220,220,49,64,64,77,96,96,96],"floor_reached":51,"playtime":2234,"items_purged":[],"score":943,"play_id":"997c2524-13f8-425a-9643-d02d63697a7b","local_time":"20190111115857","is_ascension_mode":true,"campfire_choices":[{"data":"Sword Boomerang","floor":6,"key":"SMITH"},{"data":"Shrug It Off","floor":8,"key":"SMITH"},{"floor":15,"key":"REST"},{"floor":32,"key":"REST"},{"floor":46,"key":"REST"},{"data":"Corruption","floor":49,"key":"SMITH"}],"neow_cost":"NONE","seed_source_timestamp":63074939805042,"circlet_count":0,"master_deck":["Strike_R","Strike_R","Strike_R","Defend_R","Defend_R","Defend_R","Defend_R","Bash","Twin Strike+1","Sword Boomerang+1","Shrug It Off+1","Corruption+1","Pummel","Heavy Blade","Feel No Pain","Armaments","Reaper","Limit Break","Flex+1","Flame Barrier","Warcry","Flex","True Grit","Havoc+1","Shrug It Off","Sentinel","Evolve+1","Wild Strike","Dark Embrace+1","Pummel+1","Enlightenment","Apotheosis","Enlightenment","Metallicize+1","Madness","Madness","Havoc","Limit Break","Spot Weakness+1","Shrug It Off","Sword Boomerang","Shockwave","Wild Strike+1","Flex","Flame Barrier"],"relics":["Black Blood","NeowsBlessing","Omamori","Singing Bowl","Old Coin","Bottled Tornado","Torii","Runic Pyramid","Mercury Hourglass","Frozen Egg 2","Membership Card","Meat on the Bone","Self Forming Clay","MawBank","Paper Frog","Vajra","Whetstone","Ornamental Fan","Medical Kit"],"potions_floor_usage":[12,12,16,16,28,29,41,48],"damage_taken":[{"damage":0,"enemies":"Small Slimes","floor":1,"turns":2},{"damage":0,"enemies":"Jaw Worm","floor":5,"turns":1},{"damage":0,"enemies":"Lagavulin","floor":7,"turns":1},{"damage":43,"enemies":"Gremlin Nob","floor":10,"turns":5},{"damage":5,"enemies":"Cultist","floor":11,"turns":4},{"damage":32,"enemies":"Lagavulin","floor":12,"turns":7},{"damage":30,"enemies":"Hexaghost","floor":16,"turns":11},{"damage":46,"enemies":"2 Thieves","floor":18,"turns":5},{"damage":1,"enemies":"Shell Parasite","floor":21,"turns":4},{"damage":43,"enemies":"Slavers","floor":23,"turns":5},{"damage":14,"enemies":"3 Cultists","floor":25,"turns":5},{"damage":28,"enemies":"Gremlin Leader","floor":28,"turns":6},{"damage":11,"enemies":"Centurion and Healer","floor":29,"turns":5},{"damage":13,"enemies":"Cultist and Chosen","floor":30,"turns":6},{"damage":67,"enemies":"Collector","floor":33,"turns":8},{"damage":8,"enemies":"Orb Walker","floor":35,"turns":4},{"damage":12,"enemies":"3 Darklings","floor":39,"turns":5},{"damage":1,"enemies":"Nemesis","floor":40,"turns":5},{"damage":64,"enemies":"4 Shapes","floor":41,"turns":5},{"damage":14,"enemies":"Jaw Worm Horde","floor":45,"turns":3},{"damage":56,"enemies":"Sphere and 2 Shapes","floor":47,"turns":4},{"damage":0,"enemies":"Spire Growth","floor":48,"turns":2},{"damage":19,"enemies":"Donu and Deca","floor":50,"turns":6}],"seed_played":"4832083010862648344","potions_obtained":[{"floor":1,"key":"SkillPotion"},{"floor":7,"key":"LiquidBronze"},{"floor":11,"key":"Poison Potion"},{"floor":12,"key":"PowerPotion"},{"floor":23,"key":"Strength Potion"},{"floor":28,"key":"AttackPotion"},{"floor":30,"key":"Swift Potion"},{"floor":35,"key":"Energy Potion"},{"floor":39,"key":"BloodPotion"},{"floor":41,"key":"Block Potion"}],"is_trial":false,"path_per_floor":["M","?","?","$","M","R","E","R","T","E","M","E","?","?","R","B",null,"M","?","$","M","?","E","$","M","T","T","E","M","M","$","R","B",null,"M","?","$","?","M","E","M","T","T","$","M","R","M","M","R","B",null],"character_chosen":"IRONCLAD","items_purchased":["Sword Boomerang","Shrug It Off","Corruption","Flame Barrier","Mercury Hourglass","Membership Card","Flex","True Grit","Sentinel","Evolve+1","Wild Strike","Paper Frog","Metallicize+1","Medical Kit","Shrug It Off","Sword Boomerang","Shockwave"],"campfire_rested":3,"item_purchase_floors":[4,4,4,20,20,24,24,24,31,31,31,31,37,44,44,44,44],"current_hp_per_floor":[80,80,69,69,75,75,80,80,80,43,44,18,18,18,42,22,80,48,48,48,55,55,33,33,47,47,47,51,50,55,55,80,43,86,86,76,76,65,72,81,48,48,48,48,56,81,76,86,86,86],"gold":96,"neow_bonus":"THREE_ENEMY_KILL","is_prod":false,"is_daily":false,"chose_seed":false,"campfire_upgraded":3,"win_rate":0,"timestamp":1547236737,"path_taken":["M","?","?","$","M","R","E","R","T","E","?","E","?","?","R","BOSS","M","?","?","M","?","E","$","M","T","?","E","M","M","$","R","BOSS","M","?","$","?","M","E","?","?","T","$","M","R","M","M","R","BOSS"],"build_version":"2019-01-10","purchased_purges":0,"victory":true,"max_hp_per_floor":[80,80,80,80,80,80,80,80,80,80,80,80,80,80,80,80,80,80,80,80,82,82,82,82,84,84,84,86,86,86,86,86,86,86,86,86,86,86,86,86,86,86,86,86,86,86,86,86,86,86],"card_choices":[{"not_picked":["Hemokinesis","Flex"],"picked":"Twin Strike","floor":1},{"not_picked":["Sentinel","Evolve"],"picked":"Corruption","floor":5},{"not_picked":["Pommel Strike","Ghostly Armor"],"picked":"Pummel","floor":7},{"not_picked":["Clash","Wild Strike"],"picked":"Heavy Blade","floor":10},{"not_picked":["Dual Wield","Pommel Strike"],"picked":"Feel No Pain","floor":11},{"not_picked":["Blood for Blood","Power Through"],"picked":"Armaments","floor":12},{"not_picked":["Offering","Berserk"],"picked":"Limit Break","floor":16},{"not_picked":["Sever Soul","Rupture"],"picked":"Flex+1","floor":18},{"not_picked":["Thunderclap","Clash","True Grit"],"picked":"Singing Bowl","floor":21},{"not_picked":["Perfected Strike","Feed"],"picked":"Warcry","floor":23},{"not_picked":["Warcry+1","Burning Pact","Dropkick"],"picked":"Singing Bowl","floor":25},{"not_picked":["Whirlwind","Searing Blow+1","Anger"],"picked":"Singing Bowl","floor":28},{"not_picked":["Cleave+1","Wild Strike+1"],"picked":"Havoc+1","floor":29},{"not_picked":["Rampage","Headbutt"],"picked":"Shrug It Off","floor":30},{"not_picked":["Barricade+1","Impervious"],"picked":"Dark Embrace+1","floor":33},{"not_picked":["Flame Barrier+1","Blood for Blood"],"picked":"Pummel","floor":35},{"not_picked":["HandOfGreed","Impatience"],"picked":"Enlightenment","floor":36},{"not_picked":["Metamorphosis","HandOfGreed"],"picked":"Apotheosis","floor":36},{"not_picked":["Forethought","Purity"],"picked":"Enlightenment","floor":36},{"not_picked":["Warcry","Clash+1"],"picked":"Havoc","floor":39},{"not_picked":["Perfected Strike","Evolve+1"],"picked":"Limit Break","floor":40},{"not_picked":["Flame Barrier","Pommel Strike"],"picked":"Spot Weakness+1","floor":41},{"not_picked":["Pommel Strike+1","Uppercut"],"picked":"Wild Strike+1","floor":45},{"not_picked":["Warcry","Thunderclap"],"picked":"Flex","floor":47},{"not_picked":["Clothesline","Headbutt+1"],"picked":"Flame Barrier","floor":48}],"player_experience":151653,"relics_obtained":[{"floor":7,"key":"Omamori"},{"floor":9,"key":"Singing Bowl"},{"floor":10,"key":"Old Coin"},{"floor":12,"key":"Bottled Tornado"},{"floor":23,"key":"Frozen Egg 2"},{"floor":26,"key":"Meat on the Bone"},{"floor":27,"key":"Self Forming Clay"},{"floor":28,"key":"MawBank"},{"floor":40,"key":"Vajra"},{"floor":42,"key":"Whetstone"},{"floor":43,"key":"Ornamental Fan"}],"event_choices":[{"damage_healed":0,"gold_gain":0,"player_choice":"Leave","damage_taken":0,"max_hp_gain":0,"max_hp_loss":0,"event_name":"The Cleric","floor":2,"gold_loss":0},{"damage_healed":0,"gold_gain":75,"player_choice":"Gather Gold","damage_taken":11,"max_hp_gain":0,"max_hp_loss":0,"event_name":"World of Goop","floor":3,"gold_loss":0},{"damage_healed":0,"gold_gain":0,"player_choice":"Searched \u00271\u0027 times","damage_taken":0,"relics_obtained":["Torii"],"max_hp_gain":0,"max_hp_loss":0,"event_name":"Dead Adventurer","floor":13,"gold_loss":0},{"damage_healed":0,"gold_gain":0,"cards_transformed":["Corruption"],"player_choice":"Change","damage_taken":0,"max_hp_gain":0,"max_hp_loss":0,"event_name":"Living Wall","floor":14,"gold_loss":0,"cards_obtained":["Reaper"]},{"cards_removed":["Strike_R"],"damage_healed":0,"gold_gain":0,"player_choice":"Purged","damage_taken":0,"max_hp_gain":0,"max_hp_loss":0,"event_name":"Purifier","floor":19,"gold_loss":0},{"cards_removed":["Strike_R"],"damage_healed":0,"gold_gain":0,"player_choice":"Gave Gold","damage_taken":0,"max_hp_gain":0,"max_hp_loss":0,"event_name":"Beggar","floor":22,"gold_loss":75},{"damage_healed":0,"gold_gain":0,"player_choice":"Memory 3","damage_taken":10,"max_hp_gain":0,"max_hp_loss":0,"event_name":"SensoryStone","floor":36,"gold_loss":0},{"damage_healed":0,"gold_gain":0,"player_choice":"Embrace Madness","damage_taken":11,"max_hp_gain":0,"max_hp_loss":0,"event_name":"Winding Halls","floor":38,"gold_loss":0,"cards_obtained":["Madness","Madness"]}],"is_beta":false,"boss_relics":[{"not_picked":["White Beast Statue","Velvet Choker"],"picked":"Runic Pyramid"},{"not_picked":["Eternal Feather","Fusion Hammer"],"picked":"Black Blood"}],"items_purged_floors":[],"is_endless":false,"potions_floor_spawned":[1,7,11,12,23,28,30,35,39,40,41],"ascension_level":3}