{"gold_per_floor":[118,129,129,109,123,123,136,172,172,172,191,209,209,244,244,337,337,321,321,335,355,22,22,60,60,60,60],"floor_reached":27,"playtime":1887,"items_purged":["Strike_G"],"score":425,"play_id":"c1d9a203-3326-4a0e-b86b-79b959e6e01d","local_time":"20190303003504","is_ascension_mode":true,"campfire_choices":[{"data":"Neutralize","floor":6,"key":"SMITH"},{"floor":10,"key":"REST"},{"floor":13,"key":"REST"},{"floor":15,"key":"REST"},{"floor":23,"key":"REST"},{"floor":25,"key":"REST"}],"neow_cost":"NONE","seed_source_timestamp":185619451642000,"circlet_count":0,"master_deck":["AscendersBane","Defend_G","Defend_G","Defend_G","Defend_G","Defend_G","Strike_G","Strike_G","Strike_G","Survivor","Neutralize+1","Unload","Slice","PiercingWail","Sucker Punch","Infinite Blades","Terror","Underhanded Strike","PiercingWail","Skewer","After Image","Dash","Backstab+1","Blur","Infinite Blades"],"relics":["Ring of the Snake","Golden Idol","Calipers","FossilizedHelix","Ginger","Philosopher\u0027s Stone","Question Card","PreservedInsect","Girya"],"potions_floor_usage":[11,16,16,20,27],"damage_taken":[{"damage":2,"enemies":"Jaw Worm","floor":1,"turns":4},{"damage":2,"enemies":"Small Slimes","floor":2,"turns":3},{"damage":5,"enemies":"Cultist","floor":5,"turns":4},{"damage":3,"enemies":"Looter","floor":7,"turns":4},{"damage":24,"enemies":"Lagavulin","floor":8,"turns":7},{"damage":26,"enemies":"Exordium Thugs","floor":11,"turns":8},{"damage":11,"enemies":"Red Slaver","floor":12,"turns":5},{"damage":22,"enemies":"3 Sentries","floor":14,"turns":9},{"damage":6,"enemies":"Hexaghost","floor":16,"turns":9},{"damage":0,"enemies":"2 Thieves","floor":18,"turns":4},{"damage":0,"enemies":"Chosen","floor":20,"turns":6},{"damage":15,"enemies":"Snecko","floor":21,"turns":6},{"damage":50,"enemies":"Slavers","floor":24,"turns":10},{"damage":30,"enemies":"Gremlin Leader","floor":27,"turns":4}],"seed_played":"5890676997600834668","potions_obtained":[{"floor":2,"key":"Ancient Potion"},{"floor":4,"key":"LiquidBronze"},{"floor":8,"key":"Weak Potion"},{"floor":12,"key":"PowerPotion"},{"floor":16,"key":"SpeedPotion"},{"floor":18,"key":"SteroidPotion"}],"is_trial":false,"path_per_floor":["M","M","?","?","M","R","M","E","T","R","M","M","R","E","R","B",null,"M","?","M","M","$","R","E","R","T","E"],"character_chosen":"THE_SILENT","items_purchased":["Question Card"],"campfire_rested":5,"item_purchase_floors":[22],"current_hp_per_floor":[57,55,55,55,50,50,47,23,23,42,16,5,24,2,21,15,53,53,53,53,38,38,57,7,26,26,0],"gold":60,"neow_bonus":"TRANSFORM_CARD","is_prod":false,"is_daily":false,"chose_seed":false,"campfire_upgraded":1,"win_rate":0,"timestamp":1551591304,"path_taken":["M","M","?","?","M","R","M","E","T","R","?","M","R","E","R","BOSS","M","?","M","M","$","R","E","R","T","E"],"build_version":"2019-01-23","purchased_purges":1,"victory":false,"max_hp_per_floor":[66,66,66,66,66,66,66,66,66,66,66,66,66,66,66,66,66,66,66,66,66,66,66,66,66,66,66],"card_choices":[{"not_picked":["Quick Slash","Prepared"],"picked":"Slice","floor":1},{"not_picked":["Flying Knee","Quick Slash"],"picked":"PiercingWail","floor":2},{"not_picked":["Acrobatics","Dagger Throw"],"picked":"Sucker Punch","floor":5},{"not_picked":["Prepared","Slice"],"picked":"Infinite Blades","floor":7},{"not_picked":["Underhanded Strike","Tactician"],"picked":"Terror","floor":8},{"not_picked":["Endless Agony","Flying Knee"],"picked":"Underhanded Strike","floor":11},{"not_picked":["Acrobatics","Caltrops"],"picked":"PiercingWail","floor":12},{"not_picked":["Glass Knife","Quick Slash"],"picked":"Skewer","floor":14},{"not_picked":["Doppelganger","Venomology"],"picked":"After Image","floor":16},{"not_picked":["Outmaneuver+1","Dodge and Roll"],"picked":"Dash","floor":18},{"not_picked":["Masterful Stab","Bane"],"picked":"Backstab+1","floor":20},{"not_picked":["Flying Knee","Poisoned Stab"],"picked":"Blur","floor":21},{"not_picked":["Choke","Underhanded Strike","Blade Dance"],"picked":"Infinite Blades","floor":24}],"player_experience":1439124,"relics_obtained":[{"floor":8,"key":"Calipers"},{"floor":9,"key":"FossilizedHelix"},{"floor":14,"key":"Ginger"},{"floor":24,"key":"PreservedInsect"},{"floor":26,"key":"Girya"}],"event_choices":[{"damage_healed":0,"gold_gain":0,"player_choice":"Take Wound","damage_taken":0,"relics_obtained":["Golden Idol"],"max_hp_gain":0,"max_hp_loss":0,"event_name":"Golden Idol","floor":3,"gold_loss":0,"cards_obtained":["Injury"]},{"damage_healed":0,"gold_gain":0,"player_choice":"Bought 1 Potion","damage_taken":0,"max_hp_gain":0,"max_hp_loss":0,"event_name":"The Woman in Blue","floor":4,"gold_loss":0},{"cards_removed":["Injury"],"damage_healed":0,"gold_gain":0,"player_choice":"Removed Curses","damage_taken":0,"max_hp_gain":0,"max_hp_loss":0,"event_name":"Fountain of Cleansing","floor":19,"gold_loss":0}],"is_beta":false,"boss_relics":[{"not_picked":["Velvet Choker","WristBlade"],"picked":"Philosopher\u0027s Stone"}],"items_purged_floors":[22],"is_endless":false,"potions_floor_spawned":[2,8,12,16,18],"killed_by":"Gremlin Leader","ascension_level":15}