{"gold_per_floor":[115,115,65,84,84,84,127,127,127,127,162,189,43,56,56,187,187,212,30,30,49,49,49,60,60],"floor_reached":25,"playtime":1069,"items_purged":["Strike_R"],"score":217,"play_id":"36691027-8a89-42df-ab18-25c052c5bab7","local_time":"20181106185240","is_ascension_mode":true,"campfire_choices":[{"data":"Flex","floor":6,"key":"SMITH"},{"data":"Heavy Blade","floor":8,"key":"SMITH"},{"data":"True Grit","floor":10,"key":"SMITH"},{"data":"Flex","floor":15,"key":"SMITH"},{"data":"Limit Break","floor":23,"key":"SMITH"}],"neow_cost":"NONE","seed_source_timestamp":256338290390065,"circlet_count":0,"master_deck":["Bash","Bludgeon","Heavy Blade+1","Flex+1","True Grit+1","Rupture","Flex+1","Metallicize","Limit Break+1","Clash","Blood for Blood","Clothesline","Hemokinesis","Hemokinesis","Dual Wield","Pommel Strike","Rupture+1","Armaments","Flex","Whirlwind","Sword Boomerang","True Grit","True Grit"],"relics":["Burning Blood","Bloody Idol","Boot","Pantograph","Odd Mushroom","Regal Pillow","Pandora\u0027s Box"],"potions_floor_usage":[11,24,25],"damage_taken":[{"damage":6,"enemies":"Small Slimes","floor":1,"turns":2},{"damage":1,"enemies":"2 Louse","floor":4,"turns":2},{"damage":31,"enemies":"3 Sentries","floor":7,"turns":7},{"damage":7,"enemies":"The Mushroom Lair","floor":11,"turns":3},{"damage":3,"enemies":"Cultist","floor":14,"turns":4},{"damage":40,"enemies":"The Guardian","floor":16,"turns":11},{"damage":25,"enemies":"2 Thieves","floor":18,"turns":3},{"damage":32,"enemies":"Shell Parasite","floor":21,"turns":4},{"damage":24,"enemies":"Cultist and Chosen","floor":24,"turns":4},{"damage":25,"enemies":"Book of Stabbing","floor":25,"turns":4}],"seed_played":"-3022524477882026667","potions_obtained":[{"floor":4,"key":"Explosive Potion"},{"floor":14,"key":"Poison Potion"},{"floor":24,"key":"SkillPotion"}],"is_trial":false,"path_per_floor":["M","?","$","M","?","R","E","R","T","R","?","T","$","M","R","B",null,"M","$","?","M","?","R","M","E"],"character_chosen":"IRONCLAD","items_purchased":["Flex","Metallicize","Armaments","Flex","Whirlwind","Sword Boomerang"],"campfire_rested":0,"item_purchase_floors":[3,13,19,19,19,19],"current_hp_per_floor":[80,73,73,78,58,58,33,33,33,33,32,32,32,35,35,26,80,61,61,61,35,35,35,22,0],"gold":60,"neow_bonus":"ONE_RANDOM_RARE_CARD","is_prod":false,"is_daily":false,"chose_seed":false,"campfire_upgraded":5,"win_rate":0,"timestamp":1541548360,"path_taken":["M","?","$","M","?","R","E","R","T","R","?","?","?","?","R","BOSS","M","$","?","M","?","R","M","E"],"build_version":"2018-11-01","purchased_purges":1,"victory":false,"max_hp_per_floor":[80,80,80,80,80,80,80,80,80,80,80,80,80,80,80,80,80,80,80,80,80,80,80,80,80],"card_choices":[{"not_picked":["Warcry","Havoc"],"picked":"Heavy Blade","floor":1},{"not_picked":["Warcry","Havoc"],"picked":"True Grit","floor":4},{"not_picked":["Fire Breathing","Juggernaut"],"picked":"Rupture","floor":7},{"not_picked":["Cleave","Warcry"],"picked":"Flex","floor":11},{"not_picked":["Havoc","Fire Breathing","Thunderclap"],"picked":"SKIP","floor":14},{"not_picked":["Barricade","Demon Form"],"picked":"Limit Break","floor":16},{"not_picked":["Seeing Red","Havoc+1"],"picked":"Rupture+1","floor":18},{"not_picked":["Corruption+1","Thunderclap"],"picked":"True Grit","floor":21},{"not_picked":["Iron Wave","Clash"],"picked":"True Grit","floor":24}],"player_experience":753493,"relics_obtained":[{"floor":7,"key":"Boot"},{"floor":9,"key":"Pantograph"},{"floor":11,"key":"Odd Mushroom"},{"floor":12,"key":"Regal Pillow"}],"event_choices":[{"cards_removed":["Strike_R"],"damage_healed":0,"gold_gain":0,"player_choice":"Card Removal","damage_taken":7,"max_hp_gain":0,"max_hp_loss":0,"event_name":"Golden Wing","floor":2,"gold_loss":0},{"damage_healed":0,"gold_gain":0,"player_choice":"Take Damage","damage_taken":20,"relics_obtained":["Golden Idol"],"max_hp_gain":0,"max_hp_loss":0,"event_name":"Golden Idol","floor":5,"gold_loss":0},{"damage_healed":0,"gold_gain":0,"player_choice":"Fought Mushrooms","damage_taken":0,"max_hp_gain":0,"max_hp_loss":0,"event_name":"Mushrooms","floor":11,"gold_loss":0},{"damage_healed":0,"gold_gain":0,"player_choice":"Ignored","damage_taken":0,"max_hp_gain":0,"max_hp_loss":0,"event_name":"Ghosts","floor":20,"gold_loss":0},{"damage_healed":0,"gold_gain":0,"player_choice":"Gave Idol","damage_taken":0,"relics_obtained":["Bloody Idol"],"max_hp_gain":0,"max_hp_loss":0,"event_name":"Forgotten Altar","floor":22,"relics_lost":["Golden Idol"],"gold_loss":0}],"is_beta":false,"boss_relics":[{"not_picked":["Snecko Eye","Orrery"],"picked":"Pandora\u0027s Box"}],"items_purged_floors":[13],"is_endless":false,"potions_floor_spawned":[4,14,24],"killed_by":"Book of Stabbing","ascension_level":2}