{"gold_per_floor":[117,136,67,67,80,98,98,118,118,131,131,143,143,157,157,254,254,269,269,2,13,27,40,40,40,66,83,101,111,39,52,52,52],"floor_reached":33,"playtime":1636,"items_purged":[],"score":247,"play_id":"fec95b4b-3bf1-4352-9c8a-d01b8a648e70","local_time":"20190104035853","is_ascension_mode":false,"campfire_choices":[{"data":"Creative AI","floor":7,"key":"SMITH"},{"data":"Zap","floor":11,"key":"SMITH"},{"floor":15,"key":"REST"},{"floor":25,"key":"REST"},{"floor":32,"key":"REST"}],"neow_cost":"NONE","seed_source_timestamp":1207120834976554,"circlet_count":0,"master_deck":["Strike_B","Defend_B","Defend_B","Defend_B","Zap+1","Dualcast","Echo Form","Ball Lightning","Loop","Blizzard","Flash of Steel","Storm","Creative AI+1","Ball Lightning","BootSequence","Cold Snap+1","FTL+1","Ball Lightning+1","All For One+1","Beam Cell+1","Chaos","Steam Power","Beam Cell+1","Storm+1","Stack","Chill","Turbo","Coolheaded+1","Defragment+1","BootSequence","Stack"],"relics":["Cracked Core","Molten Egg 2","Empty Cage","Bottled Tornado","Boot"],"potions_floor_usage":[16,16,28,28,33,33],"damage_taken":[{"damage":5,"enemies":"Jaw Worm","floor":1,"turns":4},{"damage":6,"enemies":"Cultist","floor":2,"turns":3},{"damage":5,"enemies":"2 Louse","floor":5,"turns":3},{"damage":11,"enemies":"Blue Slaver","floor":6,"turns":4},{"damage":13,"enemies":"2 Fungi Beasts","floor":8,"turns":3},{"damage":3,"enemies":"Red Slaver","floor":10,"turns":3},{"damage":11,"enemies":"3 Louse","floor":12,"turns":4},{"damage":3,"enemies":"Gremlin Gang","floor":14,"turns":3},{"damage":23,"enemies":"Hexaghost","floor":16,"turns":6},{"damage":36,"enemies":"2 Thieves","floor":18,"turns":4},{"damage":0,"enemies":"Chosen","floor":21,"turns":3},{"damage":18,"enemies":"Snake Plant","floor":22,"turns":4},{"damage":2,"enemies":"Snecko","floor":23,"turns":4},{"damage":20,"enemies":"Shelled Parasite and Fungi","floor":27,"turns":4},{"damage":13,"enemies":"Chosen and Byrds","floor":28,"turns":4},{"damage":0,"enemies":"3 Cultists","floor":29,"turns":4},{"damage":2,"enemies":"Centurion and Healer","floor":31,"turns":4},{"damage":48,"enemies":"Collector","floor":33,"turns":6}],"seed_played":"2538618664794706857","potions_obtained":[{"floor":1,"key":"PowerPotion"},{"floor":8,"key":"Weak Potion"},{"floor":10,"key":"Energy Potion"},{"floor":16,"key":"Fire Potion"},{"floor":23,"key":"SteroidPotion"},{"floor":31,"key":"Dexterity Potion"}],"is_trial":false,"path_per_floor":["M","M","$","?","M","M","R","M","T","M","R","M","?","M","R","B",null,"M","?","$","M","M","M","$","R","T","M","M","M","$","M","R","B"],"character_chosen":"DEFECT","items_purchased":["Blizzard","Bottled Tornado","Beam Cell+1","BootSequence"],"campfire_rested":3,"item_purchase_floors":[3,20,20,30],"current_hp_per_floor":[70,64,64,64,59,48,48,35,35,32,32,21,21,18,40,17,75,39,39,39,39,21,19,19,41,41,21,8,8,8,6,28,0],"gold":52,"neow_bonus":"ONE_RANDOM_RARE_CARD","is_prod":false,"is_daily":false,"chose_seed":false,"campfire_upgraded":2,"win_rate":0,"timestamp":1546592333,"path_taken":["M","M","$","?","M","M","R","?","T","M","R","M","?","M","R","BOSS","M","?","$","M","M","M","$","R","T","M","M","M","$","M","R","BOSS"],"build_version":"2019-01-03v3","purchased_purges":0,"victory":false,"max_hp_per_floor":[75,75,75,75,75,75,75,75,75,75,75,75,75,75,75,75,75,75,75,75,75,75,75,75,75,75,75,75,75,75,75,75,75],"card_choices":[{"not_picked":["Static Discharge","Beam Cell"],"picked":"Ball Lightning","floor":1},{"not_picked":["Coolheaded","Sweeping Beam"],"picked":"Loop","floor":2},{"not_picked":["Hologram","Double Energy","Compile Driver"],"picked":"SKIP","floor":5},{"not_picked":["Barrage","Steam"],"picked":"Ball Lightning","floor":6},{"not_picked":["Reinforced Body","Steam"],"picked":"BootSequence","floor":8},{"not_picked":["Conserve Battery","Redo"],"picked":"Cold Snap+1","floor":10},{"not_picked":["Hologram","Seek"],"picked":"FTL+1","floor":12},{"not_picked":["Recycle","Hologram"],"picked":"Ball Lightning+1","floor":14},{"not_picked":["Biased Cognition","Fission"],"picked":"All For One+1","floor":16},{"not_picked":["Compile Driver+1","Fusion"],"picked":"Beam Cell+1","floor":18},{"not_picked":["Cold Snap+1","Reinforced Body+1"],"picked":"Storm+1","floor":21},{"not_picked":["BootSequence","Consume+1"],"picked":"Stack","floor":22},{"not_picked":["Beam Cell+1","Rip and Tear+1"],"picked":"Chill","floor":23},{"not_picked":["Double Energy+1","Undo"],"picked":"Turbo","floor":27},{"not_picked":["Sweeping Beam+1","Amplify"],"picked":"Coolheaded+1","floor":28},{"not_picked":["Glacier","Redo"],"picked":"Defragment+1","floor":29},{"not_picked":["Beam Cell+1","Compile Driver+1"],"picked":"Stack","floor":31}],"player_experience":895175,"relics_obtained":[{"floor":9,"key":"Molten Egg 2"},{"floor":26,"key":"Boot"}],"event_choices":[{"damage_healed":0,"gold_gain":0,"player_choice":"3 cards matched","damage_taken":0,"max_hp_gain":0,"max_hp_loss":0,"event_name":"Match and Keep!","floor":4,"gold_loss":0,"cards_obtained":["Flash of Steel","Storm","Creative AI"]},{"damage_healed":0,"gold_gain":0,"player_choice":"Ignored","damage_taken":0,"max_hp_gain":0,"max_hp_loss":0,"event_name":"Shining Light","floor":13,"gold_loss":0},{"damage_healed":0,"gold_gain":0,"cards_transformed":["Defend_B","Strike_B"],"player_choice":"Became Test Subject","damage_taken":0,"max_hp_gain":0,"max_hp_loss":0,"event_name":"Drug Dealer","floor":19,"gold_loss":0,"cards_obtained":["Chaos","Steam Power"]}],"is_beta":false,"boss_relics":[{"not_picked":["Pandora\u0027s Box","Nuclear Battery"],"picked":"Empty Cage"}],"items_purged_floors":[],"is_endless":false,"potions_floor_spawned":[1,8,10,16,23,27,31],"killed_by":"Collector","ascension_level":0}