{"gold_per_floor":[114,38,55,55,68,68,131,149,176,186,87,87,105,117,117,215,215,227,45,64,64,64,64,82,93,139,158,175,274,274],"floor_reached":30,"playtime":1710,"items_purged":["Strike_R"],"score":226,"play_id":"51360d85-800f-4619-8436-7854bb4a00a6","local_time":"20180717220506","is_ascension_mode":false,"campfire_choices":[{"data":"Uppercut","floor":6.0,"key":"SMITH"},{"data":"True Grit","floor":15.0,"key":"SMITH"},{"data":"Offering","floor":23.0,"key":"SMITH"}],"neow_cost":"NONE","seed_source_timestamp":0,"circlet_count":0,"master_deck":["Strike_R","Strike_R","Strike_R","Defend_R","Defend_R","Defend_R","Bash","Entrench","Dropkick","Dropkick","Uppercut+1","Shrug It Off","True Grit+1","Shrug It Off","Shrug It Off","Offering+1","Sever Soul","Flash of Steel","Dropkick","Warcry+1","True Grit"],"special_seed":0,"relics":["Burning Blood","Happy Flower","Vajra","Lantern","FaceOfCleric","Orrery","Anchor"],"potions_floor_usage":[27,30],"damage_taken":[{"damage":0.0,"enemies":"2 Louse","floor":1.0,"turns":4.0},{"damage":1.0,"enemies":"Cultist","floor":3.0,"turns":3.0},{"damage":0.0,"enemies":"Small Slimes","floor":5.0,"turns":3.0},{"damage":23.0,"enemies":"Lagavulin Event","floor":7.0,"turns":5.0},{"damage":26.0,"enemies":"3 Louse","floor":8.0,"turns":3.0},{"damage":6.0,"enemies":"Large Slime","floor":10.0,"turns":4.0},{"damage":0.0,"enemies":"Looter","floor":13.0,"turns":2.0},{"damage":0.0,"enemies":"2 Fungi Beasts","floor":14.0,"turns":3.0},{"damage":4.0,"enemies":"Hexaghost","floor":16.0,"turns":10.0},{"damage":14.0,"enemies":"2 Thieves","floor":18.0,"turns":3.0},{"damage":4.0,"enemies":"Chosen","floor":20.0,"turns":2.0},{"damage":33.0,"enemies":"Centurion and Healer","floor":24.0,"turns":6.0},{"damage":4.0,"enemies":"Snecko","floor":25.0,"turns":3.0},{"damage":21,"enemies":"3 Cultists","floor":27,"turns":6},{"damage":7,"enemies":"Centurion and Healer","floor":28,"turns":6},{"damage":42,"enemies":"Sentry and Sphere","floor":30,"turns":7}],"seed_played":"-9142493164008769493","potions_obtained":[{"floor":1.0,"key":"LiquidBronze"},{"floor":3.0,"key":"GamblersBrew"},{"floor":7.0,"key":"Weak Potion"},{"floor":18.0,"key":"Dexterity Potion"},{"floor":20.0,"key":"Ancient Potion"},{"floor":25.0,"key":"Explosive Potion"}],"is_trial":false,"path_per_floor":["M","$","M","?","M","R","?","M","T","M","$","?","M","M","R","B",null,"M","$","M","?","$","R","M","M","T","M","M","?"],"character_chosen":"IRONCLAD","items_purchased":["Dropkick","Shrug It Off","Flash of Steel","Dropkick"],"campfire_rested":0,"item_purchase_floors":[2,11,19,19],"current_hp_per_floor":[80,80,80,80,80,80,63,43,43,43,43,43,50,57,57,60,83,76,76,79,79,79,79,53,56,56,42,42,42,0],"gold":274,"neow_bonus":"RANDOM_COMMON_RELIC","is_prod":false,"is_daily":false,"chose_seed":false,"campfire_upgraded":3,"win_rate":0,"timestamp":1531879506,"path_taken":["M","$","M","?","M","R","?","M","T","?","$","?","M","M","R","BOSS","M","$","M","?","$","R","M","M","T","M","?","?","M"],"build_version":"2018-07-12","purchased_purges":1,"victory":false,"max_hp_per_floor":[80,80,80,80,80,80,80,80,80,80,80,80,81,82,82,83,83,84,84,85,85,85,85,86,87,87,88,89,89,89],"card_choices":[{"not_picked":["Second Wind","Anger"],"picked":"Entrench","floor":1.0},{"not_picked":["Inflame","Sever Soul"],"picked":"Dropkick","floor":3.0},{"not_picked":["Twin Strike","Sword Boomerang"],"picked":"Uppercut","floor":5.0},{"not_picked":["Uppercut","Clothesline"],"picked":"Shrug It Off","floor":8.0},{"not_picked":["Corruption","Body Slam"],"picked":"True Grit","floor":10.0},{"not_picked":["Armaments","Thunderclap"],"picked":"Shrug It Off","floor":13.0},{"not_picked":["Spot Weakness","Entrench","Clothesline"],"picked":"SKIP","floor":14.0},{"not_picked":["Immolate","Berserk"],"picked":"Offering","floor":16.0},{"not_picked":["Feel No Pain","Fire Breathing"],"picked":"Sever Soul","floor":17.0},{"not_picked":["Inflame","Havoc","Bludgeon"],"picked":"SKIP","floor":18.0},{"not_picked":["Inflame","Iron Wave"],"picked":"Warcry+1","floor":20.0},{"not_picked":["Twin Strike","Armaments","Hemokinesis"],"picked":"SKIP","floor":24.0},{"not_picked":["Body Slam","Thunderclap","Bludgeon"],"picked":"SKIP","floor":25.0},{"not_picked":["Entrench","Wild Strike"],"picked":"True Grit","floor":27},{"not_picked":["Clash","Cleave","Clothesline"],"picked":"SKIP","floor":28}],"player_experience":557885,"relics_obtained":[{"floor":7.0,"key":"Vajra"},{"floor":9.0,"key":"Lantern"},{"floor":26.0,"key":"Anchor"}],"event_choices":[{"event_name":"Purifier","player_choice":"One Purge","floor":4.0,"damage_taken":0.0},{"event_name":"Dead Adventurer","player_choice":"Searched \u00271\u0027 times","floor":7.0,"damage_taken":0.0},{"event_name":"FaceTrader","player_choice":"Trade","floor":12.0,"damage_taken":0.0},{"event_name":"Back to Basics","player_choice":"Elegance","floor":21.0,"damage_taken":0.0},{"event_name":"Nest","player_choice":"Stole From Cult","floor":29,"damage_taken":0}],"boss_relics":[{"not_picked":["Mark of Pain","Cursed Key"],"picked":"Orrery"}],"items_purged_floors":[11],"is_endless":false,"potions_floor_spawned":[1,3,7,8,18,20,25],"killed_by":"Sentry and Sphere","ascension_level":0}