{"gold_per_floor":[112,131,80,90,100,100,100,65,91,91,101,101,101,132,132,228,228,243,243,243,243,125,125,144,144,144,144,69,88,88,108,108,208,208,220,220,320,42,61,88,88,88,88,100,114,134,134,149,149,149],"floor_reached":51,"playtime":4563,"items_purged":[],"score":900,"play_id":"450ec1d9-4c37-400d-a800-05b66c503be1","local_time":"20190224154655","is_ascension_mode":true,"campfire_choices":[{"data":"Neutralize","floor":6,"key":"SMITH"},{"data":"Accuracy","floor":10,"key":"SMITH"},{"data":"Backflip","floor":15,"key":"SMITH"},{"data":"After Image","floor":23,"key":"SMITH"},{"data":"Footwork","floor":25,"key":"SMITH"},{"floor":32,"key":"REST"},{"data":"Blade Dance","floor":41,"key":"SMITH"},{"floor":49,"key":"REST"}],"neow_cost":"NONE","seed_source_timestamp":59460591634867,"circlet_count":0,"master_deck":["Defend_G","Defend_G","Defend_G","Defend_G","Strike_G","Survivor","Neutralize+1","Blade Dance+1","Predator","Cloak And Dagger","Backflip+1","Slice","Accuracy+1","Cloak And Dagger","Deflect","After Image+1","Blur","Footwork+1","Dagger Spray","Accuracy","Envenom","Leg Sweep","Accuracy","After Image","Infinite Blades+1","Writhe","Deflect+1"],"relics":["Ring of the Serpent","Bag of Marbles","Vajra","Sozu","Nilry\u0027s Codex","Mummified Hand","Tough Bandages","Bottled Tornado","Molten Egg 2","Centennial Puzzle"],"potions_floor_usage":[16,50,50,50],"damage_taken":[{"damage":0,"enemies":"Cultist","floor":1,"turns":5},{"damage":0,"enemies":"2 Louse","floor":2,"turns":3},{"damage":7,"enemies":"Small Slimes","floor":4,"turns":3},{"damage":6,"enemies":"3 Louse","floor":5,"turns":5},{"damage":0,"enemies":"Blue Slaver","floor":11,"turns":4},{"damage":6,"enemies":"3 Sentries","floor":14,"turns":8},{"damage":19,"enemies":"The Guardian","floor":16,"turns":15},{"damage":7,"enemies":"Spheric Guardian","floor":18,"turns":4},{"damage":0,"enemies":"Chosen","floor":24,"turns":7},{"damage":19,"enemies":"Colosseum Slavers","floor":27,"turns":4},{"damage":0,"enemies":"Centurion and Healer","floor":29,"turns":8},{"damage":0,"enemies":"Cultist and Chosen","floor":31,"turns":7},{"damage":0,"enemies":"Automaton","floor":33,"turns":13},{"damage":0,"enemies":"Orb Walker","floor":35,"turns":4},{"damage":0,"enemies":"Mind Bloom Boss Battle","floor":37,"turns":6},{"damage":0,"enemies":"3 Darklings","floor":39,"turns":6},{"damage":0,"enemies":"Nemesis","floor":40,"turns":7},{"damage":0,"enemies":"Jaw Worm Horde","floor":44,"turns":5},{"damage":24,"enemies":"Transient","floor":45,"turns":5},{"damage":25,"enemies":"4 Shapes","floor":46,"turns":4},{"damage":0,"enemies":"Maw","floor":48,"turns":7},{"damage":8,"enemies":"Time Eater","floor":50,"turns":13}],"seed_played":"7906938024819404682","potions_obtained":[{"floor":4,"key":"Regen Potion"},{"floor":5,"key":"EssenceOfSteel"},{"floor":11,"key":"Strength Potion"},{"floor":16,"key":"Dexterity Potion"}],"is_trial":false,"path_per_floor":["M","M","$","M","M","R","$","$","T","R","M","?","?","E","R","B",null,"M","?","?","?","$","R","M","R","T","?","?","M","$","M","R","B",null,"M","?","?","$","M","E","R","?","T","M","M","M","?","M","R","B",null],"character_chosen":"THE_SILENT","items_purchased":["Cloak And Dagger","Accuracy","Footwork","Dagger Spray","Accuracy","Bottled Tornado"],"campfire_rested":2,"item_purchase_floors":[3,8,22,22,38,38],"current_hp_per_floor":[70,70,70,63,57,57,57,57,57,57,57,57,57,51,51,47,64,57,57,41,41,41,41,41,41,41,22,22,22,22,22,43,43,63,63,63,63,63,63,63,63,63,63,63,39,14,32,32,53,45],"gold":149,"neow_bonus":"REMOVE_CARD","is_prod":false,"is_daily":false,"chose_seed":false,"campfire_upgraded":6,"win_rate":0,"timestamp":1551023215,"path_taken":["M","M","$","M","?","R","?","$","T","R","M","?","?","E","R","BOSS","M","?","?","?","$","R","?","R","T","?","?","M","$","M","R","BOSS","M","?","?","$","M","E","R","?","T","M","M","M","?","?","R","BOSS"],"build_version":"2019-01-23","purchased_purges":0,"victory":true,"max_hp_per_floor":[70,70,70,70,70,70,70,70,70,70,70,70,70,70,70,70,70,70,70,70,70,70,70,70,70,70,70,70,70,70,70,70,70,70,70,70,70,70,70,70,70,70,70,70,70,70,70,70,70,70],"card_choices":[{"not_picked":["Crippling Poison","Skewer"],"picked":"Blade Dance","floor":1},{"not_picked":["Dagger Throw","Bane"],"picked":"Predator","floor":2},{"not_picked":["Outmaneuver","Slice"],"picked":"Backflip","floor":4},{"not_picked":["Flechettes","Eviscerate"],"picked":"Slice","floor":5},{"not_picked":["Heel Hook","Outmaneuver"],"picked":"Cloak And Dagger","floor":11},{"not_picked":["Acrobatics","Slice","Quick Slash"],"picked":"SKIP","floor":14},{"not_picked":["Wraith Form v2","Unload"],"picked":"After Image","floor":16},{"not_picked":["Prepared+1","Blade Dance"],"picked":"Blur","floor":18},{"not_picked":["Choke","Terror","Bane"],"picked":"SKIP","floor":24},{"not_picked":["Quick Slash","Masterful Stab+1","Endless Agony"],"picked":"SKIP","floor":29},{"not_picked":["Backflip","Flying Knee"],"picked":"Accuracy","floor":31},{"not_picked":["Phantasmal Killer","Storm of Steel"],"picked":"Envenom","floor":33},{"not_picked":["Setup","Heel Hook+1","Flying Knee"],"picked":"SKIP","floor":35},{"not_picked":["Dagger Throw+1","Flying Knee"],"picked":"Leg Sweep","floor":37},{"not_picked":["Expertise","Underhanded Strike+1","Bouncing Flask+1"],"picked":"SKIP","floor":39},{"not_picked":["Slice","Masterful Stab+1","Flying Knee"],"picked":"SKIP","floor":40},{"not_picked":["Poisoned Stab+1","PiercingWail+1"],"picked":"After Image","floor":44},{"not_picked":["Prepared","Masterful Stab+1","Blade Dance+1"],"picked":"SKIP","floor":45},{"not_picked":["Outmaneuver+1","Footwork"],"picked":"Infinite Blades+1","floor":46},{"not_picked":["Sucker Punch+1","Blade Dance+1"],"picked":"Deflect+1","floor":48}],"player_experience":548486,"relics_obtained":[{"floor":9,"key":"Bag of Marbles"},{"floor":14,"key":"Vajra"},{"floor":20,"key":"Nilry\u0027s Codex"},{"floor":26,"key":"Mummified Hand"},{"floor":37,"key":"Tough Bandages"},{"floor":40,"key":"Molten Egg 2"},{"floor":43,"key":"Centennial Puzzle"}],"event_choices":[{"cards_removed":["Strike_G"],"damage_healed":0,"gold_gain":0,"player_choice":"Forget","damage_taken":0,"max_hp_gain":0,"max_hp_loss":0,"event_name":"Living Wall","floor":12,"gold_loss":0},{"damage_healed":0,"gold_gain":0,"cards_transformed":["Strike_G"],"player_choice":"Transformed","damage_taken":0,"max_hp_gain":0,"max_hp_loss":0,"event_name":"Transmorgrifier","floor":13,"gold_loss":0,"cards_obtained":["Deflect"]},{"damage_healed":0,"gold_gain":0,"player_choice":"Ignored","damage_taken":0,"max_hp_gain":0,"max_hp_loss":0,"event_name":"Vampires","floor":19,"gold_loss":0},{"damage_healed":0,"gold_gain":0,"player_choice":"Obtained Book","damage_taken":16,"max_hp_gain":0,"max_hp_loss":0,"event_name":"Cursed Tome","floor":20,"gold_loss":0},{"damage_healed":0,"gold_gain":0,"player_choice":"Ignored","damage_taken":0,"max_hp_gain":0,"max_hp_loss":0,"event_name":"Ghosts","floor":21,"gold_loss":0},{"damage_healed":0,"gold_gain":0,"player_choice":"Fight","damage_taken":0,"max_hp_gain":0,"max_hp_loss":0,"event_name":"Colosseum","floor":27,"gold_loss":0},{"damage_healed":0,"gold_gain":0,"player_choice":"Fled From Nobs","damage_taken":0,"max_hp_gain":0,"max_hp_loss":0,"event_name":"Colosseum","floor":27,"gold_loss":0},{"cards_removed":["Strike_G"],"damage_healed":0,"gold_gain":0,"player_choice":"Gave Gold","damage_taken":0,"max_hp_gain":0,"max_hp_loss":0,"event_name":"Beggar","floor":28,"gold_loss":75},{"cards_removed":["Defend_G"],"damage_healed":0,"gold_gain":0,"player_choice":"Removed Skill","damage_taken":0,"max_hp_gain":0,"max_hp_loss":0,"event_name":"Falling","floor":36,"gold_loss":0},{"damage_healed":0,"gold_gain":0,"player_choice":"Fight","damage_taken":0,"max_hp_gain":0,"max_hp_loss":0,"event_name":"MindBloom","floor":37,"gold_loss":0},{"damage_healed":0,"gold_gain":0,"player_choice":"Ignored","damage_taken":0,"max_hp_gain":0,"max_hp_loss":0,"event_name":"Tomb of Lord Red Mask","floor":42,"gold_loss":0},{"damage_healed":18,"gold_gain":0,"player_choice":"Writhe","damage_taken":0,"max_hp_gain":0,"max_hp_loss":0,"event_name":"Winding Halls","floor":47,"gold_loss":0,"cards_obtained":["Writhe"]}],"is_beta":false,"boss_relics":[{"not_picked":["Tiny House","Runic Dome"],"picked":"Sozu"},{"not_picked":["Black Star","HoveringKite"],"picked":"Ring of the Serpent"}],"items_purged_floors":[],"is_endless":false,"potions_floor_spawned":[4,5,11,14,16,18,29,33,37,39,45,48],"ascension_level":5}