{"gold_per_floor":[116,131,206,206,223,223,236,236,263,58,74,74,90,90,90,186,186,199,211,211],"floor_reached":20,"playtime":1056,"items_purged":["Strike_R"],"score":208,"play_id":"a86ae310-5150-41e8-bb6c-543860a8790d","local_time":"20181204033912","is_ascension_mode":true,"campfire_choices":[{"data":"Body Slam","floor":6,"key":"SMITH"},{"data":"Dual Wield","floor":8,"key":"SMITH"},{"data":"Disarm","floor":15,"key":"SMITH"}],"neow_cost":"NONE","seed_source_timestamp":1728570618472825,"circlet_count":0,"master_deck":["Strike_R","Strike_R","Strike_R","Strike_R","Defend_R","Defend_R","Defend_R","Defend_R","Bash","Fiend Fire","Thunderclap","Body Slam+1","Disarm+1","Dual Wield+1","True Grit+1","Dramatic Entrance","Disarm","Shrug It Off","Feed","Metallicize","Disarm"],"relics":["Burning Blood","GremlinMask","Bag of Preparation","Blue Candle","Cursed Key"],"potions_floor_usage":[20,20,20],"damage_taken":[{"damage":0,"enemies":"Small Slimes","floor":1,"turns":2},{"damage":8,"enemies":"2 Louse","floor":2,"turns":3},{"damage":0,"enemies":"Cultist","floor":5,"turns":3},{"damage":32,"enemies":"Exordium Thugs","floor":7,"turns":6},{"damage":7,"enemies":"3 Louse","floor":11,"turns":3},{"damage":0,"enemies":"Red Slaver","floor":13,"turns":5},{"damage":17,"enemies":"The Guardian","floor":16,"turns":14},{"damage":35,"enemies":"2 Thieves","floor":18,"turns":4},{"damage":0,"enemies":"Shell Parasite","floor":19,"turns":6},{"damage":58,"enemies":"3 Cultists","floor":20,"turns":5}],"seed_played":"-2108270104246641115","potions_obtained":[{"floor":2,"key":"Explosive Potion"},{"floor":7,"key":"BloodPotion"},{"floor":11,"key":"Poison Potion"}],"is_trial":false,"path_per_floor":["M","M","?","?","M","R","M","R","T","$","M","T","M","?","R","B",null,"M","M","M"],"character_chosen":"IRONCLAD","items_purchased":["True Grit","Dramatic Entrance"],"campfire_rested":0,"item_purchase_floors":[10,10],"current_hp_per_floor":[80,78,67,67,73,73,47,47,47,47,46,46,52,52,52,41,70,44,50,0],"gold":211,"neow_bonus":"ONE_RANDOM_RARE_CARD","is_prod":false,"is_daily":false,"chose_seed":false,"campfire_upgraded":3,"win_rate":0,"timestamp":1543912752,"path_taken":["M","M","?","?","?","R","M","R","T","$","M","?","M","?","R","BOSS","M","M","M"],"build_version":"2018-11-15","purchased_purges":1,"victory":false,"max_hp_per_floor":[80,80,80,80,80,80,80,80,80,80,80,80,80,80,80,80,80,83,83,83],"card_choices":[{"not_picked":["Cleave","Iron Wave"],"picked":"Thunderclap","floor":1},{"not_picked":["Twin Strike","Reaper"],"picked":"Body Slam","floor":2},{"not_picked":["Thunderclap","Rampage"],"picked":"Disarm","floor":5},{"not_picked":["Pommel Strike","Armaments"],"picked":"Dual Wield","floor":7},{"not_picked":["Twin Strike","Sever Soul"],"picked":"Disarm","floor":11},{"not_picked":["Rampage","Body Slam"],"picked":"Shrug It Off","floor":13},{"not_picked":["Double Tap","Exhume"],"picked":"Feed","floor":16},{"not_picked":["Havoc","Thunderclap"],"picked":"Metallicize","floor":18},{"not_picked":["Shrug It Off+1","Pommel Strike"],"picked":"Disarm","floor":19}],"player_experience":865251,"relics_obtained":[{"floor":9,"key":"Bag of Preparation"},{"floor":12,"key":"Blue Candle"}],"event_choices":[{"damage_healed":0,"gold_gain":75,"player_choice":"Gather Gold","damage_taken":11,"max_hp_gain":0,"max_hp_loss":0,"event_name":"World of Goop","floor":3,"gold_loss":0},{"damage_healed":0,"gold_gain":0,"player_choice":"Trade","damage_taken":0,"relics_obtained":["GremlinMask"],"max_hp_gain":0,"max_hp_loss":0,"event_name":"FaceTrader","floor":4,"gold_loss":0},{"damage_healed":0,"gold_gain":0,"player_choice":"Forge","damage_taken":0,"max_hp_gain":0,"max_hp_loss":0,"event_name":"Accursed Blacksmith","floor":14,"gold_loss":0,"cards_upgraded":["True Grit"]}],"is_beta":false,"boss_relics":[{"not_picked":["Velvet Choker","Runic Cube"],"picked":"Cursed Key"}],"items_purged_floors":[10],"is_endless":false,"potions_floor_spawned":[2,7,11,18],"killed_by":"3 Cultists","ascension_level":5}