{"gold_per_floor":[118,132,142,158,172,172,203,230,310,322,314,326,363,27,27,101,101,117,127,137,137,137],"floor_reached":22,"playtime":1269,"items_purged":[],"score":370,"play_id":"218312d4-3947-4e79-bf27-e7f65be35812","local_time":"20190201222114","is_ascension_mode":true,"campfire_choices":[{"data":"Cloak And Dagger","floor":6.0,"key":"SMITH"},{"floor":10.0,"key":"REST"},{"data":"Accuracy","floor":12.0,"key":"SMITH"},{"data":"Accuracy","floor":15.0,"key":"SMITH"}],"neow_cost":"NONE","seed_source_timestamp":1720607197003,"circlet_count":0,"master_deck":["AscendersBane","Defend_G","Defend_G","Defend_G","Defend_G","Defend_G","Strike_G","Strike_G","Strike_G","Strike_G","Strike_G","Survivor","Neutralize","Accuracy+1","Dash","Accuracy+1","Cloak And Dagger+1","All Out Attack","Noxious Fumes","Escape Plan","Corpse Explosion"],"special_seed":0,"relics":["Philosopher\u0027s Stone","MawBank","Singing Bowl","Mummified Hand","Membership Card","Pear","White Beast Statue"],"potions_floor_usage":[20,20,22],"damage_taken":[{"damage":2.0,"enemies":"Cultist","floor":1.0,"turns":5.0},{"damage":0.0,"enemies":"2 Louse","floor":2.0,"turns":3.0},{"damage":1.0,"enemies":"Small Slimes","floor":3.0,"turns":4.0},{"damage":4.0,"enemies":"2 Fungi Beasts","floor":4.0,"turns":5.0},{"damage":1.0,"enemies":"Blue Slaver","floor":5.0,"turns":5.0},{"damage":11.0,"enemies":"Lagavulin","floor":7.0,"turns":8.0},{"damage":2.0,"enemies":"Gremlin Gang","floor":8.0,"turns":7.0},{"damage":3.0,"enemies":"Exordium Thugs","floor":11.0,"turns":4.0},{"damage":19.0,"enemies":"Gremlin Nob","floor":13.0,"turns":4.0},{"damage":17.0,"enemies":"Slime Boss","floor":16.0,"turns":8.0},{"damage":33.0,"enemies":"Shell Parasite","floor":18.0,"turns":6.0},{"damage":21.0,"enemies":"Spheric Guardian","floor":19.0,"turns":5.0},{"damage":13,"enemies":"Cultist and Chosen","floor":20,"turns":7},{"damage":4,"enemies":"Snecko","floor":22,"turns":3}],"seed_played":"-5990353631512805578","potions_obtained":[{"floor":2.0,"key":"EssenceOfSteel"},{"floor":3.0,"key":"PowerPotion"},{"floor":11.0,"key":"AttackPotion"},{"floor":13.0,"key":"FearPotion"},{"floor":16.0,"key":"Energy Potion"},{"floor":18.0,"key":"Fire Potion"},{"floor":19.0,"key":"PowerPotion"},{"floor":20,"key":"Fire Potion"}],"is_trial":false,"path_per_floor":["M","M","M","M","M","R","E","M","T","R","M","R","E","$","R","B",null,"M","M","M","?","M"],"character_chosen":"THE_SILENT","items_purchased":["Membership Card","Pear"],"campfire_rested":1,"item_purchase_floors":[14,14],"current_hp_per_floor":[57,57,56,52,51,51,40,38,38,57,54,54,35,45,45,28,64,33,14,3,3,0],"gold":137,"neow_bonus":"BOSS_RELIC","is_prod":false,"is_daily":false,"chose_seed":false,"campfire_upgraded":3,"win_rate":0,"timestamp":1549052474,"path_taken":["M","?","M","M","M","R","E","M","T","R","?","R","E","?","R","BOSS","M","M","M","?","M"],"build_version":"2019-01-23","purchased_purges":0,"victory":false,"max_hp_per_floor":[66,66,66,66,66,66,66,66,66,66,66,66,66,76,76,76,76,78,80,82,82,82],"card_choices":[{"not_picked":["Outmaneuver","Blade Dance"],"picked":"Accuracy","floor":1.0},{"not_picked":["Deflect","PiercingWail"],"picked":"Dash","floor":2.0},{"not_picked":["Outmaneuver","Bullet Time"],"picked":"Accuracy","floor":3.0},{"not_picked":["Eviscerate","Flying Knee","Distraction"],"picked":"SKIP","floor":4.0},{"not_picked":["Prepared","Bane"],"picked":"Cloak And Dagger","floor":5.0},{"not_picked":["Slice","Quick Slash","Deadly Poison"],"picked":"SKIP","floor":7.0},{"not_picked":["Phantasmal Killer","Underhanded Strike"],"picked":"All Out Attack","floor":8.0},{"not_picked":["Flying Knee","Bane"],"picked":"Noxious Fumes","floor":11.0},{"not_picked":["Skewer","Dagger Throw"],"picked":"Escape Plan","floor":13.0},{"not_picked":["Malaise","Burst"],"picked":"Corpse Explosion","floor":16.0},{"not_picked":["Backflip","Reflex","Sucker Punch"],"picked":"Singing Bowl","floor":18.0},{"not_picked":["Slice","Deadly Poison","Prepared"],"picked":"Singing Bowl","floor":19.0},{"not_picked":["Dagger Throw","Poisoned Stab","Sucker Punch"],"picked":"Singing Bowl","floor":20}],"player_experience":330403,"relics_obtained":[{"floor":7.0,"key":"MawBank"},{"floor":9.0,"key":"Singing Bowl"},{"floor":13.0,"key":"Mummified Hand"}],"event_choices":[{"damage_healed":0,"gold_gain":0,"player_choice":"0 cards matched","damage_taken":0,"max_hp_gain":0,"max_hp_loss":0,"event_name":"Match and Keep!","floor":21,"gold_loss":0,"cards_obtained":[]}],"is_beta":false,"boss_relics":[{"not_picked":["Snecko Eye","Fusion Hammer"],"picked":"White Beast Statue"}],"items_purged_floors":[],"is_endless":false,"potions_floor_spawned":[2,3,11,13,16,18,19,20],"killed_by":"Snecko","ascension_level":17}