{"path_per_floor":["M","M","?","M","$","E","M","E","T","M","R","E","$","M","R","B",null,"M","?","?","?","?","E","$","E","T","M","E","M","E","M","R","B",null,"M","?","M","?","$","E","?","R","T","M","E","R"],"character_chosen":"IRONCLAD","items_purchased":["Finesse","Anchor","Inflame","Bag of Preparation"],"gold_per_floor":[109,121,196,209,40,73,89,120,120,134,134,169,89,103,103,208,208,224,224,139,139,139,168,20,46,46,61,93,103,135,149,149,253,253,263,263,277,277,62,88,139,139,139,156,190,190],"floor_reached":47,"campfire_rested":0,"playtime":6097,"current_hp_per_floor":[80,76,65,67,67,48,50,30,30,36,36,41,41,47,47,30,68,66,50,50,50,50,50,50,39,39,61,51,54,51,57,57,42,71,80,86,81,81,81,93,93,93,93,93,93,93],"items_purged":["Strike_R","Strike_R","Writhe"],"gold":190,"play_id":"39e83fc4-9040-4a2c-98e9-6c66b901ebea","is_prod":false,"is_daily":false,"is_ascension_mode":true,"campfire_upgraded":5,"path_taken":["M","M","?","M","$","E","M","E","T","M","R","E","$","M","R","BOSS","M","?","?","?","?","E","?","E","T","M","E","M","E","M","R","BOSS","M","?","M","?","$","E","?","R","T","M","E","R","E"],"build_version":"2018-01-25-PROD3","purchased_purges":3,"victory":false,"master_deck":["Defend_R","Defend_R","Defend_R","Metallicize+1","Ghostly Armor","Finesse+1","Whirlwind+1","Metallicize","Spot Weakness","True Grit+1","Battle Trance+1","Infernal Blade+1","Shrug It Off","Inflame","Limit Break+1","Intimidate+1","Spot Weakness+1","Reaper+1","Headbutt+1","Impervious","Shrug It Off","Warcry+1"],"max_hp_per_floor":[80,80,80,80,80,80,80,80,80,80,80,80,80,80,80,80,80,80,80,80,80,80,80,80,80,80,80,80,80,80,80,80,80,80,80,86,86,86,86,93,93,93,93,93,93,93],"relics":["Burning Blood","Paper Frog","Juzu Bracelet","Thread and Needle","The Courier","Astrolabe","Enchiridion","Blue Candle","Darkstone Periapt","Anchor","Pantograph","Gambling Chip","Whetstone","Mummified Hand","Black Star","Bag of Preparation","Strawberry","Molten Egg","Charon\u0027s Ashes","Omamori","Kunai","Ornamental Fan"],"card_choices":[{"not_picked":["Iron Wave","Shrug It Off"],"picked":"Metallicize"},{"not_picked":["Cleave","Battle Trance"],"picked":"Ghostly Armor"},{"not_picked":["Shockwave","Burning Pact"],"picked":"Whirlwind"},{"not_picked":["Wild Strike","Warcry"],"picked":"Metallicize"},{"not_picked":["Juggernaut","Havoc"],"picked":"Spot Weakness"},{"not_picked":["Dropkick","Havoc"],"picked":"True Grit"},{"not_picked":["Intimidate","Flex"],"picked":"Limit Break"},{"not_picked":["Power Through","Perfected Strike"],"picked":"Intimidate"},{"not_picked":["Searing Blow","Hemokinesis"],"picked":"Spot Weakness"},{"not_picked":["Immolate","Feed"],"picked":"Reaper"},{"not_picked":["Carnage","Clothesline"],"picked":"Headbutt"},{"not_picked":["Armaments","Clothesline"],"picked":"Impervious"},{"not_picked":["Rupture","Cleave"],"picked":"Shrug It Off"},{"not_picked":["Clash","Spot Weakness"],"picked":"Warcry"}],"player_experience":459617,"potions_floor_usage":[12,12,16,16,23,23,25,45],"damage_taken":[{"damage":0,"enemies":"Jaw Worm","floor":1,"turns":3},{"damage":10,"enemies":"Blue Slaver","floor":2,"turns":5},{"damage":4,"enemies":"Small Slimes","floor":4,"turns":4},{"damage":25,"enemies":"3 Sentries","floor":6,"turns":11},{"damage":4,"enemies":"Exordium Wildlife","floor":7,"turns":4},{"damage":26,"enemies":"Lagavulin","floor":8,"turns":9},{"damage":0,"enemies":"Looter","floor":10,"turns":4},{"damage":13,"enemies":"3 Sentries","floor":12,"turns":5},{"damage":0,"enemies":"2 Fungi Beasts","floor":14,"turns":2},{"damage":23,"enemies":"Hexaghost","floor":16,"turns":13},{"damage":8,"enemies":"Chosen","floor":18,"turns":6},{"damage":6,"enemies":"Slavers","floor":23,"turns":4},{"damage":17,"enemies":"Gremlin Leader","floor":25,"turns":5},{"damage":0,"enemies":"Spheric Guardian","floor":27,"turns":8},{"damage":16,"enemies":"Slavers","floor":28,"turns":5},{"damage":3,"enemies":"Snecko","floor":29,"turns":4},{"damage":9,"enemies":"Gremlin Leader","floor":30,"turns":6},{"damage":0,"enemies":"3 Cultists","floor":31,"turns":4},{"damage":44,"enemies":"Automaton","floor":33,"turns":8},{"damage":3,"enemies":"Orb Walker","floor":35,"turns":5},{"damage":11,"enemies":"3 Shapes","floor":37,"turns":5},{"damage":0,"enemies":"Nemesis","floor":40,"turns":7},{"damage":2,"enemies":"Mysterious Sphere","floor":41,"turns":6},{"damage":4,"enemies":"Sphere and 2 Shapes","floor":44,"turns":4},{"damage":3,"enemies":"2 Orb Walkers","floor":45,"turns":4},{"damage":140,"enemies":"Giant Head","floor":47,"turns":8}],"event_choices":[{"event_name":"World of Goop","player_choice":"Gather Gold","floor":3,"damage_taken":0},{"event_name":"Cursed Tome","player_choice":"Obtained Book","floor":19,"damage_taken":0},{"event_name":"Addict","player_choice":"Obtained Relic","floor":20,"damage_taken":0},{"event_name":"Transmorgrifier","player_choice":"Transform","floor":21,"damage_taken":0},{"event_name":"Back to Basics","player_choice":"Elegance","floor":22,"damage_taken":0},{"event_name":"Winding Halls","player_choice":"Writhe","floor":36,"damage_taken":0},{"event_name":"Mysterious Sphere","player_choice":"Fight","floor":41,"damage_taken":0}],"boss_relics":[{"not_picked":["Philosopher\u0027s Stone","Eternal Feather"],"picked":"Astrolabe"},{"not_picked":["Lizard Tail","Black Blood"],"picked":"Black Star"}],"potions_floor_spawned":[1,8,10,12,14,16,18,23,28,31,35,44,45],"seed_played":"248802280984459532","killed_by":"Giant Head","ascension_level":5,"is_trial":false}