{"gold_per_floor":[117,117,131,22,22,53,53,84,84,96,175,190,190,218,230,242],"floor_reached":16,"playtime":1192,"items_purged":[],"score":142,"play_id":"77a8e0f3-e514-4f46-b99e-a2f63d7e701a","local_time":"20190216230837","is_ascension_mode":true,"campfire_choices":[{"data":"Noxious Fumes","floor":7,"key":"SMITH"},{"floor":15,"key":"REST"}],"neow_cost":"NONE","seed_source_timestamp":2374858146939904,"circlet_count":0,"master_deck":["Defend_G","Defend_G","Defend_G+1","Defend_G","Defend_G+1","Strike_G","Strike_G","Strike_G","Strike_G","Strike_G","Survivor","Neutralize","Dagger Throw","Poisoned Stab","Dash","Noxious Fumes+1","Blur","Dodge and Roll"],"relics":["Ring of the Snake","War Paint","Juzu Bracelet","Bottled Tornado","Gremlin Horn","SsserpentHead","MawBank"],"potions_floor_usage":[8,16,16],"damage_taken":[{"damage":8,"enemies":"Small Slimes","floor":1,"turns":4},{"damage":2,"enemies":"2 Louse","floor":3,"turns":3},{"damage":13,"enemies":"3 Sentries","floor":6,"turns":7},{"damage":16,"enemies":"Lagavulin","floor":8,"turns":9},{"damage":0,"enemies":"Cultist","floor":10,"turns":3},{"damage":1,"enemies":"2 Fungi Beasts","floor":12,"turns":3},{"damage":14,"enemies":"3 Sentries","floor":14,"turns":7},{"damage":68,"enemies":"Slime Boss","floor":16,"turns":10}],"seed_played":"-6212586241909796198","potions_obtained":[{"floor":3,"key":"SpeedPotion"},{"floor":6,"key":"Ancient Potion"},{"floor":14,"key":"Regen Potion"}],"is_trial":false,"path_per_floor":["M","?","M","$","?","E","R","E","T","M","?","M","?","E","R","B"],"character_chosen":"THE_SILENT","items_purchased":["Dash","Noxious Fumes"],"campfire_rested":1,"item_purchase_floors":[4,4],"current_hp_per_floor":[69,69,67,67,64,51,51,35,35,35,35,34,34,20,43,0],"gold":242,"neow_bonus":"TEN_PERCENT_HP_BONUS","is_prod":false,"is_daily":false,"chose_seed":false,"campfire_upgraded":1,"win_rate":0,"timestamp":1550358517,"path_taken":["M","?","M","$","?","E","R","E","T","M","?","M","?","E","R","BOSS"],"build_version":"2019-01-23","purchased_purges":0,"victory":false,"max_hp_per_floor":[77,77,77,77,77,77,77,77,77,77,77,77,77,77,77,77],"card_choices":[{"not_picked":["Bane","Accuracy"],"picked":"Dagger Throw","floor":1},{"not_picked":["Deadly Poison","Predator"],"picked":"Poisoned Stab","floor":3},{"not_picked":["Predator","Slice","Quick Slash"],"picked":"SKIP","floor":6},{"not_picked":["Distraction","Dagger Spray"],"picked":"Blur","floor":8},{"not_picked":["Underhanded Strike","Predator","Flechettes"],"picked":"SKIP","floor":10},{"not_picked":["Prepared","Acrobatics"],"picked":"Dodge and Roll","floor":12},{"not_picked":["Reflex","Calculated Gamble","Prepared"],"picked":"SKIP","floor":14}],"player_experience":492949,"relics_obtained":[{"floor":6,"key":"Juzu Bracelet"},{"floor":8,"key":"Bottled Tornado"},{"floor":9,"key":"Gremlin Horn"},{"floor":14,"key":"MawBank"}],"event_choices":[{"damage_healed":0,"gold_gain":0,"player_choice":"Ignored","damage_taken":0,"max_hp_gain":0,"max_hp_loss":0,"event_name":"Shining Light","floor":2,"gold_loss":0},{"damage_healed":0,"gold_gain":0,"player_choice":"Success","damage_taken":3,"relics_obtained":["War Paint"],"max_hp_gain":0,"max_hp_loss":0,"event_name":"Scrap Ooze","floor":5,"gold_loss":0},{"damage_healed":0,"gold_gain":79,"player_choice":"Gained Gold","damage_taken":0,"max_hp_gain":0,"max_hp_loss":0,"event_name":"Golden Wing","floor":11,"gold_loss":0},{"damage_healed":0,"gold_gain":0,"player_choice":"Trade","damage_taken":0,"relics_obtained":["SsserpentHead"],"max_hp_gain":0,"max_hp_loss":0,"event_name":"FaceTrader","floor":13,"gold_loss":0}],"is_beta":false,"boss_relics":[],"items_purged_floors":[],"is_endless":false,"potions_floor_spawned":[3,6,14],"killed_by":"Slime Boss","ascension_level":4}