{"path_per_floor":["M","?","M","M","?","R","M","M","T","M","E","M","E","M","R","B",null,"M","M","$","M","M","E","R","?","T","R","?","M","E","M","R","B",null,"M","?","M","?","M","R","?","E","T","$","E","M","T","E","R"],"character_chosen":"IRONCLAD","items_purchased":["Happy Flower","Lantern","Swift Strike","Limit Break"],"gold_per_floor":[112,112,137,162,237,237,260,283,329,350,383,396,432,451,451,576,576,576,576,106,106,106,106,106,106,106,106,106,106,106,106,106,106,106,106,106,106,106,106,106,106,106,106,26,26,26,26,26,26],"floor_reached":50,"campfire_rested":3,"playtime":3231,"current_hp_per_floor":[80,60,66,72,61,61,67,61,61,50,50,48,49,53,53,27,86,88,78,78,46,31,17,44,44,44,44,44,50,52,58,94,71,94,94,94,94,82,53,53,53,44,44,44,43,26,26,17,63],"items_purged":["Defend_R"],"gold":26,"score":612,"play_id":"16cd9839-5fde-46d6-bbd7-a70e7240bfb8","is_prod":false,"is_daily":false,"is_ascension_mode":false,"campfire_upgraded":4,"path_taken":["M","?","M","M","?","R","?","M","T","M","E","M","E","M","R","BOSS","M","M","$","M","M","E","R","?","T","R","?","M","E","?","R","BOSS","M","?","?","?","M","R","?","E","T","$","E","M","?","E","R","BOSS"],"build_version":"2018-02-22-PROD2","purchased_purges":3,"victory":false,"master_deck":["Strike_R","Strike_R","Strike_R","Strike_R","Defend_R","Defend_R","Defend_R","Bash","Twin Strike","Perfected Strike+1","Twin Strike","Intimidate","Armaments+1","Twin Strike","Sever Soul","Demon Form+1","Swift Strike","Battle Trance+1","Perfected Strike+1","Flex+1","Sever Soul","Offering","Heavy Blade+1","Twin Strike","Madness","Madness","Thunderclap+1","Heavy Blade+1","Inflame","Limit Break","Demon Form+1","Dual Wield+1","Heavy Blade+1"],"max_hp_per_floor":[80,80,80,80,80,80,80,80,80,82,82,84,86,86,86,86,86,88,90,90,90,90,92,92,92,92,92,92,92,94,94,94,94,94,94,94,94,94,94,94,94,94,94,94,104,104,104,104,104],"relics":["Burning Blood","NeowsBlessing","Bloody Idol","Singing Bowl","Orichalcum","Gambling Chip","Ectoplasm","Happy Flower","Lantern","Bag of Marbles","Bag of Preparation","Regal Pillow","Black Star","Girya","Ancient Tea Set","Juzu Bracelet","Frozen Egg 2","Pear","Paper Frog","Mercury Hourglass","Prayer Wheel","Bronze Scales"],"card_choices":[{"not_picked":["Power Through","True Grit"],"picked":"Twin Strike"},{"not_picked":["Sentinel","Metallicize"],"picked":"Perfected Strike"},{"not_picked":["Corruption","Sentinel"],"picked":"Twin Strike"},{"not_picked":["Dark Embrace","Iron Wave"],"picked":"Intimidate"},{"not_picked":["Iron Wave","Flame Barrier"],"picked":"Armaments"},{"not_picked":["Thunderclap","Bloodletting"],"picked":"Twin Strike"},{"not_picked":["Flame Barrier","Ghostly Armor"],"picked":"Sever Soul"},{"not_picked":["Immolate","Brutality"],"picked":"Demon Form"},{"not_picked":["True Grit","Rage"],"picked":"Battle Trance"},{"not_picked":["Feel No Pain","Spot Weakness"],"picked":"Perfected Strike"},{"not_picked":["Sword Boomerang","Anger"],"picked":"Flex"},{"not_picked":["Iron Wave","Corruption"],"picked":"Sever Soul"},{"not_picked":["Demon Form","Bludgeon"],"picked":"Offering"},{"not_picked":["Warcry","Evolve"],"picked":"Heavy Blade"},{"not_picked":["Warcry","Havoc"],"picked":"Twin Strike"},{"not_picked":["Uppercut","Clash"],"picked":"Thunderclap"},{"not_picked":["Clothesline","Reckless Charge"],"picked":"Heavy Blade"},{"not_picked":["Feed","Corruption"],"picked":"Inflame"},{"not_picked":["Rampage","Body Slam"],"picked":"Demon Form"},{"not_picked":["Cleave","Flex"],"picked":"Dual Wield"},{"not_picked":["Bloodletting","Combust"],"picked":"Heavy Blade"}],"player_experience":53072,"potions_floor_usage":[11,11,13,16,16,23,23,33,33,33,48,48,50],"damage_taken":[{"damage":0,"enemies":"Small Slimes","floor":1,"turns":1},{"damage":0,"enemies":"Jaw Worm","floor":3,"turns":1},{"damage":0,"enemies":"Cultist","floor":4,"turns":1},{"damage":0,"enemies":"Large Slime","floor":7,"turns":4},{"damage":12,"enemies":"Looter","floor":8,"turns":3},{"damage":19,"enemies":"Lots of Slimes","floor":10,"turns":6},{"damage":12,"enemies":"Gremlin Nob","floor":11,"turns":3},{"damage":10,"enemies":"Exordium Thugs","floor":12,"turns":4},{"damage":7,"enemies":"3 Sentries","floor":13,"turns":5},{"damage":2,"enemies":"Looter","floor":14,"turns":3},{"damage":32,"enemies":"Hexaghost","floor":16,"turns":9},{"damage":4,"enemies":"Shell Parasite","floor":18,"turns":4},{"damage":18,"enemies":"Chosen","floor":19,"turns":5},{"damage":38,"enemies":"Slaver and Parasite","floor":21,"turns":5},{"damage":21,"enemies":"Snake Plant","floor":22,"turns":4},{"damage":22,"enemies":"Slavers","floor":23,"turns":6},{"damage":0,"enemies":"Chosen and Byrds","floor":29,"turns":5},{"damage":6,"enemies":"Book of Stabbing","floor":30,"turns":3},{"damage":0,"enemies":"Cultist and Chosen","floor":31,"turns":2},{"damage":29,"enemies":"Automaton","floor":33,"turns":6},{"damage":0,"enemies":"Orb Walker","floor":35,"turns":1},{"damage":0,"enemies":"3 Darklings","floor":37,"turns":2},{"damage":35,"enemies":"Sphere and 2 Shapes","floor":39,"turns":4},{"damage":6,"enemies":"Mysterious Sphere","floor":41,"turns":2},{"damage":15,"enemies":"Giant Head","floor":42,"turns":5},{"damage":17,"enemies":"2 Orb Walkers","floor":45,"turns":3},{"damage":23,"enemies":"4 Shapes","floor":46,"turns":4},{"damage":15,"enemies":"Giant Head","floor":48,"turns":5},{"damage":63,"enemies":"Donu and Deca","floor":50,"turns":5}],"event_choices":[{"event_name":"Golden Idol","player_choice":"Take Damage","floor":2,"damage_taken":0},{"event_name":"World of Goop","player_choice":"Gather Gold","floor":5,"damage_taken":0},{"event_name":"Forgotten Altar","player_choice":"Gave Idol","floor":25,"damage_taken":0},{"event_name":"Vampires","player_choice":"Ignored","floor":28,"damage_taken":0},{"event_name":"Winding Halls","player_choice":"Embrace Madness","floor":38,"damage_taken":0},{"event_name":"Mysterious Sphere","player_choice":"Fight","floor":41,"damage_taken":0}],"boss_relics":[{"not_picked":["Mark of Pain","Snecko Eye"],"picked":"Ectoplasm"},{"not_picked":["Philosopher\u0027s Stone","Velvet Choker"],"picked":"Black Star"}],"potions_floor_spawned":[3,4,10,11,12,18,19,29,30,31,37,41,48],"seed_played":"-5325954947062643982","killed_by":"Donu and Deca","ascension_level":0,"is_trial":false}