{"path_per_floor":["M","?","?","M","M","R","M","?","T","?","M","M","M","M","R","B",null,"M","M","$","M","?","R","M","M","T","M","$","?","R","M","R","B",null,"M","M","?","M","M","R","M","R","T","T","?","R","M","M","R"],"character_chosen":"IRONCLAD","items_purchased":["Flash of Steel","Shrug It Off","Anchor","Battle Trance"],"gold_per_floor":[115,115,115,133,158,158,181,181,181,181,204,222,236,255,255,374,374,388,403,237,252,252,252,265,283,283,306,44,44,44,68,68,188,188,209,233,233,249,269,269,282,282,282,308,0,0,16,35,35],"floor_reached":50,"campfire_rested":2,"playtime":3669,"current_hp_per_floor":[71,71,51,48,48,48,51,51,51,44,49,31,33,36,36,13,80,59,50,50,50,50,50,53,46,46,45,45,45,45,45,69,23,80,80,80,80,80,59,59,65,65,65,65,65,65,71,36,60],"items_purged":["Strike_R"],"gold":35,"score":563,"play_id":"55bafa17-c7a2-43d2-9d04-c2015bc0411f","local_time":"20180318205546","is_prod":false,"is_daily":false,"is_ascension_mode":true,"campfire_upgraded":7,"timestamp":1521420946,"path_taken":["M","?","?","M","M","R","M","?","T","?","M","M","M","?","R","BOSS","M","M","$","?","?","R","M","M","T","M","$","?","R","M","R","BOSS","M","?","?","M","M","R","M","R","T","?","?","R","?","M","R","BOSS"],"build_version":"2018-03-15v3","purchased_purges":1,"victory":false,"master_deck":["Strike_R","Strike_R","Defend_R","Defend_R","Defend_R","Defend_R","Bash","Entrench+1","Iron Wave+1","Body Slam+1","Disarm+1","Berserk","Metallicize+1","Flame Barrier+1","Flash of Steel","Disarm","Shrug It Off+1","Battle Trance+1","Barricade+1","Iron Wave"],"max_hp_per_floor":[80,80,80,80,80,80,80,80,80,80,80,80,80,80,80,80,80,80,80,80,80,80,80,80,80,80,80,80,80,80,80,80,80,80,80,80,80,80,80,80,80,80,80,80,80,80,80,80,80],"relics":["Burning Blood","Happy Flower","Golden Idol","Unceasing Top","Velvet Choker","Gambling Chip","Anchor","Runic Dome","Frozen Eye","Lantern","Red Mask"],"card_choices":[{"not_picked":["Shrug It Off","Thunderclap"],"picked":"Entrench"},{"not_picked":["Wild Strike","Burning Pact"],"picked":"Iron Wave"},{"not_picked":["Twin Strike","Carnage"],"picked":"Body Slam"},{"not_picked":["Cleave","Bloodletting"],"picked":"Disarm"},{"not_picked":["Bludgeon","Demon Form"],"picked":"Berserk"},{"not_picked":["Armaments","Feel No Pain"],"picked":"Metallicize"},{"not_picked":["Clash","Feel No Pain"],"picked":"Flame Barrier"},{"not_picked":["Intimidate","Flex"],"picked":"Disarm"},{"not_picked":["Exhume","Reaper"],"picked":"Barricade"},{"not_picked":["Anger","Havoc"],"picked":"Iron Wave"}],"player_experience":290036,"potions_floor_usage":[50,50],"damage_taken":[{"damage":15.0,"enemies":"2 Louse","floor":1.0,"turns":3.0},{"damage":9.0,"enemies":"Jaw Worm","floor":4.0,"turns":5.0},{"damage":6.0,"enemies":"Cultist","floor":5.0,"turns":4.0},{"damage":3.0,"enemies":"3 Louse","floor":7.0,"turns":4.0},{"damage":1.0,"enemies":"2 Fungi Beasts","floor":11.0,"turns":5.0},{"damage":24.0,"enemies":"Exordium Thugs","floor":12.0,"turns":7.0},{"damage":4.0,"enemies":"Large Slime","floor":13.0,"turns":6.0},{"damage":3.0,"enemies":"2 Fungi Beasts","floor":14.0,"turns":4.0},{"damage":44.0,"enemies":"The Guardian","floor":16.0,"turns":14.0},{"damage":27.0,"enemies":"Shell Parasite","floor":18.0,"turns":7.0},{"damage":15.0,"enemies":"Chosen","floor":19.0,"turns":6.0},{"damage":21.0,"enemies":"Slaver and Parasite","floor":21.0,"turns":9.0},{"damage":3.0,"enemies":"Snake Plant","floor":24.0,"turns":4.0},{"damage":13.0,"enemies":"Snecko","floor":25.0,"turns":6.0},{"damage":7.0,"enemies":"Slaver and Parasite","floor":27.0,"turns":7.0},{"damage":6.0,"enemies":"3 Cultists","floor":31.0,"turns":7.0},{"damage":52.0,"enemies":"Collector","floor":33.0,"turns":13.0},{"damage":0.0,"enemies":"3 Shapes","floor":35.0,"turns":6.0},{"damage":0.0,"enemies":"3 Darklings","floor":36.0,"turns":11.0},{"damage":0.0,"enemies":"4 Shapes","floor":38.0,"turns":9.0},{"damage":27.0,"enemies":"Sphere and 2 Shapes","floor":39.0,"turns":8.0},{"damage":0,"enemies":"3 Darklings","floor":41,"turns":5},{"damage":0,"enemies":"Maw","floor":47,"turns":8},{"damage":41,"enemies":"4 Shapes","floor":48,"turns":7},{"damage":68,"enemies":"Awakened One","floor":50,"turns":4}],"event_choices":[{"event_name":"Living Wall","player_choice":"Grow","floor":2.0,"damage_taken":0.0},{"event_name":"Golden Idol","player_choice":"Take Damage","floor":3.0,"damage_taken":0.0},{"event_name":"Liars Game","player_choice":"disagreed","floor":8.0,"damage_taken":0.0},{"event_name":"Golden Wing","player_choice":"Card Removal","floor":10.0,"damage_taken":0.0},{"event_name":"Back to Basics","player_choice":"Elegance","floor":22.0,"damage_taken":0.0},{"event_name":"Cursed Tome","player_choice":"Ignored","floor":29.0,"damage_taken":0.0},{"event_name":"Mysterious Sphere","player_choice":"Ignore","floor":37.0,"damage_taken":0.0},{"event_name":"Tomb of Lord Red Mask","player_choice":"Paid","floor":45,"damage_taken":0}],"boss_relics":[],"potions_floor_spawned":[1,12,13,16,19,25,31,36,38,41,48],"seed_played":"-5632609714999220661","killed_by":"Awakened One","ascension_level":4,"is_trial":false}