{"path_per_floor":["M","?","M","?","?","E","R","M","T","R","$","?","$","E","R"],"character_chosen":"THE_SILENT","items_purchased":["Bottled Lightning","Regal Pillow"],"gold_per_floor":[361,361,372,372,622,648,648,661,686,686,200,200,100,133,133,133],"floor_reached":16,"campfire_rested":0,"playtime":772,"item_purchase_floors":[11,11],"current_hp_per_floor":[63,63,62,62,62,36,36,31,31,31,31,31,31,18,18,0],"items_purged":["Regret","Regret"],"gold":133,"score":154,"play_id":"41e8cb5c-5fe1-4e5c-a62e-cdab1ee34fbf","local_time":"20180531020914","is_prod":false,"is_daily":false,"chose_seed":false,"is_ascension_mode":true,"campfire_upgraded":3,"win_rate":0,"timestamp":1527700154,"campfire_choices":[{"data":"Neutralize","floor":7,"key":"SMITH"},{"data":"Caltrops","floor":10,"key":"SMITH"},{"data":"Skewer","floor":15,"key":"SMITH"}],"path_taken":["M","?","M","?","?","E","R","M","T","R","?","?","$","E","R","BOSS"],"build_version":"2018-05-24","seed_source_timestamp":621763804674434,"purchased_purges":2,"victory":false,"master_deck":["Defend_G","Defend_G","Defend_G","Defend_G","Strike_G","Strike_G","Strike_G","Strike_G","Survivor","Neutralize+1","Well Laid Plans","Skewer+1","Cloak And Dagger","Caltrops+1","Accuracy"],"max_hp_per_floor":[63,63,63,63,63,63,63,63,63,63,63,63,63,63,63,63],"relics":["Ring of the Snake","Lantern","Dream Catcher","Juzu Bracelet","Bottled Lightning","Regal Pillow","Blood Vial"],"card_choices":[{"not_picked":["Acrobatics","Endless Agony"],"picked":"Well Laid Plans","floor":1},{"not_picked":["Leg Sweep","Deflect"],"picked":"Cloak And Dagger","floor":3},{"not_picked":["Bouncing Flask","Skewer","Riddle With Holes"],"picked":"SKIP","floor":6},{"not_picked":["Acrobatics","Envenom"],"picked":"Caltrops","floor":8},{"not_picked":["Heel Hook","Riddle With Holes"],"picked":"Accuracy","floor":14}],"player_experience":702585,"potions_floor_usage":[6,16,16],"damage_taken":[{"damage":0,"enemies":"2 Louse","floor":1,"turns":4},{"damage":1,"enemies":"Cultist","floor":3,"turns":3},{"damage":26,"enemies":"Gremlin Nob","floor":6,"turns":4},{"damage":5,"enemies":"Small Slimes","floor":8,"turns":4},{"damage":13,"enemies":"3 Sentries","floor":14,"turns":8},{"damage":21,"enemies":"Hexaghost","floor":16,"turns":11}],"relics_obtained":[{"floor":6,"key":"Dream Catcher"},{"floor":9,"key":"Juzu Bracelet"},{"floor":14,"key":"Blood Vial"}],"event_choices":[{"event_name":"Transmorgrifier","player_choice":"Transform","floor":2,"damage_taken":0},{"event_name":"Big Fish","player_choice":"Box","floor":4,"damage_taken":0},{"event_name":"Golden Shrine","player_choice":"Desecrate","floor":5,"damage_taken":0},{"event_name":"Bonfire Elementals","player_choice":"BASIC","floor":12,"damage_taken":0}],"boss_relics":[],"items_purged_floors":[11,13],"potions_floor_spawned":[3,6,14],"seed_played":"7959516636889472979","killed_by":"Hexaghost","ascension_level":9,"potions_obtained":[{"floor":3,"key":"Fire Potion"},{"floor":6,"key":"SkillPotion"},{"floor":14,"key":"Weak Potion"}],"is_trial":false}