{"gold_per_floor":[114,114,130,147,162,189,189,202,229,229,229,262,278,378,378,378],"floor_reached":16,"playtime":1273,"items_purged":[],"score":179,"play_id":"a3293469-bce3-4513-bb3c-d30b69671477","local_time":"20190215131909","is_ascension_mode":true,"campfire_choices":[{"data":"Neutralize","floor":7,"key":"SMITH"},{"floor":10,"key":"REST"},{"floor":15,"key":"REST"}],"neow_cost":"NONE","seed_source_timestamp":98370434721200,"circlet_count":0,"master_deck":["AscendersBane","Defend_G","Defend_G","Defend_G","Defend_G","Defend_G","Strike_G","Strike_G","Strike_G","Strike_G","Strike_G","Survivor","Neutralize+1","Escape Plan","Skewer","Slice","PiercingWail","Deflect","Injury","Deadly Poison","Caltrops"],"relics":["Ring of the Snake","Juzu Bracelet","Potion Belt","Golden Idol","Lantern"],"potions_floor_usage":[6,6,13,13],"damage_taken":[{"damage":2,"enemies":"2 Louse","floor":1,"turns":3},{"damage":1,"enemies":"Jaw Worm","floor":3,"turns":7},{"damage":8,"enemies":"Cultist","floor":4,"turns":5},{"damage":9,"enemies":"3 Louse","floor":5,"turns":5},{"damage":9,"enemies":"3 Sentries","floor":6,"turns":7},{"damage":2,"enemies":"Blue Slaver","floor":8,"turns":5},{"damage":49,"enemies":"Lagavulin","floor":12,"turns":9},{"damage":0,"enemies":"Large Slime","floor":13,"turns":5},{"damage":53,"enemies":"Hexaghost","floor":16,"turns":9}],"seed_played":"1236442672406455461","potions_obtained":[{"floor":3,"key":"Swift Potion"},{"floor":4,"key":"Strength Potion"},{"floor":6,"key":"Explosive Potion"},{"floor":8,"key":"Regen Potion"}],"is_trial":false,"path_per_floor":["M","?","M","M","M","E","R","M","T","R","?","E","M","?","R","B"],"character_chosen":"THE_SILENT","items_purchased":[],"campfire_rested":2,"item_purchase_floors":[],"current_hp_per_floor":[68,68,67,59,50,41,41,39,39,62,62,13,27,27,50,0],"gold":378,"neow_bonus":"TEN_PERCENT_HP_BONUS","is_prod":false,"is_daily":false,"chose_seed":false,"campfire_upgraded":1,"win_rate":0,"timestamp":1550254749,"path_taken":["M","?","M","M","M","E","R","M","T","R","?","E","M","?","R","BOSS"],"build_version":"2019-01-23","purchased_purges":0,"victory":false,"max_hp_per_floor":[77,77,77,77,77,77,77,77,77,77,77,77,77,77,77,77],"card_choices":[{"not_picked":["Outmaneuver","Masterful Stab","Tactician"],"picked":"SKIP","floor":1},{"not_picked":["Tactician","Flying Knee"],"picked":"Escape Plan","floor":3},{"not_picked":["Backflip","Distraction"],"picked":"Skewer","floor":4},{"not_picked":["Acrobatics","Outmaneuver"],"picked":"Slice","floor":5},{"not_picked":["Outmaneuver","Flying Knee"],"picked":"PiercingWail","floor":6},{"not_picked":["Underhanded Strike","Outmaneuver"],"picked":"Deflect","floor":8},{"not_picked":["Backflip","Quick Slash"],"picked":"Deadly Poison","floor":12},{"not_picked":["Phantasmal Killer","Slice"],"picked":"Caltrops","floor":13}],"player_experience":1201114,"relics_obtained":[{"floor":6,"key":"Juzu Bracelet"},{"floor":9,"key":"Potion Belt"},{"floor":12,"key":"Lantern"}],"event_choices":[{"damage_healed":0,"gold_gain":0,"player_choice":"Ignored","damage_taken":0,"max_hp_gain":0,"max_hp_loss":0,"event_name":"Liars Game","floor":2,"gold_loss":0},{"damage_healed":0,"gold_gain":0,"player_choice":"Take Wound","damage_taken":0,"relics_obtained":["Golden Idol"],"max_hp_gain":0,"max_hp_loss":0,"event_name":"Golden Idol","floor":11,"gold_loss":0,"cards_obtained":["Injury"]},{"damage_healed":0,"gold_gain":100,"player_choice":"Pray","damage_taken":0,"max_hp_gain":0,"max_hp_loss":0,"event_name":"Golden Shrine","floor":14,"gold_loss":0}],"is_beta":false,"boss_relics":[],"items_purged_floors":[],"is_endless":false,"potions_floor_spawned":[3,4,6,8],"killed_by":"Hexaghost","ascension_level":12}