{"gold_per_floor":[116,135,135,153,153,182,200,200,200,219,27,56,56,74,74,170,170,110,110,121,121,121,121,121],"floor_reached":24,"playtime":1670,"items_purged":[],"score":270,"play_id":"8465750c-452b-4ea1-9d26-d56426e0c08d","local_time":"20190222160104","is_ascension_mode":true,"campfire_choices":[{"floor":8,"key":"REST"},{"data":"Creative AI","floor":13,"key":"SMITH"},{"floor":15,"key":"REST"},{"floor":23,"key":"REST"}],"neow_cost":"NONE","seed_source_timestamp":685148755203000,"circlet_count":0,"master_deck":["Defend_B","Defend_B","Defend_B","Defend_B","Zap","Dualcast","Echo Form+1","Beam Cell","Go for the Eyes","Conserve Battery","Creative AI+1","Self Repair","BootSequence","Redo","Capacitor","Defragment","All For One","BootSequence","Defragment","Go for the Eyes+1","Bite","Bite","Bite","Bite","Bite"],"relics":["Cracked Core","Pen Nib","Darkstone Periapt","ClockworkSouvenir","Mango","Busted Crown"],"potions_floor_usage":[12,24,24],"damage_taken":[{"damage":11,"enemies":"Small Slimes","floor":1,"turns":3},{"damage":18,"enemies":"Jaw Worm","floor":2,"turns":4},{"damage":1,"enemies":"Cultist","floor":4,"turns":3},{"damage":23,"enemies":"3 Sentries","floor":6,"turns":6},{"damage":21,"enemies":"Gremlin Gang","floor":7,"turns":7},{"damage":0,"enemies":"3 Louse","floor":10,"turns":3},{"damage":1,"enemies":"Lagavulin","floor":12,"turns":8},{"damage":26,"enemies":"Large Slime","floor":14,"turns":8},{"damage":63,"enemies":"The Guardian","floor":16,"turns":13},{"damage":19,"enemies":"2 Thieves","floor":18,"turns":4},{"damage":28,"enemies":"Spheric Guardian","floor":20,"turns":4},{"damage":52,"enemies":"Colosseum Slavers","floor":21,"turns":6},{"damage":42,"enemies":"Gremlin Leader","floor":24,"turns":5}],"seed_played":"-2392017915600412618","potions_obtained":[{"floor":1,"key":"FearPotion"},{"floor":4,"key":"FocusPotion"},{"floor":10,"key":"SneckoOil"},{"floor":12,"key":"Strength Potion"},{"floor":20,"key":"EssenceOfSteel"}],"is_trial":false,"path_per_floor":["M","M","?","M","?","E","M","R","T","M","$","E","R","M","R","B",null,"M","?","M","?","?","R","E"],"character_chosen":"DEFECT","items_purchased":["ClockworkSouvenir"],"campfire_rested":3,"item_purchase_floors":[11],"current_hp_per_floor":[64,46,46,45,45,22,8,30,30,37,37,57,57,38,64,8,89,77,77,56,11,11,29,0],"gold":121,"neow_bonus":"ONE_RANDOM_RARE_CARD","is_prod":false,"is_daily":false,"chose_seed":false,"campfire_upgraded":1,"win_rate":0,"timestamp":1550869264,"path_taken":["M","M","?","M","?","E","M","R","T","M","$","E","R","M","R","BOSS","M","?","?","?","?","R","E"],"build_version":"2019-01-23","purchased_purges":0,"victory":false,"max_hp_per_floor":[75,75,75,75,75,75,75,75,75,75,75,89,89,89,89,89,89,89,89,89,89,62,62,62],"card_choices":[{"not_picked":["Rip and Tear","Rebound"],"picked":"Beam Cell","floor":1},{"not_picked":["Hologram","Barrage"],"picked":"Go for the Eyes","floor":2},{"not_picked":["Barrage","Scrape"],"picked":"Conserve Battery","floor":4},{"not_picked":["Blizzard","Leap"],"picked":"Self Repair","floor":6},{"not_picked":["Rebound","Reinforced Body"],"picked":"BootSequence","floor":7},{"not_picked":["Meteor Strike","Reinforced Body"],"picked":"Redo","floor":10},{"not_picked":["Cold Snap","Blizzard"],"picked":"Capacitor","floor":12},{"not_picked":["Skim","Reprogram"],"picked":"Defragment","floor":14},{"not_picked":["Thunder Strike","Meteor Strike"],"picked":"All For One","floor":16},{"not_picked":[],"picked":"BootSequence","floor":18},{"not_picked":[],"picked":"Go for the Eyes+1","floor":20}],"player_experience":517653,"relics_obtained":[{"floor":6,"key":"Pen Nib"},{"floor":9,"key":"Darkstone Periapt"},{"floor":12,"key":"Mango"}],"event_choices":[{"damage_healed":0,"gold_gain":0,"player_choice":"Grow","damage_taken":0,"max_hp_gain":0,"max_hp_loss":0,"event_name":"Living Wall","floor":3,"gold_loss":0,"cards_upgraded":["Echo Form"]},{"damage_healed":0,"gold_gain":0,"cards_transformed":["Strike_B"],"player_choice":"Transformed","damage_taken":0,"max_hp_gain":0,"max_hp_loss":0,"event_name":"Transmorgrifier","floor":5,"gold_loss":0,"cards_obtained":["Creative AI"]},{"damage_healed":0,"gold_gain":0,"player_choice":"Copied","damage_taken":0,"max_hp_gain":0,"max_hp_loss":0,"event_name":"Duplicator","floor":19,"gold_loss":0,"cards_obtained":["Defragment"]},{"damage_healed":0,"gold_gain":0,"player_choice":"Fight","damage_taken":0,"max_hp_gain":0,"max_hp_loss":0,"event_name":"Colosseum","floor":21,"gold_loss":0},{"damage_healed":0,"gold_gain":0,"player_choice":"Fled From Nobs","damage_taken":0,"max_hp_gain":0,"max_hp_loss":0,"event_name":"Colosseum","floor":21,"gold_loss":0},{"damage_healed":0,"gold_gain":0,"player_choice":"Became a vampire","damage_taken":0,"max_hp_gain":0,"max_hp_loss":27,"event_name":"Vampires","floor":22,"gold_loss":0,"cards_obtained":["Bite","Bite","Bite","Bite","Bite"]}],"is_beta":false,"boss_relics":[{"not_picked":["Runic Dome","Eternal Feather"],"picked":"Busted Crown"}],"items_purged_floors":[],"is_endless":false,"potions_floor_spawned":[1,4,10,12,16,20,21],"killed_by":"Gremlin Leader","ascension_level":4}