{"path_per_floor":["M","?","M","M","?","E","R","$","T","M","R","E","M","M","R","B",null,"M","$","M","$","M","R","M","M","T","R","M","?","?","M","R"],"character_chosen":"IRONCLAD","items_purchased":["Molten Egg 2","Flex","Pummel","Spot Weakness"],"gold_per_floor":[118,118,128,139,214,249,249,6,6,24,24,52,63,82,82,179,179,191,99,109,40,54,54,65,81,160,160,178,178,178,189,189],"floor_reached":33,"campfire_rested":4,"playtime":1811,"current_hp_per_floor":[76,76,73,74,63,36,60,60,60,58,80,52,52,58,58,17,80,70,70,65,65,71,71,35,31,31,55,57,42,42,33,58],"items_purged":[],"gold":189,"score":261,"play_id":"a6028c65-c4ee-48c8-9075-293a1672c956","is_prod":false,"is_daily":false,"is_ascension_mode":false,"campfire_upgraded":2,"path_taken":["M","?","M","?","?","E","R","$","T","M","R","E","M","M","R","BOSS","M","$","M","$","M","R","M","M","T","R","M","?","?","?","R","BOSS"],"build_version":"2018-02-12-PROD1","purchased_purges":0,"victory":false,"master_deck":["Strike_R","Strike_R","Strike_R","Strike_R","Strike_R","Defend_R","Defend_R","Defend_R","Defend_R","Bash","Immolate","Armaments+1","Seeing Red","Clothesline","Cleave","Seeing Red","Pommel Strike+1","Shrug It Off","Armaments+1","Double Tap","Warcry","Flex","Pummel+1","Inflame","Spot Weakness+1","Seeing Red","Heavy Blade+1","Feed+1","Heavy Blade+1"],"max_hp_per_floor":[80,80,80,80,80,80,80,80,80,80,80,80,80,80,80,80,80,80,80,80,80,80,80,80,80,80,80,80,85,85,85,85],"relics":["Burning Blood","Vajra","Molten Egg 2","Ancient Tea Set","Unceasing Top","Runic Cube","Centennial Puzzle"],"card_choices":[{"not_picked":["Sword Boomerang","Disarm"],"picked":"Armaments"},{"not_picked":["Cleave","Twin Strike"],"picked":"Seeing Red"},{"not_picked":["Blood for Blood","Twin Strike"],"picked":"Clothesline"},{"not_picked":["Corruption","Sever Soul"],"picked":"Cleave"},{"not_picked":["Power Through","Shockwave"],"picked":"Seeing Red"},{"not_picked":["Combust","Power Through"],"picked":"Pommel Strike"},{"not_picked":["Flame Barrier","Clash"],"picked":"Shrug It Off"},{"not_picked":["Havoc","Sever Soul"],"picked":"Armaments"},{"not_picked":["Juggernaut","Feed"],"picked":"Double Tap"},{"not_picked":["Havoc","Clash"],"picked":"Warcry"},{"not_picked":["Flex","Perfected Strike"],"picked":"Inflame"},{"not_picked":["Anger","Rupture"],"picked":"Seeing Red"},{"not_picked":["Shrug It Off","Bloodletting"],"picked":"Heavy Blade"},{"not_picked":["Shrug It Off","Thunderclap"],"picked":"Feed"},{"not_picked":["Wild Strike","True Grit"],"picked":"Heavy Blade"}],"player_experience":127283,"potions_floor_usage":[16,16],"damage_taken":[{"damage":10,"enemies":"Jaw Worm","floor":1,"turns":4},{"damage":9,"enemies":"Blue Slaver","floor":3,"turns":4},{"damage":5,"enemies":"2 Louse","floor":4,"turns":3},{"damage":33,"enemies":"Gremlin Nob","floor":6,"turns":5},{"damage":8,"enemies":"Exordium Wildlife","floor":10,"turns":4},{"damage":34,"enemies":"Lagavulin","floor":12,"turns":6},{"damage":6,"enemies":"2 Fungi Beasts","floor":13,"turns":3},{"damage":0,"enemies":"Large Slime","floor":14,"turns":5},{"damage":47,"enemies":"Hexaghost","floor":16,"turns":12},{"damage":16,"enemies":"3 Byrds","floor":18,"turns":6},{"damage":11,"enemies":"Shell Parasite","floor":20,"turns":5},{"damage":0,"enemies":"Snecko","floor":22,"turns":3},{"damage":42,"enemies":"Sentry and Sphere","floor":24,"turns":6},{"damage":10,"enemies":"Chosen and Byrds","floor":25,"turns":5},{"damage":4,"enemies":"Centurion and Healer","floor":28,"turns":2},{"damage":15,"enemies":"Snake Plant","floor":31,"turns":2},{"damage":72,"enemies":"Automaton","floor":33,"turns":6}],"event_choices":[{"event_name":"Upgrade Shrine","player_choice":"Upgraded","floor":2,"damage_taken":0},{"event_name":"World of Goop","player_choice":"Gather Gold","floor":5,"damage_taken":0},{"event_name":"Forgotten Altar","player_choice":"Shed Blood","floor":29,"damage_taken":0},{"event_name":"N\u0027loth","player_choice":"Ignored","floor":30,"damage_taken":0}],"boss_relics":[{"not_picked":["Philosopher\u0027s Stone","Runic Dome"],"picked":"Runic Cube"}],"potions_floor_spawned":[6,10,12,13,14,24,25,28,31],"seed_played":"8676921507020400502","killed_by":"Automaton","ascension_level":0,"is_trial":false}