{"path_per_floor":["M","?","$","M","?","R","M","M","T","M","R","$","M","?","R","B",null,"M","M","M","$","M","R","M","M","T","M","R","?","R","M","R","B",null,"M","?","$","M","$","R","M","E","T","?","M","M","M","M","R"],"character_chosen":"IRONCLAD","items_purchased":["Impervious","Armaments","Mind Blast","Feel No Pain","Body Slam","Mercury Hourglass","Bag of Preparation","Shrug It Off","Armaments"],"gold_per_floor":[116,116,40,55,55,55,72,92,145,156,156,1,16,16,16,117,117,135,153,170,94,114,114,133,145,169,181,181,381,381,391,391,494,524,537,537,96,109,14,14,27,56,56,56,70,81,94,111,111],"floor_reached":50,"campfire_rested":6,"playtime":4718,"current_hp_per_floor":[65,65,65,68,68,68,49,44,44,29,50,50,38,31,52,31,72,72,72,56,56,48,48,56,24,24,30,51,51,51,43,64,57,77,75,75,75,29,29,52,51,12,26,26,29,17,8,9,36],"items_purged":[],"gold":111,"score":472,"play_id":"8f2734ab-a2b8-457d-8433-25d7a946b450","is_prod":false,"is_daily":false,"is_ascension_mode":false,"campfire_upgraded":3,"path_taken":["M","?","$","M","?","R","M","?","T","M","R","$","M","?","R","BOSS","M","M","M","$","M","R","M","M","T","M","R","?","R","M","R","BOSS","M","?","$","?","?","R","M","E","T","?","?","M","M","M","R","BOSS"],"build_version":"2018-02-08-PROD1","purchased_purges":0,"victory":false,"master_deck":["Strike_R","Strike_R","Defend_R","Defend_R","Defend_R","Defend_R","Bash","Barricade+1","Impervious+1","Pommel Strike","Evolve","Battle Trance","Armaments","Mind Blast","Clothesline","Impervious+1","Seeing Red+1","Seeing Red+1","Reckless Charge+1","Shrug It Off","Pommel Strike+1","Seeing Red+1","Feel No Pain","Body Slam+1","Flame Barrier+1","Battle Trance","Reaper","Headbutt","Iron Wave+1","Body Slam","Shrug It Off","Armaments","Shrug It Off+1","Warcry+1","Pommel Strike+1","Wild Strike+1","Metallicize","True Grit+1"],"max_hp_per_floor":[72,72,72,72,72,72,72,72,72,72,72,72,72,72,72,72,72,72,72,72,72,72,72,72,72,72,72,72,72,72,72,72,72,77,77,77,77,77,77,77,77,77,91,91,91,91,91,91,91],"relics":["Burning Blood","Centennial Puzzle","Blood Vial","Astrolabe","Bronze Scales","Tiny House","Mercury Hourglass","Bag of Preparation","Smiling Mask","Mango"],"card_choices":[{"not_picked":["Offering","Bludgeon"],"picked":"Barricade"},{"not_picked":["Shockwave","Fire Breathing"],"picked":"Pommel Strike"},{"not_picked":["Clothesline","Pommel Strike"],"picked":"Evolve"},{"not_picked":["Anger","Thunderclap"],"picked":"Battle Trance"},{"not_picked":["Searing Blow","Flex"],"picked":"Clothesline"},{"not_picked":["Fiend Fire","Brutality"],"picked":"Impervious"},{"not_picked":["Sword Boomerang","Pommel Strike"],"picked":"Shrug It Off"},{"not_picked":["Fire Breathing","Bloodletting"],"picked":"Pommel Strike"},{"not_picked":["Second Wind","Havoc"],"picked":"Seeing Red"},{"not_picked":["Feel No Pain","Rampage"],"picked":"Body Slam"},{"not_picked":["Whirlwind","Iron Wave"],"picked":"Flame Barrier"},{"not_picked":["Evolve","Searing Blow"],"picked":"Battle Trance"},{"not_picked":["Berserk","Immolate"],"picked":"Reaper"},{"not_picked":["Twin Strike","Hemokinesis"],"picked":"Headbutt"},{"not_picked":["Pommel Strike","Thunderclap"],"picked":"Iron Wave"},{"not_picked":["Combust","Uppercut"],"picked":"Shrug It Off"},{"not_picked":["Sever Soul","Perfected Strike"],"picked":"Warcry"},{"not_picked":["Burning Pact","Inflame"],"picked":"Pommel Strike"},{"not_picked":["Havoc","Offering"],"picked":"Wild Strike"},{"not_picked":["Clash","Wild Strike"],"picked":"Metallicize"},{"not_picked":["Burning Pact","Uppercut"],"picked":"True Grit"}],"player_experience":82370,"potions_floor_usage":[16,27,33,42,42,47,48,50],"damage_taken":[{"damage":13,"enemies":"Jaw Worm","floor":1,"turns":4},{"damage":3,"enemies":"Cultist","floor":4,"turns":5},{"damage":25,"enemies":"Blue Slaver","floor":7,"turns":7},{"damage":11,"enemies":"Large Slime","floor":8,"turns":8},{"damage":23,"enemies":"Looter","floor":10,"turns":4},{"damage":20,"enemies":"Red Slaver","floor":13,"turns":5},{"damage":29,"enemies":"The Guardian","floor":16,"turns":22},{"damage":2,"enemies":"Shell Parasite","floor":18,"turns":8},{"damage":3,"enemies":"Spheric Guardian","floor":19,"turns":8},{"damage":22,"enemies":"3 Cultists","floor":20,"turns":8},{"damage":16,"enemies":"Snake Plant","floor":22,"turns":6},{"damage":0,"enemies":"Snecko","floor":24,"turns":5},{"damage":40,"enemies":"Cultist and Chosen","floor":25,"turns":10},{"damage":17,"enemies":"Slaver and Parasite","floor":27,"turns":7},{"damage":16,"enemies":"Snake Plant","floor":31,"turns":3},{"damage":15,"enemies":"Champ","floor":33,"turns":11},{"damage":10,"enemies":"3 Shapes","floor":35,"turns":6},{"damage":54,"enemies":"3 Darklings","floor":38,"turns":7},{"damage":21,"enemies":"4 Shapes","floor":41,"turns":8},{"damage":55,"enemies":"2 Orb Walkers","floor":42,"turns":6},{"damage":9,"enemies":"Maw","floor":45,"turns":9},{"damage":20,"enemies":"3 Darklings","floor":46,"turns":4},{"damage":17,"enemies":"4 Shapes","floor":47,"turns":6},{"damage":7,"enemies":"Sphere and 2 Shapes","floor":48,"turns":9},{"damage":46,"enemies":"Awakened One","floor":50,"turns":14}],"event_choices":[{"event_name":"Big Fish","player_choice":"Box","floor":2,"damage_taken":0},{"event_name":"Living Wall","player_choice":"Grow","floor":5,"damage_taken":0},{"event_name":"Golden Wing","player_choice":"Card Removal","floor":14,"damage_taken":0},{"event_name":"The Joust","player_choice":"Bet on Owner","floor":29,"damage_taken":0},{"event_name":"Tomb of Lord Red Mask","player_choice":"Ignored","floor":36,"damage_taken":0},{"event_name":"Mysterious Sphere","player_choice":"Ignore","floor":44,"damage_taken":0}],"boss_relics":[{"not_picked":["Question Card","Philosopher\u0027s Stone"],"picked":"Astrolabe"},{"not_picked":["Sozu","Runic Pyramid"],"picked":"Tiny House"}],"potions_floor_spawned":[8,10,16,18,19,22,33,41,45,46],"seed_played":"-6975635407305276695","killed_by":"Awakened One","ascension_level":0,"is_trial":false}