{"gold_per_floor":[116,116,36,48,48,74,74,102,102,102,114,143,143,153,153,249,249,265,265,265,283,208,239,239,258,258,271,271,289,299,310,310,413,413,429,429,429,446,1,1,1,1,51,51,69,69,84,95,95,95],"floor_reached":50,"playtime":2020,"items_purged":["Inflame+1"],"score":671,"play_id":"c652dde1-e6b7-4a04-96ed-e45e40ec9db3","local_time":"20190205143156","is_ascension_mode":true,"campfire_choices":[{"data":"Inflame","floor":7.0,"key":"SMITH"},{"data":"Sword Boomerang","floor":10.0,"key":"SMITH"},{"floor":15.0,"key":"REST"},{"floor":24.0,"key":"REST"},{"floor":28.0,"key":"REST"},{"data":"Limit Break","floor":32.0,"key":"SMITH"},{"data":"Spot Weakness","floor":40.0,"key":"SMITH"},{"data":"Armaments","floor":44.0,"key":"SMITH"},{"floor":46.0,"key":"REST"},{"floor":49,"key":"REST"}],"neow_cost":"NONE","seed_source_timestamp":2232090607336484,"circlet_count":0,"master_deck":["Strike_R+1","Defend_R+1","Defend_R+1","Defend_R+1","Bash","Sword Boomerang+1","Armaments+1","Heavy Blade","Sword Boomerang","Spot Weakness+1","Pummel","Limit Break+1","Flame Barrier+1","Dual Wield","Madness","Body Slam","Rampage+1","Double Tap","Sword Boomerang+1","Shrug It Off"],"special_seed":0,"relics":["Burning Blood","NeowsBlessing","Pantograph","Lantern","War Paint","Dodecahedron","Centennial Puzzle","Astrolabe","Smiling Mask","Dream Catcher","Empty Cage","Self Forming Clay","PreservedInsect","Happy Flower"],"potions_floor_usage":[48],"damage_taken":[{"damage":0.0,"enemies":"Small Slimes","floor":1.0,"turns":1.0},{"damage":0.0,"enemies":"2 Louse","floor":4.0,"turns":1.0},{"damage":0.0,"enemies":"3 Sentries","floor":6.0,"turns":1.0},{"damage":39.0,"enemies":"Lagavulin","floor":8.0,"turns":6.0},{"damage":0.0,"enemies":"Cultist","floor":11.0,"turns":2.0},{"damage":29.0,"enemies":"3 Sentries","floor":12.0,"turns":6.0},{"damage":7.0,"enemies":"3 Louse","floor":14.0,"turns":2.0},{"damage":6.0,"enemies":"Slime Boss","floor":16.0,"turns":7.0},{"damage":20.0,"enemies":"2 Thieves","floor":18.0,"turns":3.0},{"damage":10.0,"enemies":"Shell Parasite","floor":21.0,"turns":5.0},{"damage":52.0,"enemies":"Gremlin Leader","floor":23.0,"turns":5.0},{"damage":27.0,"enemies":"Shelled Parasite and Fungi","floor":25.0,"turns":5.0},{"damage":11.0,"enemies":"Sentry and Sphere","floor":27.0,"turns":5.0},{"damage":5.0,"enemies":"Cultist and Chosen","floor":29.0,"turns":5.0},{"damage":0.0,"enemies":"Chosen and Byrds","floor":30.0,"turns":3.0},{"damage":22.0,"enemies":"Snecko","floor":31.0,"turns":4.0},{"damage":66.0,"enemies":"Champ","floor":33.0,"turns":11.0},{"damage":64.0,"enemies":"3 Darklings","floor":35.0,"turns":6.0},{"damage":31.0,"enemies":"3 Shapes","floor":38.0,"turns":9.0},{"damage":0.0,"enemies":"Nemesis","floor":42.0,"turns":2.0},{"damage":37.0,"enemies":"Writhing Mass","floor":45.0,"turns":5.0},{"damage":69.0,"enemies":"4 Shapes","floor":47.0,"turns":7.0},{"damage":6,"enemies":"Maw","floor":48,"turns":6},{"damage":65,"enemies":"Awakened One","floor":50,"turns":3}],"seed_played":"-2947276318346212066","potions_obtained":[{"floor":8.0,"key":"SpeedPotion"},{"floor":11.0,"key":"Fire Potion"},{"floor":14.0,"key":"Dexterity Potion"},{"floor":16.0,"key":"EssenceOfSteel"},{"floor":23.0,"key":"Explosive Potion"},{"floor":25.0,"key":"EssenceOfSteel"},{"floor":27.0,"key":"Weak Potion"},{"floor":30.0,"key":"BloodPotion"},{"floor":31.0,"key":"FearPotion"},{"floor":35.0,"key":"SmokeBomb"},{"floor":47.0,"key":"Block Potion"}],"is_trial":false,"path_per_floor":["M","?","$","M","?","E","R","E","T","R","M","E","?","M","R","B",null,"M","?","?","M","?","E","R","M","T","M","R","M","M","M","R","B",null,"M","?","?","M","$","R","?","E","T","R","M","R","M","M","R","B"],"character_chosen":"IRONCLAD","items_purchased":["Inflame","Self Forming Clay","PreservedInsect"],"campfire_rested":5,"item_purchase_floors":[3,39,39],"current_hp_per_floor":[80,85,85,85,78,84,84,51,51,51,57,34,34,33,58,83,85,71,71,71,67,67,21,46,25,25,20,45,46,52,44,44,9,66,8,8,74,49,49,49,84,84,84,84,53,78,15,15,40,0],"gold":95,"neow_bonus":"THREE_ENEMY_KILL","is_prod":false,"is_daily":false,"chose_seed":false,"campfire_upgraded":5,"win_rate":0,"timestamp":1549405916,"path_taken":["M","?","$","M","?","E","R","E","T","R","M","E","?","M","R","BOSS","M","?","?","?","?","E","R","M","T","M","R","M","M","M","R","BOSS","M","?","?","M","$","R","?","E","T","R","?","R","M","M","R","BOSS"],"build_version":"2019-01-23","purchased_purges":1,"victory":false,"max_hp_per_floor":[80,85,85,85,85,85,85,85,85,85,85,85,85,85,85,85,85,85,85,85,85,85,85,85,85,85,85,85,85,85,85,85,85,85,85,85,74,74,74,74,84,84,84,84,84,84,84,84,84,84],"card_choices":[{"not_picked":["Warcry","Twin Strike"],"picked":"Perfected Strike","floor":1.0},{"not_picked":["Reckless Charge","Perfected Strike"],"picked":"Sword Boomerang","floor":4.0},{"not_picked":["Power Through","Body Slam"],"picked":"Armaments","floor":6.0},{"not_picked":["Battle Trance","Dark Embrace"],"picked":"Heavy Blade","floor":8.0},{"not_picked":["Intimidate","Anger"],"picked":"Sword Boomerang","floor":11.0},{"not_picked":["Pommel Strike","Feel No Pain"],"picked":"Spot Weakness","floor":12.0},{"not_picked":["Sever Soul","Intimidate"],"picked":"Pummel","floor":14.0},{"not_picked":["Offering","Dark Embrace"],"picked":"Limit Break","floor":16.0},{"not_picked":["Inflame","Warcry"],"picked":"Dual Wield","floor":18.0},{"not_picked":["Wild Strike+1","Warcry","Feel No Pain+1"],"picked":"SKIP","floor":21.0},{"not_picked":["Uppercut","Thunderclap","Clothesline"],"picked":"SKIP","floor":23.0},{"not_picked":["Evolve+1","Burning Pact","Hemokinesis+1"],"picked":"SKIP","floor":25.0},{"not_picked":["Perfected Strike","Warcry","Bludgeon"],"picked":"SKIP","floor":27.0},{"not_picked":["Fire Breathing","Ghostly Armor","Searing Blow"],"picked":"SKIP","floor":29.0},{"not_picked":["Combust","Body Slam","Battle Trance"],"picked":"SKIP","floor":30.0},{"not_picked":["Seeing Red","Intimidate"],"picked":"Rampage+1","floor":31.0},{"not_picked":["Reaper","Berserk"],"picked":"Double Tap","floor":33.0},{"not_picked":["Rampage","Anger+1","Pommel Strike"],"picked":"SKIP","floor":35.0},{"not_picked":["Feel No Pain","Seeing Red","Sever Soul"],"picked":"SKIP","floor":38.0},{"not_picked":["Pommel Strike","Carnage","Bloodletting"],"picked":"SKIP","floor":45.0},{"not_picked":["Perfected Strike","Whirlwind+1"],"picked":"Sword Boomerang+1","floor":47.0},{"not_picked":["Pommel Strike","Blood for Blood","Perfected Strike"],"picked":"SKIP","floor":48},{"not_picked":["Clash","Pummel+1"],"picked":"Shrug It Off","floor":49}],"player_experience":243482,"relics_obtained":[{"floor":6.0,"key":"Lantern"},{"floor":8.0,"key":"War Paint"},{"floor":9.0,"key":"Dodecahedron"},{"floor":12.0,"key":"Centennial Puzzle"},{"floor":23.0,"key":"Smiling Mask"},{"floor":26.0,"key":"Dream Catcher"},{"floor":43.0,"key":"Happy Flower"}],"event_choices":[{"damage_healed":0.0,"max_hp_gain":5.0,"max_hp_loss":0.0,"gold_gain":0.0,"event_name":"Big Fish","player_choice":"Donut","floor":2.0,"gold_loss":0.0,"damage_taken":0.0},{"damage_healed":0.0,"max_hp_gain":0.0,"max_hp_loss":0.0,"gold_gain":0.0,"event_name":"Scrap Ooze","player_choice":"Success","floor":5.0,"gold_loss":0.0,"damage_taken":7.0,"relics_obtained":["Pantograph"]},{"cards_removed":["Perfected Strike"],"damage_healed":0.0,"max_hp_gain":0.0,"max_hp_loss":0.0,"gold_gain":0.0,"event_name":"Living Wall","player_choice":"Forget","floor":13.0,"gold_loss":0.0,"damage_taken":0.0},{"damage_healed":0.0,"max_hp_gain":0.0,"max_hp_loss":0.0,"gold_gain":0.0,"event_name":"Back to Basics","player_choice":"Simplicity","floor":19.0,"gold_loss":0.0,"damage_taken":0.0,"cards_upgraded":["Strike_R","Strike_R","Strike_R","Defend_R"]},{"damage_healed":0.0,"max_hp_gain":0.0,"max_hp_loss":0.0,"gold_gain":0.0,"event_name":"Match and Keep!","player_choice":"2 cards matched","floor":20.0,"gold_loss":0.0,"damage_taken":0.0,"cards_obtained":["Madness","Body Slam"]},{"cards_removed":["Blood for Blood"],"damage_healed":0.0,"max_hp_gain":0.0,"max_hp_loss":0.0,"gold_gain":0.0,"event_name":"Beggar","player_choice":"Gave Gold","floor":22.0,"gold_loss":75.0,"damage_taken":0.0},{"damage_healed":0.0,"max_hp_gain":0.0,"max_hp_loss":0.0,"gold_gain":0.0,"event_name":"Tomb of Lord Red Mask","player_choice":"Ignored","floor":36.0,"gold_loss":0.0,"damage_taken":0.0},{"damage_healed":74.0,"max_hp_gain":0.0,"max_hp_loss":11.0,"gold_gain":0.0,"event_name":"The Moai Head","player_choice":"Heal","floor":37.0,"gold_loss":0.0,"damage_taken":0.0},{"cards_removed":["Barricade"],"damage_healed":25.0,"max_hp_gain":10.0,"max_hp_loss":0.0,"gold_gain":0.0,"event_name":"Bonfire Elementals","player_choice":"Offered Rare","floor":41.0,"gold_loss":0.0,"damage_taken":0.0}],"is_beta":false,"boss_relics":[{"not_picked":["Ectoplasm","Calling Bell"],"picked":"Astrolabe"},{"not_picked":["Pandora\u0027s Box","Coffee Dripper"],"picked":"Empty Cage"}],"items_purged_floors":[39],"is_endless":false,"potions_floor_spawned":[8,11,14,16,23,25,27,30,31,35,42,47],"killed_by":"Awakened One","ascension_level":5}