{"gold_per_floor":[13,188,263,263,281,281,297,297,297,297,297,20,45,61,61,61],"floor_reached":16,"playtime":360,"items_purged":["Injury"],"score":114,"play_id":"8ed1498e-3b58-416f-8f34-8281c5875a07","local_time":"20190208201439","is_ascension_mode":true,"campfire_choices":[{"data":"Barricade","floor":6,"key":"SMITH"},{"data":"Body Slam","floor":8,"key":"SMITH"},{"data":"Iron Wave","floor":10,"key":"SMITH"},{"floor":15,"key":"REST"}],"neow_cost":"NO_GOLD","seed_source_timestamp":2513849052608954,"circlet_count":0,"master_deck":["Strike_R","Strike_R","Strike_R","Strike_R","Strike_R","Defend_R","Defend_R","Defend_R","Defend_R","Bash","Barricade+1","Iron Wave+1","Body Slam+1","Shrug It Off","Ghostly Armor"],"relics":["Burning Blood","Bottled Tornado","Golden Idol","Lantern","PreservedInsect"],"potions_floor_usage":[],"damage_taken":[{"damage":11,"enemies":"Jaw Worm","floor":1,"turns":4},{"damage":6,"enemies":"Small Slimes","floor":5,"turns":4},{"damage":6,"enemies":"2 Louse","floor":7,"turns":4},{"damage":0,"enemies":"Exordium Wildlife","floor":14,"turns":4},{"damage":80,"enemies":"Hexaghost","floor":16,"turns":16}],"seed_played":"-4406013316691779954","potions_obtained":[{"floor":7,"key":"Strength Potion"}],"is_trial":false,"path_per_floor":["M","?","?","?","M","R","M","R","T","R","?","$","T","M","R","B"],"character_chosen":"IRONCLAD","items_purchased":["Lantern","Shrug It Off"],"campfire_rested":1,"item_purchase_floors":[12,12],"current_hp_per_floor":[67,67,56,49,49,49,49,49,49,49,49,49,49,55,79,0],"gold":61,"neow_bonus":"THREE_RARE_CARDS","is_prod":false,"is_daily":false,"chose_seed":false,"campfire_upgraded":3,"win_rate":0,"timestamp":1549685679,"path_taken":["M","?","?","?","M","R","M","R","T","R","?","$","?","M","R","BOSS"],"build_version":"2019-01-23","purchased_purges":1,"victory":false,"max_hp_per_floor":[80,80,80,80,80,80,80,80,80,80,80,80,80,80,80,80],"card_choices":[{"not_picked":["Offering","Juggernaut"],"picked":"Barricade","floor":0},{"not_picked":["Heavy Blade","Twin Strike"],"picked":"Iron Wave","floor":1},{"not_picked":["Warcry","Headbutt"],"picked":"Body Slam","floor":5},{"not_picked":["Cleave","Wild Strike","Hemokinesis"],"picked":"SKIP","floor":7},{"not_picked":["Rage","Offering"],"picked":"Ghostly Armor","floor":14}],"player_experience":260401,"relics_obtained":[{"floor":9,"key":"Bottled Tornado"},{"floor":13,"key":"PreservedInsect"}],"event_choices":[{"damage_healed":0,"gold_gain":175,"player_choice":"AGREE","damage_taken":0,"max_hp_gain":0,"max_hp_loss":0,"event_name":"Liars Game","floor":2,"gold_loss":0,"cards_obtained":["Doubt"]},{"damage_healed":0,"gold_gain":75,"player_choice":"Gather Gold","damage_taken":11,"max_hp_gain":0,"max_hp_loss":0,"event_name":"World of Goop","floor":3,"gold_loss":0},{"cards_removed":["Doubt"],"damage_healed":0,"gold_gain":0,"player_choice":"Card Removal","damage_taken":7,"max_hp_gain":0,"max_hp_loss":0,"event_name":"Golden Wing","floor":4,"gold_loss":0},{"damage_healed":0,"gold_gain":0,"player_choice":"Take Wound","damage_taken":0,"relics_obtained":["Golden Idol"],"max_hp_gain":0,"max_hp_loss":0,"event_name":"Golden Idol","floor":11,"gold_loss":0,"cards_obtained":["Injury"]}],"is_beta":false,"boss_relics":[],"items_purged_floors":[12],"is_endless":false,"potions_floor_spawned":[7],"killed_by":"Hexaghost","ascension_level":6}