{"gold_per_floor":[216,227,227,245,245,245,275,275,325,335,366,366,395,9,9,9],"floor_reached":16,"playtime":837,"items_purged":[],"score":236,"play_id":"4caa6794-1087-4a86-aa19-eb2541b1953a","local_time":"20181224173701","is_ascension_mode":true,"campfire_choices":[{"floor":6,"key":"REST"},{"floor":12,"key":"REST"},{"floor":15,"key":"REST"}],"neow_cost":"NONE","seed_source_timestamp":253912907607030,"circlet_count":0,"master_deck":["AscendersBane","Strike_B+1","Strike_B","Strike_B+1","Strike_B","Defend_B","Defend_B+1","Defend_B","Defend_B","Zap+1","Dualcast","Go for the Eyes","Defragment","Ball Lightning+1","Static Discharge","Hologram","Coolheaded","Coolheaded"],"relics":["Cracked Core","Strawberry","Omamori","Whetstone","Molten Egg 2","Bag of Preparation","DataDisk"],"potions_floor_usage":[11,16],"damage_taken":[{"damage":1,"enemies":"2 Louse","floor":1,"turns":3},{"damage":4,"enemies":"Jaw Worm","floor":2,"turns":4},{"damage":5,"enemies":"Small Slimes","floor":4,"turns":3},{"damage":25,"enemies":"Lagavulin","floor":7,"turns":6},{"damage":11,"enemies":"Blue Slaver","floor":10,"turns":3},{"damage":29,"enemies":"Gremlin Nob","floor":11,"turns":4},{"damage":22,"enemies":"Lagavulin","floor":13,"turns":5},{"damage":28,"enemies":"Slime Boss","floor":16,"turns":7}],"seed_played":"996181543763262431","potions_obtained":[{"floor":7,"key":"EssenceOfSteel"},{"floor":13,"key":"Strength Potion"}],"is_trial":false,"path_per_floor":["M","M","?","M","?","R","E","?","T","M","E","R","E","$","R","B"],"character_chosen":"DEFECT","items_purchased":["Bag of Preparation","DataDisk","Coolheaded"],"campfire_rested":3,"item_purchase_floors":[14,14,14],"current_hp_per_floor":[63,59,59,54,33,54,36,41,41,30,1,25,3,3,27,0],"gold":9,"neow_bonus":"HUNDRED_GOLD","is_prod":false,"is_daily":false,"chose_seed":false,"campfire_upgraded":0,"win_rate":0,"timestamp":1545701821,"path_taken":["M","M","?","M","?","R","E","?","T","?","E","R","E","$","R","BOSS"],"build_version":"2018-12-20","purchased_purges":0,"victory":false,"max_hp_per_floor":[71,71,71,71,71,71,78,83,83,83,83,83,83,83,83,83],"card_choices":[{"not_picked":["Steam","Stack"],"picked":"Go for the Eyes","floor":1},{"not_picked":["Chill","Fusion"],"picked":"Defragment","floor":2},{"not_picked":["Rip and Tear","Stack"],"picked":"Ball Lightning","floor":4},{"not_picked":["Meteor Strike","Blizzard"],"picked":"Static Discharge","floor":7},{"not_picked":["Redo","Streamline"],"picked":"Hologram","floor":10},{"not_picked":["Streamline","Reboot","Static Discharge"],"picked":"SKIP","floor":11},{"not_picked":["Beam Cell","Static Discharge"],"picked":"Coolheaded","floor":13}],"player_experience":4018036,"relics_obtained":[{"floor":7,"key":"Strawberry"},{"floor":9,"key":"Omamori"},{"floor":11,"key":"Whetstone"},{"floor":13,"key":"Molten Egg 2"}],"event_choices":[{"damage_healed":0,"gold_gain":0,"player_choice":"Grow","damage_taken":0,"max_hp_gain":0,"max_hp_loss":0,"event_name":"Living Wall","floor":3,"gold_loss":0,"cards_upgraded":["Zap"]},{"damage_healed":0,"gold_gain":0,"player_choice":"Entered Light","damage_taken":21,"max_hp_gain":0,"max_hp_loss":0,"event_name":"Shining Light","floor":5,"gold_loss":0,"cards_upgraded":["Strike_B","Defend_B"]},{"damage_healed":0,"gold_gain":0,"player_choice":"Donut","damage_taken":0,"max_hp_gain":5,"max_hp_loss":0,"event_name":"Big Fish","floor":8,"gold_loss":0}],"is_beta":true,"boss_relics":[],"items_purged_floors":[],"is_endless":false,"potions_floor_spawned":[7,13],"killed_by":"Slime Boss","ascension_level":20}