{"path_per_floor":["M","$","?","M","M","R","M","M","T","M","M","R","M","M","R"],"character_chosen":"THE_SILENT","items_purchased":["Noxious Fumes","Calculated Gamble"],"gold_per_floor":[114,7,107,121,137,137,150,163,187,207,220,220,236,250,250],"floor_reached":16,"campfire_rested":1,"playtime":1152,"current_hp_per_floor":[70,70,70,64,64,64,64,45,52,43,27,50,43,35,35],"items_purged":[],"gold":250,"play_id":"a8573a85-19a1-494b-85f5-4bc32c734f53","is_prod":false,"is_daily":false,"is_ascension_mode":false,"campfire_upgraded":2,"path_taken":["M","$","?","M","M","R","M","M","T","M","M","R","M","M","R","BOSS"],"build_version":"2018-02-01-PROD1","purchased_purges":0,"victory":false,"master_deck":["Defend_G","Defend_G","Defend_G","Defend_G","Defend_G","Strike_G","Strike_G","Strike_G","Strike_G","Strike_G","Survivor","Neutralize","Bouncing Flask","Noxious Fumes+1","Calculated Gamble","Caltrops","Poisoned Stab","Dodge and Roll","Outmaneuver","Poisoned Stab","PiercingWail","Footwork","Well Laid Plans+1"],"max_hp_per_floor":[70,70,70,70,70,70,70,70,77,77,77,77,77,77,77],"relics":["Ring of the Snake","Strawberry"],"card_choices":[{"not_picked":["Die Die Die","Escape Plan"],"picked":"Bouncing Flask"},{"not_picked":["Dagger Throw","Acrobatics"],"picked":"Caltrops"},{"not_picked":["Blade Dance","Quick Slash"],"picked":"Poisoned Stab"},{"not_picked":["Prepared","Riddle With Holes"],"picked":"Dodge and Roll"},{"not_picked":["Deadly Poison","PiercingWail"],"picked":"Outmaneuver"},{"not_picked":["Infinite Blades","Acrobatics"],"picked":"Poisoned Stab"},{"not_picked":["Acrobatics","Unload"],"picked":"PiercingWail"},{"not_picked":["Acrobatics","Outmaneuver"],"picked":"Footwork"},{"not_picked":["Sucker Punch","Dodge and Roll"],"picked":"Well Laid Plans"}],"player_experience":5933,"potions_floor_usage":[],"damage_taken":[{"damage":0,"enemies":"Blue Slaver","floor":1,"turns":6},{"damage":6,"enemies":"Cultist","floor":4,"turns":3},{"damage":0,"enemies":"Small Slimes","floor":5,"turns":4},{"damage":0,"enemies":"Looter","floor":7,"turns":4},{"damage":19,"enemies":"Exordium Wildlife","floor":8,"turns":4},{"damage":9,"enemies":"2 Fungi Beasts","floor":10,"turns":4},{"damage":16,"enemies":"Large Slime","floor":11,"turns":6},{"damage":7,"enemies":"Looter","floor":13,"turns":3},{"damage":8,"enemies":"2 Fungi Beasts","floor":14,"turns":4},{"damage":35,"enemies":"Slime Boss","floor":16,"turns":8}],"event_choices":[{"event_name":"Golden Shrine","player_choice":"Pray","floor":3,"damage_taken":0}],"boss_relics":[],"potions_floor_spawned":[1,5,8,10,13,14],"seed_played":"-3546185249190468761","killed_by":"Slime Boss","ascension_level":0,"is_trial":false}