{"path_per_floor":["M","?","?","M","M","R","E","R","T","M","R","$","E","M","R","B",null,"M","?","?","?","?","M","T","M","T","R","M","M","E","M","R"],"character_chosen":"DEFECT","items_purchased":[],"gold_per_floor":[113,63,138,158,176,176,208,208,277,296,296,221,286,297,297,400,400,412,337,337,337,252,262,262,279,305,305,320,331,360,371,371,371],"floor_reached":33,"campfire_rested":0,"playtime":1576,"item_purchase_floors":[],"current_hp_per_floor":[75,75,64,64,64,64,46,46,46,37,37,37,20,20,20,6,58,40,40,37,37,37,33,33,32,32,32,31,28,6,6,6,0],"items_purged":["Strike_B"],"gold":371,"score":371,"play_id":"0e6e769c-f48f-4b7b-851a-11e2b83f6ebc","local_time":"20180603043428","is_prod":false,"is_daily":false,"chose_seed":false,"is_ascension_mode":true,"campfire_upgraded":6,"win_rate":0,"timestamp":1527968068,"campfire_choices":[{"data":"Beam Cell","floor":6.0,"key":"SMITH"},{"data":"Dualcast","floor":8.0,"key":"SMITH"},{"data":"Loop","floor":11.0,"key":"SMITH"},{"data":"Sweeping Beam","floor":15.0,"key":"SMITH"},{"data":"Ghostly","floor":27,"key":"SMITH"},{"data":"Ghostly","floor":32,"key":"SMITH"}],"path_taken":["M","?","?","M","?","R","E","R","T","?","R","$","E","M","R","BOSS","M","?","?","?","?","M","?","?","T","R","M","M","E","M","R","BOSS"],"build_version":"2018-05-31","seed_source_timestamp":0,"purchased_purges":1,"victory":false,"master_deck":["Strike_B","Strike_B+1","Defend_B","Defend_B","Defend_B","Zap+1","Dualcast+1","Ball Lightning+1","Beam Cell+1","Loop+1","Sweeping Beam+1","Seek","Melter+1","Ghostly","Ghostly","Ghostly","Ghostly+1","Ghostly+1","Glacier","Ball Lightning+1","Core Surge+1"],"max_hp_per_floor":[75,75,75,75,75,75,75,75,75,75,75,75,75,75,75,75,75,75,75,37,37,37,37,37,37,37,37,37,37,37,37,37,37],"relics":["Cracked Core","Whetstone","Matryoshka","Tiny Chest","Sozu","Cables","Art of War","Molten Egg 2","Bottled Tornado","Anchor","Lantern"],"card_choices":[{"not_picked":["Compile Driver","Fusion"],"picked":"Ball Lightning","floor":1.0},{"not_picked":["Capacitor","Gash"],"picked":"Beam Cell","floor":4.0},{"not_picked":["Double Energy","Recycle","Turbo"],"picked":"SKIP","floor":5.0},{"not_picked":["Chaos","Compile Driver","Streamline"],"picked":"SKIP","floor":7.0},{"not_picked":["Go for the Eyes","Capacitor"],"picked":"Loop","floor":10.0},{"not_picked":["Leap","Biased Cognition"],"picked":"Sweeping Beam","floor":13.0},{"not_picked":["Stack","Reinforced Body","Turbo"],"picked":"SKIP","floor":14.0},{"not_picked":["Fission","Creative AI"],"picked":"Seek","floor":16.0},{"not_picked":["Compile Driver","Hologram+1"],"picked":"Melter+1","floor":18.0},{"not_picked":["Cold Snap","Melter","White Noise"],"picked":"SKIP","floor":23},{"not_picked":["Aggregate+1","Hello World"],"picked":"Ball Lightning+1","floor":25},{"not_picked":["Rebound+1","Streamline+1","Coolheaded+1"],"picked":"SKIP","floor":28},{"not_picked":["Go for the Eyes+1","Turbo+1","Blizzard+1"],"picked":"SKIP","floor":29},{"not_picked":["Hologram","White Noise"],"picked":"Core Surge+1","floor":30},{"not_picked":["Compile Driver+1","Barrage+1","Streamline+1"],"picked":"SKIP","floor":31}],"player_experience":759451,"potions_floor_usage":[33,33],"damage_taken":[{"damage":0.0,"enemies":"Jaw Worm","floor":1.0,"turns":3.0},{"damage":0.0,"enemies":"Small Slimes","floor":4.0,"turns":2.0},{"damage":0.0,"enemies":"2 Louse","floor":5.0,"turns":1.0},{"damage":18.0,"enemies":"Gremlin Nob","floor":7.0,"turns":3.0},{"damage":9.0,"enemies":"Lots of Slimes","floor":10.0,"turns":2.0},{"damage":17.0,"enemies":"3 Sentries","floor":13.0,"turns":5.0},{"damage":0.0,"enemies":"Exordium Thugs","floor":14.0,"turns":3.0},{"damage":14.0,"enemies":"Hexaghost","floor":16.0,"turns":6.0},{"damage":18.0,"enemies":"Shell Parasite","floor":18.0,"turns":3.0},{"damage":4,"enemies":"2 Thieves","floor":23,"turns":4},{"damage":1,"enemies":"Sentry and Sphere","floor":25,"turns":3},{"damage":1,"enemies":"Centurion and Healer","floor":28,"turns":4},{"damage":3,"enemies":"3 Cultists","floor":29,"turns":4},{"damage":22,"enemies":"Slavers","floor":30,"turns":4},{"damage":0,"enemies":"Snake Plant","floor":31,"turns":3},{"damage":19,"enemies":"Collector","floor":33,"turns":7}],"relics_obtained":[{"floor":7.0,"key":"Whetstone"},{"floor":9.0,"key":"Matryoshka"},{"floor":13.0,"key":"Tiny Chest"},{"floor":24,"key":"Art of War"},{"floor":24,"key":"Molten Egg 2"},{"floor":26,"key":"Bottled Tornado"},{"floor":26,"key":"Anchor"},{"floor":30,"key":"Lantern"}],"event_choices":[{"event_name":"The Cleric","player_choice":"Card Removal","floor":2.0,"damage_taken":0.0},{"event_name":"World of Goop","player_choice":"Gather Gold","floor":3.0,"damage_taken":0.0},{"event_name":"Beggar","player_choice":"Gave Gold","floor":19.0,"damage_taken":0.0},{"event_name":"Ghosts","player_choice":"Became a Ghost","floor":20.0,"damage_taken":0.0},{"event_name":"The Library","player_choice":"Read","floor":21.0,"damage_taken":0.0},{"event_name":"Addict","player_choice":"Obtained Relic","floor":22,"damage_taken":0}],"boss_relics":[],"items_purged_floors":[],"potions_floor_spawned":[1,7,10,13,16,25,28,30],"seed_played":"-570981304913288235","killed_by":"Collector","ascension_level":5,"potions_obtained":[{"floor":1.0,"key":"FocusPotion"},{"floor":7.0,"key":"SpeedPotion"},{"floor":10.0,"key":"PowerPotion"},{"floor":13.0,"key":"Block Potion"},{"floor":16.0,"key":"Dexterity Potion"}],"is_trial":false}