{"gold_per_floor":[117,131,142,160,235,235,270,270,270,270,295,305,336,9,9,9],"floor_reached":16,"playtime":2495,"items_purged":[],"score":198,"play_id":"08c1e8f0-461c-463e-ba28-d7c5e3f31d16","local_time":"20190302143253","is_ascension_mode":true,"campfire_choices":[{"floor":6,"key":"REST"},{"data":"Zap","floor":8,"key":"SMITH"},{"data":"Sweeping Beam","floor":10,"key":"SMITH"},{"floor":15,"key":"REST"}],"neow_cost":"NONE","seed_source_timestamp":42393656537889,"circlet_count":0,"master_deck":["AscendersBane","Strike_B","Strike_B","Strike_B","Strike_B","Defend_B","Defend_B","Defend_B","Defend_B","Zap+1","Dualcast","Thunder Strike","Sweeping Beam+1","Ball Lightning","Leap","Storm","Coolheaded","Cold Snap","Seek","Reinforced Body"],"relics":["Cracked Core","Oddly Smooth Stone","Pear","Shovel","Bottled Tornado","Prayer Wheel"],"potions_floor_usage":[7,11,13,13],"damage_taken":[{"damage":7,"enemies":"Jaw Worm","floor":1,"turns":3},{"damage":7,"enemies":"Small Slimes","floor":2,"turns":4},{"damage":2,"enemies":"2 Louse","floor":3,"turns":3},{"damage":16,"enemies":"Blue Slaver","floor":4,"turns":3},{"damage":15,"enemies":"Gremlin Nob","floor":7,"turns":3},{"damage":24,"enemies":"3 Sentries","floor":11,"turns":5},{"damage":4,"enemies":"Exordium Thugs","floor":12,"turns":4},{"damage":8,"enemies":"Lagavulin","floor":13,"turns":7},{"damage":33,"enemies":"Slime Boss","floor":16,"turns":13}],"seed_played":"7954544132418056629","potions_obtained":[{"floor":1,"key":"AttackPotion"},{"floor":3,"key":"SpeedPotion"},{"floor":7,"key":"SkillPotion"},{"floor":11,"key":"GamblersBrew"}],"is_trial":false,"path_per_floor":["M","M","M","M","?","R","E","R","T","R","E","M","E","$","R","B"],"character_chosen":"DEFECT","items_purchased":["Reinforced Body","Prayer Wheel"],"campfire_rested":2,"item_purchase_floors":[14,14],"current_hp_per_floor":[61,54,52,36,25,47,32,32,42,42,18,14,6,6,31,0],"gold":9,"neow_bonus":"ONE_RANDOM_RARE_CARD","is_prod":false,"is_daily":false,"chose_seed":false,"campfire_upgraded":2,"win_rate":0,"timestamp":1551533573,"path_taken":["M","M","M","M","?","R","E","R","T","R","E","M","E","$","R","BOSS"],"build_version":"2019-01-23","purchased_purges":0,"victory":false,"max_hp_per_floor":[75,75,75,75,75,75,75,75,85,85,85,85,85,85,85,85],"card_choices":[{"not_picked":["Chaos","Barrage","Skim"],"picked":"SKIP","floor":1},{"not_picked":["BootSequence","Melter"],"picked":"Sweeping Beam","floor":2},{"not_picked":["Static Discharge","Beam Cell"],"picked":"Ball Lightning","floor":3},{"not_picked":["Undo","Barrage"],"picked":"Leap","floor":4},{"not_picked":["Hologram","Compile Driver"],"picked":"Storm","floor":7},{"not_picked":["Turbo","Sweeping Beam"],"picked":"Coolheaded","floor":11},{"not_picked":["Heatsinks","Barrage"],"picked":"Cold Snap","floor":12},{"not_picked":["Redo","Streamline"],"picked":"Seek","floor":13}],"player_experience":709127,"relics_obtained":[{"floor":7,"key":"Oddly Smooth Stone"},{"floor":9,"key":"Pear"},{"floor":11,"key":"Shovel"},{"floor":13,"key":"Bottled Tornado"}],"event_choices":[{"damage_healed":0,"gold_gain":75,"player_choice":"Gather Gold","damage_taken":11,"max_hp_gain":0,"max_hp_loss":0,"event_name":"World of Goop","floor":5,"gold_loss":0}],"is_beta":false,"boss_relics":[],"items_purged_floors":[],"is_endless":false,"potions_floor_spawned":[1,3,7,11],"killed_by":"Slime Boss","ascension_level":13}