{"gold_per_floor":[110,125,143,154,173,173,173,173,173,173,187,187,218,218,218,317,317,332,348,361,50,60,60,60],"floor_reached":24,"playtime":1774,"items_purged":[],"score":310,"play_id":"0c961792-72fc-4f13-a112-ac7a503919e1","local_time":"20190302095645","is_ascension_mode":true,"campfire_choices":[{"data":"Noxious Fumes","floor":6,"key":"SMITH"},{"data":"Deadly Poison","floor":8,"key":"SMITH"},{"data":"Die Die Die","floor":10,"key":"SMITH"},{"floor":15,"key":"REST"},{"floor":23,"key":"REST"}],"neow_cost":"NONE","seed_source_timestamp":224480866653049,"circlet_count":0,"master_deck":["AscendersBane","Defend_G","Defend_G","Defend_G","Defend_G","Defend_G","Strike_G","Strike_G","Strike_G","Strike_G","Survivor","Neutralize","Dagger Throw","Noxious Fumes+1","Die Die Die+1","Deadly Poison+1","Bane+1","Burst","Parasite","Dodge and Roll","Blur","Leg Sweep+1"],"relics":["Ring of the Snake","Omamori","Pen Nib","Orichalcum","Calling Bell","Bronze Scales","Matryoshka","Girya","Pantograph"],"potions_floor_usage":[16,16,19,24],"damage_taken":[{"damage":8,"enemies":"Small Slimes","floor":1,"turns":6},{"damage":2,"enemies":"Cultist","floor":2,"turns":6},{"damage":1,"enemies":"Jaw Worm","floor":3,"turns":4},{"damage":5,"enemies":"Looter","floor":4,"turns":4},{"damage":0,"enemies":"Lots of Slimes","floor":5,"turns":1},{"damage":15,"enemies":"Large Slime","floor":11,"turns":5},{"damage":15,"enemies":"3 Sentries","floor":13,"turns":7},{"damage":29,"enemies":"Slime Boss","floor":16,"turns":10},{"damage":14,"enemies":"2 Thieves","floor":18,"turns":4},{"damage":2,"enemies":"Shell Parasite","floor":19,"turns":4},{"damage":22,"enemies":"Snake Plant","floor":20,"turns":4},{"damage":13,"enemies":"Sentry and Sphere","floor":22,"turns":5},{"damage":30,"enemies":"Book of Stabbing","floor":24,"turns":6}],"seed_played":"-5869856154795676733","potions_obtained":[{"floor":3,"key":"Explosive Potion"},{"floor":4,"key":"Dexterity Potion"},{"floor":11,"key":"Energy Potion"},{"floor":18,"key":"GhostInAJar"},{"floor":19,"key":"FearPotion"}],"is_trial":false,"path_per_floor":["M","M","M","M","M","R","?","R","T","R","M","?","E","?","R","B",null,"M","M","M","$","M","R","E"],"character_chosen":"THE_SILENT","items_purchased":["Pantograph","Weak Potion"],"campfire_rested":2,"item_purchase_floors":[21,21],"current_hp_per_floor":[55,53,52,47,47,47,47,47,47,47,32,32,17,17,38,9,55,41,39,17,17,4,25,0],"gold":60,"neow_bonus":"RANDOM_COMMON_RELIC","is_prod":false,"is_daily":false,"chose_seed":false,"campfire_upgraded":3,"win_rate":0,"timestamp":1551538605,"path_taken":["M","M","M","M","M","R","?","R","T","R","?","?","E","?","R","BOSS","M","M","?","$","M","R","E"],"build_version":"2019-01-23","purchased_purges":0,"victory":false,"max_hp_per_floor":[70,70,70,70,70,70,70,70,70,70,70,70,70,70,70,70,70,70,70,70,70,70,70,70],"card_choices":[{"not_picked":["Bane","Caltrops"],"picked":"Dagger Throw","floor":1},{"not_picked":["Blade Dance","Crippling Poison"],"picked":"Noxious Fumes","floor":2},{"not_picked":["Deflect","Underhanded Strike"],"picked":"Die Die Die","floor":3},{"not_picked":["Endless Agony","Setup"],"picked":"Deadly Poison","floor":4},{"not_picked":["Poisoned Stab","Dagger Throw"],"picked":"Bane","floor":5},{"not_picked":["Skewer","Deadly Poison","Tactician"],"picked":"SKIP","floor":11},{"not_picked":["Flying Knee","Heel Hook","Eviscerate"],"picked":"SKIP","floor":13},{"not_picked":["Wraith Form v2","Glass Knife"],"picked":"Burst","floor":16},{"not_picked":["Setup","Concentrate"],"picked":"Dodge and Roll","floor":18},{"not_picked":["Grand Finale","Dodge and Roll","Outmaneuver"],"picked":"SKIP","floor":19},{"not_picked":["Deadly Poison","Skewer"],"picked":"Blur","floor":20},{"not_picked":["Finisher","Deflect+1"],"picked":"Leg Sweep+1","floor":22}],"player_experience":317520,"relics_obtained":[{"floor":9,"key":"Pen Nib"},{"floor":13,"key":"Orichalcum"},{"floor":17,"key":"Bronze Scales"},{"floor":17,"key":"Matryoshka"},{"floor":17,"key":"Girya"}],"event_choices":[{"damage_healed":0,"gold_gain":0,"player_choice":"Upgraded","damage_taken":0,"max_hp_gain":0,"max_hp_loss":0,"event_name":"Upgrade Shrine","floor":7,"gold_loss":0,"cards_upgraded":["Bane"]},{"damage_healed":0,"gold_gain":0,"player_choice":"Fled","damage_taken":0,"max_hp_gain":0,"max_hp_loss":0,"event_name":"Scrap Ooze","floor":12,"gold_loss":0},{"cards_removed":["Strike_G"],"damage_healed":0,"gold_gain":0,"player_choice":"Offered Basic","damage_taken":0,"max_hp_gain":0,"max_hp_loss":0,"event_name":"Bonfire Elementals","floor":14,"gold_loss":0}],"is_beta":false,"boss_relics":[{"not_picked":["Ring of the Serpent","Velvet Choker"],"picked":"Calling Bell"}],"items_purged_floors":[],"is_endless":false,"potions_floor_spawned":[3,4,11,13,18,19],"killed_by":"Book of Stabbing","ascension_level":11}