{"gold_per_floor":[116,116,191,191,208,208,219,247,247,90,90,105,105,121,121,198,198,217,236,254,0,12,12,40,40,92,111,142,159,159,173,173,251,251,264,275,289,304,319,319,353,353,353,46,65,65,65,75,75,75],"floor_reached":51,"playtime":3290,"items_purged":[],"score":1376,"play_id":"c58b8dc3-4dd3-4185-b8bc-acf4c0ebabd4","local_time":"20190303100519","is_ascension_mode":true,"campfire_choices":[{"floor":6.0,"key":"REST"},{"floor":11.0,"key":"REST"},{"floor":15.0,"key":"REST"},{"floor":23.0,"key":"REST"},{"floor":25.0,"key":"REST"},{"floor":30.0,"key":"REST"},{"floor":32.0,"key":"REST"},{"floor":40,"key":"REST"},{"floor":46,"key":"REST"},{"floor":49,"key":"REST"}],"neow_cost":"PERCENT_DAMAGE","seed_source_timestamp":131218086084289,"circlet_count":0,"master_deck":["AscendersBane","Defend_G","Defend_G","Defend_G","Defend_G","Defend_G","Strike_G","Strike_G","Strike_G","Strike_G","Strike_G","Survivor","Neutralize","Adrenaline","Noxious Fumes","Adrenaline","Cloak And Dagger","PiercingWail","Corpse Explosion","Malaise","Noxious Fumes","Dash","Dodge and Roll+1","PiercingWail+1","After Image","Blur+1","Leg Sweep","Noxious Fumes"],"special_seed":0,"relics":["Ring of the Snake","Singing Bowl","Ninja Scroll","Fusion Hammer","Snake Skull","Paper Crane","Blood Vial","Potion Belt","Runic Dome","PreservedInsect","Meat on the Bone","Regal Pillow","Bottled Tornado"],"potions_floor_usage":[38,38,41,44,50,50,50],"damage_taken":[{"damage":1.0,"enemies":"Cultist","floor":1.0,"turns":5.0},{"damage":0.0,"enemies":"2 Louse","floor":5.0,"turns":3.0},{"damage":0.0,"enemies":"Small Slimes","floor":7.0,"turns":3.0},{"damage":47.0,"enemies":"Lagavulin","floor":8.0,"turns":9.0},{"damage":0.0,"enemies":"2 Fungi Beasts","floor":12.0,"turns":2.0},{"damage":3.0,"enemies":"Exordium Thugs","floor":14.0,"turns":3.0},{"damage":8.0,"enemies":"The Guardian","floor":16.0,"turns":11.0},{"damage":9.0,"enemies":"Spheric Guardian","floor":18.0,"turns":5.0},{"damage":9.0,"enemies":"2 Thieves","floor":19.0,"turns":3.0},{"damage":10.0,"enemies":"Centurion and Healer","floor":20.0,"turns":9.0},{"damage":11.0,"enemies":"Chosen and Byrds","floor":22.0,"turns":7.0},{"damage":18.0,"enemies":"Slavers","floor":24.0,"turns":4.0},{"damage":23.0,"enemies":"Cultist and Chosen","floor":27.0,"turns":6.0},{"damage":2.0,"enemies":"Book of Stabbing","floor":28.0,"turns":7.0},{"damage":5.0,"enemies":"Centurion and Healer","floor":29.0,"turns":4.0},{"damage":11.0,"enemies":"Shelled Parasite and Fungi","floor":31.0,"turns":6.0},{"damage":21.0,"enemies":"Collector","floor":33.0,"turns":9.0},{"damage":8.0,"enemies":"Orb Walker","floor":35.0,"turns":5.0},{"damage":0.0,"enemies":"3 Shapes","floor":36.0,"turns":6.0},{"damage":0.0,"enemies":"Maw","floor":37.0,"turns":11.0},{"damage":0,"enemies":"Jaw Worm Horde","floor":38,"turns":2},{"damage":0,"enemies":"Writhing Mass","floor":39,"turns":8},{"damage":45,"enemies":"Giant Head","floor":41,"turns":13},{"damage":19,"enemies":"Sphere and 2 Shapes","floor":45,"turns":6},{"damage":29,"enemies":"Transient","floor":48,"turns":6},{"damage":79,"enemies":"Time Eater","floor":50,"turns":15}],"seed_played":"-7522346644555137115","potions_obtained":[{"floor":1.0,"key":"Swift Potion"},{"floor":8.0,"key":"Weak Potion"},{"floor":12.0,"key":"Swift Potion"},{"floor":18.0,"key":"Ancient Potion"},{"floor":22.0,"key":"Dexterity Potion"},{"floor":28.0,"key":"FearPotion"},{"floor":29.0,"key":"SpeedPotion"},{"floor":31.0,"key":"SteroidPotion"},{"floor":33.0,"key":"Fire Potion"},{"floor":36.0,"key":"Fire Potion"},{"floor":38,"key":"GhostInAJar"},{"floor":41,"key":"Fruit Juice"}],"is_trial":false,"path_per_floor":["M","$","?","?","M","R","M","E","T","$","R","M","?","M","R","B",null,"M","M","M","$","M","R","E","R","T","M","E","M","R","M","R","B",null,"M","M","M","M","M","R","E","?","T","$","M","R","T","M","R","B",null],"character_chosen":"THE_SILENT","items_purchased":["Corpse Explosion","Snake Skull","Noxious Fumes","Regal Pillow","LiquidBronze","Poison Potion"],"campfire_rested":10,"item_purchase_floors":[10,21,21,44,44,44],"current_hp_per_floor":[43,43,32,32,32,51,51,6,6,6,26,28,28,27,48,40,64,57,50,42,42,31,54,38,62,62,41,43,42,67,58,83,63,79,73,75,79,83,87,90,45,45,45,50,47,91,91,66,99,32],"gold":75,"neow_bonus":"THREE_RARE_CARDS","is_prod":false,"is_daily":false,"chose_seed":false,"campfire_upgraded":0,"win_rate":0,"timestamp":1551600319,"path_taken":["M","?","?","?","?","R","M","E","T","$","R","M","?","M","R","BOSS","M","M","M","$","M","R","E","R","T","M","E","M","R","M","R","BOSS","M","M","M","M","M","R","E","?","T","$","M","R","?","M","R","BOSS"],"build_version":"2019-01-23","purchased_purges":0,"victory":true,"max_hp_per_floor":[66,66,66,66,66,66,66,68,68,68,68,70,70,72,72,72,72,74,76,78,78,78,78,80,80,80,80,82,84,84,84,84,84,84,84,84,86,88,90,90,90,90,90,95,97,97,97,99,99,99],"card_choices":[{"not_picked":["Doppelganger","Wraith Form v2"],"picked":"Adrenaline","floor":0.0},{"not_picked":["PiercingWail","Acrobatics"],"picked":"Noxious Fumes","floor":1.0},{"not_picked":["Finisher","Prepared"],"picked":"Cloak And Dagger","floor":5.0},{"not_picked":["Cloak And Dagger","Bullet Time"],"picked":"PiercingWail","floor":7.0},{"not_picked":["Endless Agony","Deadly Poison","Slice"],"picked":"Singing Bowl","floor":8.0},{"not_picked":["Flying Knee","Sucker Punch","Underhanded Strike"],"picked":"Singing Bowl","floor":12.0},{"not_picked":["Dagger Spray","Heel Hook","Slice"],"picked":"Singing Bowl","floor":14.0},{"not_picked":["Grand Finale","Venomology"],"picked":"Malaise","floor":16.0},{"not_picked":["Underhanded Strike","Poisoned Stab","Concentrate"],"picked":"Singing Bowl","floor":18.0},{"not_picked":["Underhanded Strike","PiercingWail","Deadly Poison"],"picked":"Singing Bowl","floor":19.0},{"not_picked":["Distraction","Bouncing Flask+1","Sucker Punch"],"picked":"Singing Bowl","floor":20.0},{"not_picked":["Prepared","Dodge and Roll"],"picked":"Dash","floor":22.0},{"not_picked":["Eviscerate","Dodge and Roll","Noxious Fumes"],"picked":"Singing Bowl","floor":24.0},{"not_picked":["Deflect","Acrobatics"],"picked":"Dodge and Roll+1","floor":27.0},{"not_picked":["Setup","Blade Dance","Sucker Punch"],"picked":"Singing Bowl","floor":28.0},{"not_picked":["Dagger Spray","Distraction","Deflect"],"picked":"Singing Bowl","floor":29.0},{"not_picked":["Sucker Punch","Masterful Stab"],"picked":"PiercingWail+1","floor":31.0},{"not_picked":["Tools of the Trade","Burst"],"picked":"After Image","floor":33.0},{"not_picked":["PiercingWail+1","Tactician"],"picked":"Blur+1","floor":35.0},{"not_picked":["Backflip","Deadly Poison"],"picked":"Leg Sweep","floor":36.0},{"not_picked":["Dagger Spray","Sucker Punch","Backstab"],"picked":"Singing Bowl","floor":37.0},{"not_picked":["Phantasmal Killer","Quick Slash","Infinite Blades"],"picked":"Singing Bowl","floor":38},{"not_picked":["All Out Attack","Poisoned Stab","Dagger Throw"],"picked":"Singing Bowl","floor":39},{"not_picked":["Terror","Deadly Poison"],"picked":"Noxious Fumes","floor":41},{"not_picked":["Bane","Dagger Spray","Prepared"],"picked":"Singing Bowl","floor":45},{"not_picked":["Prepared+1","Blade Dance","Dagger Spray"],"picked":"Singing Bowl","floor":48}],"player_experience":349043,"relics_obtained":[{"floor":8.0,"key":"Singing Bowl"},{"floor":9.0,"key":"Ninja Scroll"},{"floor":24.0,"key":"Paper Crane"},{"floor":26.0,"key":"Blood Vial"},{"floor":28.0,"key":"Potion Belt"},{"floor":41,"key":"PreservedInsect"},{"floor":43,"key":"Meat on the Bone"},{"floor":47,"key":"Bottled Tornado"}],"event_choices":[{"damage_healed":0.0,"max_hp_gain":0.0,"max_hp_loss":0.0,"gold_gain":75.0,"event_name":"World of Goop","player_choice":"Gather Gold","floor":3.0,"gold_loss":0.0,"damage_taken":11.0},{"damage_healed":0.0,"max_hp_gain":0.0,"max_hp_loss":0.0,"gold_gain":0.0,"event_name":"Match and Keep!","player_choice":"1 cards matched","floor":4.0,"gold_loss":0.0,"damage_taken":0.0,"cards_obtained":["Adrenaline"]},{"damage_healed":0.0,"max_hp_gain":0.0,"max_hp_loss":0.0,"gold_gain":0.0,"event_name":"Golden Wing","player_choice":"Ignored","floor":13.0,"gold_loss":0.0,"damage_taken":0.0},{"damage_healed":0,"gold_gain":0,"player_choice":"Ignored","damage_taken":0,"max_hp_gain":0,"max_hp_loss":0,"event_name":"The Moai Head","floor":42,"gold_loss":0}],"is_beta":false,"boss_relics":[{"not_picked":["Snecko Eye","Empty Cage"],"picked":"Fusion Hammer"},{"not_picked":["Coffee Dripper","HoveringKite"],"picked":"Runic Dome"}],"items_purged_floors":[],"is_endless":false,"potions_floor_spawned":[1,8,12,18,22,28,29,31,33,36,38,41],"ascension_level":18}