{"path_per_floor":["M","M","?","M","M","R","?","M","T","R","?","$","?","M","R","B",null,"M","?","M","?","?","R","$","M","T","M","M","$","M","M","R","B",null,"M","M","?","$","M","R","M","?","T","$","R","M","M","?","R","B"],"character_chosen":"IRONCLAD","items_purchased":["Barricade","Metallicize","Pommel Strike","Warcry"],"gold_per_floor":[117,129,129,139,157,157,157,167,216,216,216,20,20,31,31,130,130,148,148,162,162,162,162,102,118,118,130,146,46,59,71,71,172,172,182,193,193,56,74,74,92,92,92,92,92,112,130,130,130,130],"floor_reached":51,"campfire_rested":1,"playtime":4245,"current_hp_per_floor":[80,80,80,80,80,80,62,62,62,62,76,76,57,54,54,37,94,84,84,86,86,86,86,86,88,88,76,78,78,79,73,73,41,94,94,94,94,94,94,94,88,76,76,76,76,56,58,58,86,50],"items_purged":["Regret","Strike_R","Anger"],"gold":130,"score":541,"play_id":"5f236d43-133d-46a1-8803-c6f569843351","is_prod":false,"is_daily":false,"is_ascension_mode":true,"campfire_upgraded":7,"path_taken":["M","M","?","M","M","R","?","M","T","R","?","$","?","?","R","BOSS","M","?","M","?","?","R","$","M","T","?","?","$","M","M","R","BOSS","M","M","?","$","M","R","M","?","T","?","R","M","M","?","R","BOSS"],"build_version":"2018-02-22-PROD2","purchased_purges":3,"victory":true,"master_deck":["Bash","Seeing Red","Shrug It Off+1","True Grit+1","Entrench+1","Shrug It Off","Barricade+1","Metallicize+1","Entrench+1","Offering+1","Body Slam+1","Warcry+1","Entrench+1","Pommel Strike","Pommel Strike+1","Entrench+1","True Grit","Seeing Red","Armaments","Cleave","Flex","Dropkick","Entrench+1","Shrug It Off+1","Warcry","Warcry+1","Madness","Madness+1","Metallicize+1"],"max_hp_per_floor":[80,80,80,80,80,80,80,80,80,80,94,94,94,94,94,94,94,94,94,94,94,94,94,94,94,94,94,94,94,94,94,94,94,94,94,94,94,94,94,94,94,94,94,94,94,94,94,94,94,94],"relics":["Burning Blood","Lantern","The Courier","War Paint","Mango","Mark of Pain","Torii","Pandora\u0027s Box","Bag of Marbles"],"card_choices":[{"not_picked":["Headbutt","Twin Strike"],"picked":"Seeing Red"},{"not_picked":["Evolve","Headbutt"],"picked":"Shrug It Off"},{"not_picked":["Pommel Strike","Sentinel"],"picked":"True Grit"},{"not_picked":["Reckless Charge","Thunderclap"],"picked":"Entrench"},{"not_picked":["Bloodletting","Battle Trance"],"picked":"Shrug It Off"},{"not_picked":["Thunderclap","Burning Pact"],"picked":"Entrench"},{"not_picked":["Brutality","Fiend Fire"],"picked":"Offering"},{"not_picked":["Clash","Uppercut"],"picked":"Warcry"},{"not_picked":["Anger","Dual Wield"],"picked":"Entrench"},{"not_picked":["Armaments","Perfected Strike"],"picked":"Pommel Strike"},{"not_picked":["Searing Blow","True Grit"],"picked":"Entrench"},{"not_picked":["Clash","Clothesline"],"picked":"Entrench"},{"not_picked":["Reaper","Hemokinesis"],"picked":"Shrug It Off"},{"not_picked":["Whirlwind","Flex"],"picked":"Warcry"},{"not_picked":["Hemokinesis","Sever Soul"],"picked":"Metallicize"}],"player_experience":211506,"potions_floor_usage":[47,50,50],"damage_taken":[{"damage":0.0,"enemies":"2 Louse","floor":1.0,"turns":2.0},{"damage":1.0,"enemies":"Small Slimes","floor":2.0,"turns":3.0},{"damage":0.0,"enemies":"Jaw Worm","floor":4.0,"turns":3.0},{"damage":0.0,"enemies":"Large Slime","floor":5.0,"turns":5.0},{"damage":6.0,"enemies":"Blue Slaver","floor":8.0,"turns":5.0},{"damage":9.0,"enemies":"Lots of Slimes","floor":14.0,"turns":9.0},{"damage":23.0,"enemies":"Slime Boss","floor":16.0,"turns":33.0},{"damage":16.0,"enemies":"3 Byrds","floor":18.0,"turns":10.0},{"damage":4.0,"enemies":"Spheric Guardian","floor":20.0,"turns":5.0},{"damage":4.0,"enemies":"Snake Plant","floor":25.0,"turns":5.0},{"damage":18.0,"enemies":"Centurion and Healer","floor":27.0,"turns":9.0},{"damage":4.0,"enemies":"Snecko","floor":28.0,"turns":4.0},{"damage":5.0,"enemies":"Snake Plant","floor":30.0,"turns":3.0},{"damage":12.0,"enemies":"3 Cultists","floor":31.0,"turns":8.0},{"damage":38.0,"enemies":"Collector","floor":33.0,"turns":12.0},{"damage":4.0,"enemies":"3 Shapes","floor":35.0,"turns":5.0},{"damage":4.0,"enemies":"3 Darklings","floor":36.0,"turns":11.0},{"damage":4,"enemies":"Maw","floor":39,"turns":4},{"damage":12,"enemies":"Sphere and 2 Shapes","floor":41,"turns":10},{"damage":26,"enemies":"3 Darklings","floor":46,"turns":10},{"damage":4,"enemies":"Maw","floor":47,"turns":5},{"damage":57,"enemies":"Awakened One","floor":50,"turns":12}],"event_choices":[{"event_name":"Liars Game","player_choice":"disagreed","floor":3.0,"damage_taken":0.0},{"event_name":"Scrap Ooze","player_choice":"success","floor":7.0,"damage_taken":18.0},{"event_name":"Big Fish","player_choice":"Box","floor":11.0,"damage_taken":0.0},{"event_name":"Shining Light","player_choice":"Entered Light","floor":13.0,"damage_taken":0.0},{"event_name":"The Library","player_choice":"Read","floor":19.0,"damage_taken":0.0},{"event_name":"Back to Basics","player_choice":"Elegance","floor":21.0,"damage_taken":0.0},{"event_name":"Accursed Blacksmith","player_choice":"Forge","floor":22.0,"damage_taken":0.0},{"event_name":"The Woman in Blue","player_choice":"Bought 0 Potions","floor":37.0,"damage_taken":0.0},{"event_name":"Winding Halls","player_choice":"Embrace Madness","floor":42,"damage_taken":0},{"event_name":"Upgrade Shrine","player_choice":"Upgraded","floor":48,"damage_taken":0}],"boss_relics":[],"potions_floor_spawned":[2,5,16,20,31,33,35,41,46],"seed_played":"6715349180445371625","ascension_level":2,"is_trial":false}