{"gold_per_floor":[11,30,30,57,69,81,121,133,170,199,181,209,221,262,274,389,401,432,472,262,277,277],"floor_reached":22,"playtime":2197,"items_purged":["Strike_G"],"score":310,"play_id":"fa288445-15b1-4f4a-a5e1-4c21d4c69e73","local_time":"20190216230527","is_ascension_mode":true,"campfire_choices":[{"data":"Dagger Throw","floor":6,"key":"SMITH"},{"floor":8,"key":"REST"},{"floor":13,"key":"REST"},{"floor":15,"key":"REST"}],"neow_cost":"NO_GOLD","seed_source_timestamp":219027568518000,"circlet_count":0,"master_deck":["AscendersBane","Defend_G","Defend_G","Defend_G","Defend_G","Defend_G","Strike_G","Strike_G","Strike_G","Strike_G","Survivor","Neutralize","Dagger Throw+1","Blur","Bullet Time","Bouncing Flask","Noxious Fumes","A Thousand Cuts","Prepared+1","Dagger Spray+1","Catalyst","Leg Sweep"],"relics":["Ring of the Snake","MawBank","Dodecahedron","Regal Pillow","Orichalcum","Runic Pyramid","Red Mask"],"potions_floor_usage":[10,16,16],"damage_taken":[{"damage":3,"enemies":"Cultist","floor":1,"turns":4},{"damage":0,"enemies":"Small Slimes","floor":2,"turns":3},{"damage":0,"enemies":"2 Louse","floor":4,"turns":4},{"damage":36,"enemies":"3 Sentries","floor":7,"turns":14},{"damage":17,"enemies":"Exordium Wildlife","floor":10,"turns":7},{"damage":6,"enemies":"Looter","floor":11,"turns":4},{"damage":5,"enemies":"Blue Slaver","floor":12,"turns":6},{"damage":56,"enemies":"Gremlin Nob","floor":14,"turns":6},{"damage":27,"enemies":"Hexaghost","floor":16,"turns":9},{"damage":2,"enemies":"3 Byrds","floor":18,"turns":5},{"damage":59,"enemies":"Masked Bandits","floor":19,"turns":6},{"damage":2,"enemies":"Chosen","floor":21,"turns":4},{"damage":9,"enemies":"Centurion and Healer","floor":22,"turns":4}],"seed_played":"-8706624934981245821","potions_obtained":[{"floor":1,"key":"Weak Potion"},{"floor":4,"key":"Dexterity Potion"},{"floor":10,"key":"SpeedPotion"},{"floor":14,"key":"GamblersBrew"},{"floor":21,"key":"Energy Potion"}],"is_trial":false,"path_per_floor":["M","M","?","M","?","R","E","R","T","M","M","M","R","E","R","B",null,"M","?","$","M","M"],"character_chosen":"THE_SILENT","items_purchased":["Catalyst","GhostInAJar"],"campfire_rested":3,"item_purchase_floors":[20,20],"current_hp_per_floor":[74,74,71,71,63,63,27,52,52,35,29,24,64,8,48,21,68,66,7,7,5,0],"gold":277,"neow_bonus":"TWENTY_PERCENT_HP_BONUS","is_prod":false,"is_daily":false,"chose_seed":false,"campfire_upgraded":1,"win_rate":0,"timestamp":1550376327,"path_taken":["M","M","?","M","?","R","E","R","T","M","M","M","R","E","R","BOSS","M","?","$","M","M"],"build_version":"2019-01-23","purchased_purges":1,"victory":false,"max_hp_per_floor":[84,84,84,84,84,84,84,84,84,84,84,84,84,84,84,84,84,84,84,84,84,84],"card_choices":[{"not_picked":["Reflex","Deflect"],"picked":"Dagger Throw","floor":1},{"not_picked":["All Out Attack","Accuracy"],"picked":"Blur","floor":2},{"not_picked":["Acrobatics","Sucker Punch","Bane"],"picked":"SKIP","floor":4},{"not_picked":["Quick Slash","Expertise","Masterful Stab"],"picked":"SKIP","floor":7},{"not_picked":["Prepared","Underhanded Strike","Deflect"],"picked":"SKIP","floor":10},{"not_picked":["Blade Dance","Prepared"],"picked":"Bullet Time","floor":11},{"not_picked":["Slice","Outmaneuver"],"picked":"Bouncing Flask","floor":12},{"not_picked":["Dagger Throw","PiercingWail"],"picked":"Noxious Fumes","floor":14},{"not_picked":["Adrenaline","Unload"],"picked":"A Thousand Cuts","floor":16},{"not_picked":["Flying Knee","Underhanded Strike"],"picked":"Prepared+1","floor":18},{"not_picked":["Cloak And Dagger","Deflect"],"picked":"Dagger Spray+1","floor":19},{"not_picked":["Tactician","Dagger Throw"],"picked":"Leg Sweep","floor":21}],"player_experience":1214366,"relics_obtained":[{"floor":7,"key":"Dodecahedron"},{"floor":9,"key":"Regal Pillow"},{"floor":14,"key":"Orichalcum"},{"floor":19,"key":"Red Mask"}],"event_choices":[{"damage_healed":0,"gold_gain":0,"player_choice":"Success","damage_taken":3,"relics_obtained":["MawBank"],"max_hp_gain":0,"max_hp_loss":0,"event_name":"Scrap Ooze","floor":3,"gold_loss":0},{"damage_healed":0,"gold_gain":0,"player_choice":"Damaged","damage_taken":8,"max_hp_gain":0,"max_hp_loss":0,"event_name":"Wheel of Change","floor":5,"gold_loss":0},{"damage_healed":0,"gold_gain":0,"player_choice":"Fought Bandits","damage_taken":0,"max_hp_gain":0,"max_hp_loss":0,"event_name":"Masked Bandits","floor":19,"gold_loss":0}],"is_beta":false,"boss_relics":[{"not_picked":["Ring of the Serpent","Astrolabe"],"picked":"Runic Pyramid"}],"items_purged_floors":[20],"is_endless":false,"potions_floor_spawned":[1,4,10,14,21],"killed_by":"Centurion and Healer","ascension_level":12}