{"path_per_floor":["M","$","M","?","M","E","R","E","T","?","E","?","$","E","R","B",null,"M","$","M","?","M","R","E","M","T","E","M","R","E","?","R","B",null,"M","?","$","M","M","E","R","E","T","R","M","E","M","$","R","B"],"character_chosen":"IRONCLAD","items_purchased":["Bludgeon","Shrug It Off","Demon Form","Evolve","Whirlwind","True Grit","Oddly Smooth Stone"],"gold_per_floor":[113,39,49,124,140,175,175,203,203,203,236,236,42,70,70,166,166,183,6,21,21,34,34,68,81,81,110,127,127,159,159,159,260,260,271,271,24,34,46,107,107,139,139,139,149,180,191,36,36,36],"floor_reached":51,"campfire_rested":1,"playtime":6481,"current_hp_per_floor":[62,62,68,57,59,36,36,50,50,50,49,49,49,49,49,22,69,63,63,76,76,89,89,66,58,58,75,105,105,106,106,106,95,106,115,115,115,121,124,126,126,38,38,76,120,132,136,136,136,68],"items_purged":["Strike_R","Strike_R","Defend_R"],"gold":36,"play_id":"f2aeb1ee-1275-40bb-b8a8-db1bc9d27c87","is_prod":false,"is_daily":false,"is_ascension_mode":true,"campfire_upgraded":7,"path_taken":["M","$","M","?","?","E","R","E","T","?","E","?","$","E","R","BOSS","M","$","?","?","M","R","E","?","T","E","?","R","E","?","R","BOSS","M","?","$","?","?","E","R","E","T","R","M","E","M","$","R","BOSS"],"build_version":"2018-02-01-PROD3","purchased_purges":3,"victory":true,"master_deck":["Defend_R","Defend_R+1","Bash","Metallicize+1","Bludgeon","Armaments+1","Headbutt","Seeing Red","Feed","Entrench+1","Shrug It Off+1","Demon Form+1","Reaper","Burning Pact","Evolve+1","Shrug It Off","Battle Trance+1","Dual Wield+1","Barricade+1","Whirlwind","True Grit+1","Body Slam","Feel No Pain"],"max_hp_per_floor":[69,69,69,69,69,69,69,76,76,76,79,79,79,81,81,85,85,85,85,88,88,93,93,93,99,99,101,105,105,110,110,110,110,110,115,115,115,121,124,126,126,128,128,128,130,132,136,136,136,136],"relics":["Burning Blood","Blood Vial","Strawberry","Singing Bowl","Art of War","Pen Nib","Mark of Pain","War Paint","Girya","Ancient Tea Set","Torii","Velvet Choker","Tiny Chest","Bronze Scales","Pantograph","Bag of Preparation","Oddly Smooth Stone"],"card_choices":[{"not_picked":["Shockwave","Havoc"],"picked":"Metallicize"},{"not_picked":["Wild Strike","Barricade"],"picked":"Armaments"},{"not_picked":["Wild Strike","Flex"],"picked":"Headbutt"},{"not_picked":["Sword Boomerang","Clash"],"picked":"Seeing Red"},{"not_picked":["Intimidate","Uppercut"],"picked":"Feed"},{"not_picked":["Wild Strike","Reckless Charge"],"picked":"Entrench"},{"not_picked":["Double Tap","Juggernaut"],"picked":"Reaper"},{"not_picked":["Clash","Havoc"],"picked":"Burning Pact"},{"not_picked":["Armaments","True Grit"],"picked":"Shrug It Off"},{"not_picked":["Sentinel","Thunderclap"],"picked":"Battle Trance"},{"not_picked":["Heavy Blade","Wild Strike"],"picked":"Dual Wield"},{"not_picked":["Double Tap","Juggernaut"],"picked":"Barricade"},{"not_picked":["Wild Strike","Armaments"],"picked":"Body Slam"},{"not_picked":["Flex","Perfected Strike"],"picked":"Feel No Pain"}],"player_experience":689421,"potions_floor_usage":[8,14,20,25,40,42,50,50],"damage_taken":[{"damage":13,"enemies":"Jaw Worm","floor":1,"turns":5},{"damage":0,"enemies":"Cultist","floor":3,"turns":2},{"damage":4,"enemies":"Blue Slaver","floor":5,"turns":4},{"damage":29,"enemies":"Lagavulin","floor":6,"turns":6},{"damage":1,"enemies":"Gremlin Nob","floor":8,"turns":3},{"damage":12,"enemies":"Lagavulin","floor":11,"turns":7},{"damage":10,"enemies":"Gremlin Nob","floor":14,"turns":3},{"damage":39,"enemies":"The Guardian","floor":16,"turns":11},{"damage":14,"enemies":"2 Thieves","floor":18,"turns":3},{"damage":14,"enemies":"3 Byrds","floor":20,"turns":7},{"damage":0,"enemies":"Snecko","floor":22,"turns":4},{"damage":31,"enemies":"Slavers","floor":24,"turns":7},{"damage":33,"enemies":"Chosen and Byrds","floor":25,"turns":11},{"damage":45,"enemies":"Gremlin Leader","floor":27,"turns":8},{"damage":21,"enemies":"Centurion and Healer","floor":28,"turns":14},{"damage":26,"enemies":"Slavers","floor":30,"turns":8},{"damage":58,"enemies":"Collector","floor":33,"turns":11},{"damage":20,"enemies":"3 Shapes","floor":35,"turns":6},{"damage":9,"enemies":"Orb Walker","floor":38,"turns":7},{"damage":69,"enemies":"4 Shapes","floor":39,"turns":9},{"damage":0,"enemies":"Nemesis","floor":40,"turns":8},{"damage":105,"enemies":"2 Orb Walkers","floor":42,"turns":6},{"damage":35,"enemies":"3 Darklings","floor":45,"turns":5},{"damage":14,"enemies":"Nemesis","floor":46,"turns":10},{"damage":0,"enemies":"Maw","floor":47,"turns":10},{"damage":96,"enemies":"Awakened One","floor":50,"turns":8}],"event_choices":[{"event_name":"World of Goop","player_choice":"Gather Gold","floor":4,"damage_taken":0},{"event_name":"Bonfire Elementals","player_choice":"BASIC","floor":10,"damage_taken":0},{"event_name":"The Woman in Blue","player_choice":"Bought 0 Potions","floor":12,"damage_taken":0},{"event_name":"Vampires","player_choice":"Ignored","floor":21,"damage_taken":0},{"event_name":"Back to Basics","player_choice":"Elegance","floor":31,"damage_taken":0}],"boss_relics":[{"not_picked":["Eternal Feather","Pandora\u0027s Box"],"picked":"Mark of Pain"},{"not_picked":["Astrolabe","Sozu"],"picked":"Velvet Choker"}],"potions_floor_spawned":[1,5,6,24,28,38,45,46],"seed_played":"6092426010208692182","ascension_level":10,"is_trial":false}