{"path_per_floor":["M","$","$","M","$","R","?","M","T","M","R","M","$","T","R","B",null,"M","M","M"],"character_chosen":"THE_SILENT","items_purchased":["Footwork","Backflip","Noxious Fumes","Cloak And Dagger","Backflip"],"gold_per_floor":[109,41,41,53,4,4,254,271,271,282,282,302,59,59,59,154,154,169,182,196,196],"floor_reached":21,"campfire_rested":2,"playtime":1571,"current_hp_per_floor":[65,65,65,65,65,65,65,53,53,16,37,17,17,17,38,31,60,54,37,21,0],"items_purged":["Regret"],"gold":196,"score":214,"play_id":"21bafbd1-e91d-40b8-b0d8-5fdbc6173b68","local_time":"20180405180032","is_prod":false,"is_daily":false,"is_ascension_mode":true,"campfire_upgraded":1,"timestamp":1522965632,"path_taken":["M","?","$","?","$","R","?","M","T","M","R","M","$","?","R","BOSS","M","M","?","M"],"build_version":"2018-03-29v2","purchased_purges":1,"victory":false,"master_deck":["Defend_G","Defend_G","Defend_G","Defend_G","Defend_G","Strike_G","Strike_G","Strike_G","Strike_G","Strike_G","Survivor","Neutralize","Night Terror+1","Blade Dance","Footwork","Backflip","Terror","Poisoned Stab","Escape Plan","Noxious Fumes","Cloak And Dagger","Backflip","Storm of Steel","Bouncing Flask+1","Accuracy"],"max_hp_per_floor":[70,70,70,70,70,70,70,70,70,70,70,70,70,70,70,70,70,70,70,70,70],"relics":["Ring of the Snake","Ginger","Thread and Needle","Eternal Feather"],"card_choices":[{"not_picked":["Poisoned Stab","Concentrate"],"picked":"Blade Dance","floor":1},{"not_picked":["Outmaneuver","Flechettes"],"picked":"Terror","floor":8},{"not_picked":["Slice","PiercingWail"],"picked":"Poisoned Stab","floor":10},{"not_picked":["Prepared","Deflect"],"picked":"Escape Plan","floor":12},{"not_picked":["Corpse Explosion","Doppelganger"],"picked":"Storm of Steel","floor":16},{"not_picked":["Dodge and Roll","Deflect"],"picked":"Bouncing Flask","floor":18},{"not_picked":["Finisher","Underhanded Strike"],"picked":"Accuracy","floor":20}],"player_experience":390899,"potions_floor_usage":[16,20],"damage_taken":[{"damage":5,"enemies":"Cultist","floor":1,"turns":5},{"damage":0,"enemies":"2 Louse","floor":4,"turns":4},{"damage":12,"enemies":"Jaw Worm","floor":8,"turns":5},{"damage":37,"enemies":"Gremlin Gang","floor":10,"turns":8},{"damage":20,"enemies":"Exordium Thugs","floor":12,"turns":7},{"damage":7,"enemies":"The Guardian","floor":16,"turns":12},{"damage":6,"enemies":"Shell Parasite","floor":18,"turns":9},{"damage":17,"enemies":"3 Byrds","floor":19,"turns":7},{"damage":16,"enemies":"Centurion and Healer","floor":20,"turns":9},{"damage":25,"enemies":"3 Cultists","floor":21,"turns":5}],"event_choices":[{"event_name":"Golden Shrine","player_choice":"Desecrate","floor":7,"damage_taken":0}],"boss_relics":[{"not_picked":["Runic Pyramid","Calling Bell"],"picked":"Eternal Feather"}],"potions_floor_spawned":[12,16],"seed_played":"4050254796624019395","killed_by":"3 Cultists","ascension_level":5,"is_trial":false}