{"path_per_floor":["M","?","?","M","$","R","M","M","T","?","M","M","?","M","R","B",null,"M","M","?","?"],"character_chosen":"THE_SILENT","items_purchased":["Noxious Fumes","Oddly Smooth Stone","Prepared"],"gold_per_floor":[113,113,288,300,14,14,28,48,48,48,68,78,78,97,97,198,198,212,226,226,226,226],"floor_reached":22,"campfire_rested":1,"playtime":1215,"current_hp_per_floor":[63,56,56,56,56,56,47,39,39,32,28,22,22,16,37,19,57,48,21,21,21,0],"items_purged":[],"gold":226,"score":231,"play_id":"476fbd49-9c35-4b67-b36f-34bd47900c5e","local_time":"20180420003437","is_prod":false,"is_daily":false,"chose_seed":false,"is_ascension_mode":true,"campfire_upgraded":1,"timestamp":1524198877,"path_taken":["M","?","?","M","$","R","?","M","T","?","M","M","?","?","R","BOSS","M","?","?","?","M"],"build_version":"2018-04-19","seed_source_timestamp":468530785723739,"purchased_purges":0,"victory":false,"master_deck":["Defend_G","Defend_G","Defend_G","Defend_G","Defend_G","Strike_G","Strike_G","Strike_G","Strike_G","Strike_G","Survivor","Neutralize","Backstab","Doubt","Setup","Noxious Fumes+1","Prepared","Catalyst+1","Skewer","Prepared","Blur","Bouncing Flask","Corpse Explosion","Setup+1","Bouncing Flask"],"max_hp_per_floor":[70,70,70,70,70,70,70,70,70,70,70,70,70,70,70,70,70,70,70,70,70,70],"relics":["Ring of the Snake","Unceasing Top","Dodecahedron","Oddly Smooth Stone","Pantograph","Runic Dome"],"card_choices":[{"not_picked":["Deflect","Calculated Gamble"],"picked":"Backstab","floor":1},{"not_picked":["Sucker Punch","Deadly Poison"],"picked":"Setup","floor":4},{"not_picked":["Acrobatics","Finisher"],"picked":"Catalyst","floor":7},{"not_picked":["Bane","Acrobatics"],"picked":"Skewer","floor":8},{"not_picked":["Deadly Poison","Slice"],"picked":"Prepared","floor":11},{"not_picked":["Blade Dance","Flying Knee"],"picked":"Blur","floor":12},{"not_picked":["Slice","Malaise"],"picked":"Bouncing Flask","floor":14},{"not_picked":["Storm of Steel","Unload"],"picked":"Corpse Explosion","floor":16},{"not_picked":["Sucker Punch","Dagger Spray"],"picked":"Setup","floor":18},{"not_picked":["Poisoned Stab","Deflect"],"picked":"Bouncing Flask","floor":19}],"player_experience":483320,"potions_floor_usage":[18,22,22],"damage_taken":[{"damage":0,"enemies":"Small Slimes","floor":1,"turns":5},{"damage":0,"enemies":"2 Louse","floor":4,"turns":2},{"damage":9,"enemies":"Jaw Worm","floor":7,"turns":4},{"damage":8,"enemies":"Looter","floor":8,"turns":4},{"damage":4,"enemies":"Lots of Slimes","floor":11,"turns":5},{"damage":6,"enemies":"3 Louse","floor":12,"turns":3},{"damage":6,"enemies":"Looter","floor":14,"turns":4},{"damage":43,"enemies":"Hexaghost","floor":16,"turns":8},{"damage":9,"enemies":"Chosen","floor":18,"turns":4},{"damage":27,"enemies":"Spheric Guardian","floor":19,"turns":6},{"damage":30,"enemies":"Cultist and Chosen","floor":22,"turns":5}],"event_choices":[{"event_name":"Scrap Ooze","player_choice":"success","floor":2,"damage_taken":7},{"event_name":"Liars Game","player_choice":"agreed","floor":3,"damage_taken":0},{"event_name":"Golden Wing","player_choice":"Card Removal","floor":10,"damage_taken":0},{"event_name":"Living Wall","player_choice":"Grow","floor":13,"damage_taken":0},{"event_name":"Addict","player_choice":"Ignored","floor":20,"damage_taken":0},{"event_name":"The Woman in Blue","player_choice":"Bought 0 Potions","floor":21,"damage_taken":0}],"boss_relics":[{"not_picked":["Ectoplasm","Tiny House"],"picked":"Runic Dome"}],"potions_floor_spawned":[8,11,16,18],"seed_played":"-4284701538228784119","killed_by":"Cultist and Chosen","ascension_level":6,"is_trial":false}