{"path_per_floor":["M","$","M","?","T","E","R","M","T","?","M","R","E","$","R","B",null,"M","M","?","$","M"],"character_chosen":"IRONCLAD","items_purchased":["Pommel Strike","Perfected Strike","War Paint","Fiend Fire"],"gold_per_floor":[109,41,56,131,131,162,162,176,176,141,157,157,184,34,34,130,130,144,159,159,1,12],"floor_reached":23,"campfire_rested":0,"playtime":894,"current_hp_per_floor":[88,88,88,77,77,57,57,63,63,85,88,88,76,76,76,19,88,84,50,50,50,45],"items_purged":[],"gold":12,"score":199,"play_id":"d10b4de9-1bfa-451d-bae1-306d0453fcaa","is_prod":false,"is_daily":false,"is_ascension_mode":false,"campfire_upgraded":3,"path_taken":["M","?","?","?","?","E","R","?","T","?","M","R","E","$","R","BOSS","M","M","?","$","M","E"],"build_version":"2018-02-22-PROD2","purchased_purges":1,"victory":false,"master_deck":["Strike_R","Strike_R","Strike_R","Strike_R","Strike_R","Defend_R+1","Defend_R","Defend_R","Defend_R+1","Bash","Uppercut","Pommel Strike","Perfected Strike+1","Armaments+1","Battle Trance","Headbutt","Limit Break+1","Limit Break","Pain","Parasite","Pommel Strike+1","Headbutt+1","Fiend Fire+1","Perfected Strike+1"],"max_hp_per_floor":[88,88,88,88,88,88,88,88,88,88,88,88,88,88,88,88,88,88,88,88,88,88],"relics":["Burning Blood","Unceasing Top","Orichalcum","Frozen Eye","Pen Nib","War Paint","Calling Bell","Ancient Tea Set","Happy Flower","Molten Egg 2"],"card_choices":[{"not_picked":["Entrench","Anger"],"picked":"Uppercut"},{"not_picked":["Cleave","Shrug It Off"],"picked":"Armaments"},{"not_picked":["Flex","Havoc"],"picked":"Battle Trance"},{"not_picked":["Whirlwind","Shrug It Off"],"picked":"Headbutt"},{"not_picked":["Havoc","Heavy Blade"],"picked":"Limit Break"},{"not_picked":["Brutality","Feed"],"picked":"Limit Break"},{"not_picked":["Thunderclap","Warcry"],"picked":"Pommel Strike"},{"not_picked":["Pummel","Warcry"],"picked":"Headbutt"},{"not_picked":["Heavy Blade","Metallicize"],"picked":"Perfected Strike"}],"player_experience":57923,"potions_floor_usage":[16,16,19,23,23],"damage_taken":[{"damage":5,"enemies":"Cultist","floor":1,"turns":4},{"damage":0,"enemies":"Small Slimes","floor":3,"turns":2},{"damage":26,"enemies":"Lagavulin","floor":6,"turns":5},{"damage":0,"enemies":"Jaw Worm","floor":8,"turns":3},{"damage":3,"enemies":"2 Fungi Beasts","floor":11,"turns":3},{"damage":18,"enemies":"3 Sentries","floor":13,"turns":7},{"damage":63,"enemies":"Hexaghost","floor":16,"turns":11},{"damage":10,"enemies":"Chosen","floor":18,"turns":5},{"damage":40,"enemies":"3 Byrds","floor":19,"turns":6},{"damage":11,"enemies":"Snecko","floor":22,"turns":3},{"damage":45,"enemies":"Slavers","floor":23,"turns":4}],"event_choices":[{"event_name":"World of Goop","player_choice":"Gather Gold","floor":4,"damage_taken":0},{"event_name":"The Cleric","player_choice":"Healed","floor":10,"damage_taken":0},{"event_name":"Purifier","player_choice":"One Purge","floor":20,"damage_taken":0}],"boss_relics":[{"not_picked":["Runic Dome","Lizard Tail"],"picked":"Calling Bell"}],"potions_floor_spawned":[1,3,6,16,19],"seed_played":"2148582830317224129","killed_by":"Slavers","ascension_level":0,"is_trial":false}