{"path_per_floor":["M","M","M","T","?","R","M","M","T","M","$","M","E","M","R","B",null,"M","$","?","M","M","R","M","M","T","R","?","?","M","M","R","B",null,"M","$","?","?","?"],"character_chosen":"THE_SILENT","items_purchased":["Meat on the Bone","Noxious Fumes","Deadly Poison","Mind Blast"],"gold_per_floor":[114,133,151,225,300,300,319,339,339,350,21,33,68,82,82,181,181,191,91,16,25,45,45,56,70,70,70,70,70,84,97,97,193,193,209,36,36,0,0],"floor_reached":40,"campfire_rested":2,"playtime":3075,"current_hp_per_floor":[69,68,66,66,55,55,54,51,51,41,41,45,50,50,50,46,70,53,53,53,40,27,48,37,45,45,45,32,32,34,41,63,19,75,74,74,74,74,74],"items_purged":["Strike_G","Strike_G"],"gold":0,"score":385,"play_id":"1d6a24da-4dba-4421-9761-85e709f4bcb9","is_prod":false,"is_daily":false,"is_ascension_mode":true,"campfire_upgraded":3,"path_taken":["M","M","M","?","?","R","M","M","T","?","$","?","E","M","R","BOSS","M","$","?","M","M","R","M","M","T","R","?","?","M","M","R","BOSS","M","$","?","?","?","E"],"build_version":"2018-02-15-PROD1","purchased_purges":2,"victory":false,"master_deck":["Defend_G","Defend_G","Defend_G","Defend_G","Defend_G","Strike_G","Survivor","Neutralize","Deadly Poison+1","PiercingWail","Backflip","Prepared","Deadly Poison+1","Deadly Poison+1","Well Laid Plans","Poisoned Stab","Crippling Poison","Venomology","Escape Plan","Footwork+1","Backstab+1","Leg Sweep","Bouncing Flask","Noxious Fumes","Deadly Poison","Mind Blast+1","Heel Hook+1"],"max_hp_per_floor":[70,70,70,70,70,70,70,70,70,70,70,70,70,70,70,70,70,70,70,70,70,70,70,70,70,70,70,75,75,75,75,75,75,75,75,75,75,75,75],"relics":["Ring of the Snake","Ornamental Fan","Torii","Meat on the Bone","Molten Egg 2","Question Card","Tingsha","Black Star","Red Mask"],"card_choices":[{"not_picked":["Finisher","Backflip"],"picked":"Deadly Poison"},{"not_picked":["Dodge and Roll","Quick Slash"],"picked":"PiercingWail"},{"not_picked":["Slice","Underhanded Strike"],"picked":"Backflip"},{"not_picked":["Sucker Punch","Accuracy"],"picked":"Prepared"},{"not_picked":["Terror","Wraith Form"],"picked":"Deadly Poison"},{"not_picked":["Prepared","Acrobatics"],"picked":"Deadly Poison"},{"not_picked":["Cloak And Dagger","Riddle With Holes"],"picked":"Well Laid Plans"},{"not_picked":["Deadly Poison","Accuracy"],"picked":"Poisoned Stab"},{"not_picked":["Endless Agony","Quick Slash"],"picked":"Crippling Poison"},{"not_picked":["Storm of Steel","Tactician"],"picked":"Venomology"},{"not_picked":["Prepared","Finisher","Underhanded Strike"],"picked":"Escape Plan"},{"not_picked":["Dagger Spray","Bane","Cloak And Dagger"],"picked":"Footwork"},{"not_picked":["Infinite Blades","Outmaneuver","PiercingWail"],"picked":"Backstab"},{"not_picked":["Quick Slash","Malaise","Predator"],"picked":"Leg Sweep"},{"not_picked":["Sucker Punch","Deflect","Outmaneuver"],"picked":"Bouncing Flask"}],"player_experience":137991,"potions_floor_usage":[13,16,18,22,22,33,33,33,40],"damage_taken":[{"damage":1,"enemies":"Cultist","floor":1,"turns":4},{"damage":1,"enemies":"2 Louse","floor":2,"turns":3},{"damage":2,"enemies":"Small Slimes","floor":3,"turns":4},{"damage":1,"enemies":"2 Fungi Beasts","floor":7,"turns":3},{"damage":3,"enemies":"Exordium Wildlife","floor":8,"turns":4},{"damage":10,"enemies":"Looter","floor":10,"turns":4},{"damage":8,"enemies":"Exordium Thugs","floor":12,"turns":5},{"damage":10,"enemies":"3 Sentries","floor":13,"turns":9},{"damage":0,"enemies":"2 Fungi Beasts","floor":14,"turns":4},{"damage":19,"enemies":"The Guardian","floor":16,"turns":9},{"damage":17,"enemies":"3 Byrds","floor":18,"turns":6},{"damage":13,"enemies":"2 Thieves","floor":21,"turns":4},{"damage":25,"enemies":"Chosen and Byrds","floor":22,"turns":7},{"damage":11,"enemies":"Snecko","floor":24,"turns":6},{"damage":4,"enemies":"Snake Plant","floor":25,"turns":4},{"damage":10,"enemies":"Centurion and Healer","floor":30,"turns":11},{"damage":5,"enemies":"Chosen and Byrds","floor":31,"turns":6},{"damage":56,"enemies":"Champ","floor":33,"turns":14},{"damage":1,"enemies":"Orb Walker","floor":35,"turns":4},{"damage":74,"enemies":"Giant Head","floor":40,"turns":9}],"event_choices":[{"event_name":"World of Goop","player_choice":"Gather Gold","floor":5,"damage_taken":0},{"event_name":"Beggar","player_choice":"Gave Gold","floor":20,"damage_taken":0},{"event_name":"Forgotten Altar","player_choice":"Shed Blood","floor":28,"damage_taken":0},{"event_name":"Addict","player_choice":"Ignored","floor":29,"damage_taken":0},{"event_name":"Tomb of Lord Red Mask","player_choice":"Paid","floor":38,"damage_taken":0},{"event_name":"Match and Keep!","player_choice":"1 cards matched","floor":39,"damage_taken":0}],"boss_relics":[{"not_picked":["Pandora\u0027s Box","Runic Pyramid"],"picked":"Question Card"},{"not_picked":["Runic Dome","Philosopher\u0027s Stone"],"picked":"Black Star"}],"potions_floor_spawned":[2,8,13,14,16,18,21,24],"seed_played":"6970289146064464276","killed_by":"Giant Head","ascension_level":1,"is_trial":false}