{"gold_per_floor":[113,288,61,77,77,104,121,196,196,215,25,25,25,37,37,37],"floor_reached":16,"playtime":1022,"items_purged":["Doubt"],"score":150,"play_id":"71ea6f36-7735-4413-ad38-81f671b4ab01","local_time":"20181208133933","is_ascension_mode":true,"campfire_choices":[{"data":"Neutralize","floor":12,"key":"SMITH"},{"data":"Backstab","floor":15,"key":"SMITH"}],"neow_cost":"NONE","seed_source_timestamp":1265238212001765,"circlet_count":0,"master_deck":["Defend_G","Defend_G","Defend_G","Defend_G","Defend_G","Strike_G","Strike_G","Strike_G","Strike_G","Strike_G","Survivor","Neutralize+1","Sucker Punch","Backstab+1","Regret","Crippling Poison","Catalyst","Slice","Slice+1"],"relics":["Ring of the Snake","NeowsBlessing","Pen Nib","The Courier","Mummified Hand","Ornamental Fan","Molten Egg 2"],"potions_floor_usage":[7,16,16],"damage_taken":[{"damage":0,"enemies":"Small Slimes","floor":1,"turns":1},{"damage":0,"enemies":"Jaw Worm","floor":4,"turns":1},{"damage":0,"enemies":"Lagavulin","floor":6,"turns":1},{"damage":0,"enemies":"2 Louse","floor":7,"turns":1},{"damage":7,"enemies":"2 Fungi Beasts","floor":10,"turns":3},{"damage":4,"enemies":"Looter","floor":14,"turns":3},{"damage":67,"enemies":"Slime Boss","floor":16,"turns":12}],"seed_played":"-8098769928932717300","potions_obtained":[{"floor":6,"key":"Fire Potion"},{"floor":7,"key":"Regen Potion"},{"floor":10,"key":"GhostInAJar"}],"is_trial":false,"path_per_floor":["M","?","$","M","?","E","M","?","T","M","$","R","$","M","R","B"],"character_chosen":"THE_SILENT","items_purchased":["Pen Nib","Molten Egg 2"],"campfire_rested":0,"item_purchase_floors":[3,11],"current_hp_per_floor":[70,70,70,70,70,70,70,59,59,52,52,52,52,48,48,0],"gold":37,"neow_bonus":"THREE_ENEMY_KILL","is_prod":false,"is_daily":false,"chose_seed":false,"campfire_upgraded":2,"win_rate":0,"timestamp":1544294373,"path_taken":["M","?","$","M","?","E","M","?","T","M","$","R","$","M","R","BOSS"],"build_version":"2018-12-06","purchased_purges":1,"victory":false,"max_hp_per_floor":[70,70,70,70,70,70,70,70,70,70,70,70,70,70,70,70],"card_choices":[{"not_picked":["Blade Dance","Heel Hook"],"picked":"Sucker Punch","floor":1},{"not_picked":["Deflect","Escape Plan"],"picked":"Backstab","floor":4},{"not_picked":["Sucker Punch","Setup"],"picked":"Crippling Poison","floor":6},{"not_picked":["Finisher","Eviscerate"],"picked":"Catalyst","floor":7},{"not_picked":["Sucker Punch","Underhanded Strike"],"picked":"Slice","floor":10},{"not_picked":["Flying Knee+1","Underhanded Strike+1"],"picked":"Slice+1","floor":14}],"player_experience":249432,"relics_obtained":[{"floor":6,"key":"Mummified Hand"},{"floor":9,"key":"Ornamental Fan"}],"event_choices":[{"damage_healed":0,"gold_gain":175,"player_choice":"AGREE","damage_taken":0,"max_hp_gain":0,"max_hp_loss":0,"event_name":"Liars Game","floor":2,"gold_loss":0,"cards_obtained":["Doubt"]},{"damage_healed":0,"gold_gain":0,"player_choice":"Box","damage_taken":0,"relics_obtained":["The Courier"],"max_hp_gain":0,"max_hp_loss":0,"event_name":"Big Fish","floor":5,"gold_loss":0,"cards_obtained":["Regret"]},{"damage_healed":0,"gold_gain":75,"player_choice":"Gather Gold","damage_taken":11,"max_hp_gain":0,"max_hp_loss":0,"event_name":"World of Goop","floor":8,"gold_loss":0}],"is_beta":false,"boss_relics":[],"items_purged_floors":[3],"is_endless":false,"potions_floor_spawned":[6,7,10],"killed_by":"Slime Boss","ascension_level":4}