{"path_per_floor":["M","M","?","M","?","R","E","M","T","$","R","M","R","E","R","B",null,"M","$","?","?","M","R","M","R","T","R","M","R","E","M","R"],"character_chosen":"IRONCLAD","items_purchased":["Whirlwind","Shuriken"],"gold_per_floor":[113,125,125,139,139,139,174,193,193,119,119,133,133,167,167,269,269,286,28,28,28,41,41,58,58,112,112,123,123,156,173,173],"floor_reached":33,"campfire_rested":2,"playtime":1558,"current_hp_per_floor":[72,74,67,60,60,60,34,40,40,40,40,46,70,48,72,44,71,68,68,56,56,44,44,50,50,50,50,56,56,56,50,50],"items_purged":[],"gold":173,"play_id":"bb480e44-c3c4-4dca-85de-25168a680412","is_prod":false,"is_daily":false,"is_ascension_mode":true,"campfire_upgraded":7,"path_taken":["M","M","?","?","?","R","E","M","T","?","R","M","R","E","R","BOSS","M","$","?","?","M","R","?","R","T","R","M","R","E","M","R","BOSS"],"build_version":"2018-02-01-PROD3","purchased_purges":0,"victory":false,"master_deck":["Defend_R+1","Defend_R+1","Bash+1","Shrug It Off","Pommel Strike+1","Whirlwind+1","Shockwave+1","Offering+1","Spot Weakness+1","Bite","Bite","Bite","Bite","Bite","Uppercut+1","Battle Trance+1","Pommel Strike+1"],"max_hp_per_floor":[80,80,80,80,80,80,80,80,80,80,80,80,80,80,80,80,80,80,80,56,56,56,56,56,56,56,56,56,56,56,56,56],"relics":["Burning Blood","War Paint","Blue Candle","Orichalcum","Vajra","Sozu","Shuriken","Bronze Scales","Blood Vial"],"card_choices":[{"not_picked":["Twin Strike","Reckless Charge"],"picked":"Shrug It Off"},{"not_picked":["Armaments","Shrug It Off"],"picked":"Pommel Strike"},{"not_picked":["Carnage","Dual Wield"],"picked":"Shockwave"},{"not_picked":["Berserk","Bludgeon"],"picked":"Offering"},{"not_picked":["Clash","Havoc"],"picked":"Spot Weakness"},{"not_picked":["Spot Weakness","Disarm"],"picked":"Battle Trance"},{"not_picked":["Rupture","Anger"],"picked":"Pommel Strike"}],"player_experience":210665,"potions_floor_usage":[2],"damage_taken":[{"damage":6,"enemies":"Cultist","floor":1,"turns":3},{"damage":4,"enemies":"Jaw Worm","floor":2,"turns":3},{"damage":13,"enemies":"Blue Slaver","floor":4,"turns":6},{"damage":32,"enemies":"Gremlin Nob","floor":7,"turns":4},{"damage":0,"enemies":"Large Slime","floor":8,"turns":5},{"damage":0,"enemies":"3 Louse","floor":12,"turns":1},{"damage":28,"enemies":"Lagavulin","floor":14,"turns":4},{"damage":34,"enemies":"The Guardian","floor":16,"turns":12},{"damage":9,"enemies":"Spheric Guardian","floor":18,"turns":3},{"damage":18,"enemies":"2 Thieves","floor":22,"turns":2},{"damage":6,"enemies":"3 Cultists","floor":24,"turns":4},{"damage":8,"enemies":"Centurion and Healer","floor":28,"turns":4},{"damage":4,"enemies":"Gremlin Leader","floor":30,"turns":3},{"damage":16,"enemies":"Snake Plant","floor":31,"turns":2},{"damage":71,"enemies":"Automaton","floor":33,"turns":6}],"event_choices":[{"event_name":"Golden Wing","player_choice":"Card Removal","floor":3,"damage_taken":0},{"event_name":"Living Wall","player_choice":"Forget","floor":5,"damage_taken":0},{"event_name":"Vampires","player_choice":"Became a vampire","floor":20,"damage_taken":0},{"event_name":"The Library","player_choice":"Read","floor":21,"damage_taken":0}],"boss_relics":[{"not_picked":["Philosopher\u0027s Stone","Black Star"],"picked":"Sozu"}],"potions_floor_spawned":[1,4,14,22,28,30,31],"seed_played":"-7672248274370919117","killed_by":"Automaton","ascension_level":7,"is_trial":false}