{"gold_per_floor":[109,109,109,122,122,122,151,151,175,191,222,238,238,252,252,355,355,371,34,34,66,81,110,127,127,127,127,146,146,71,87,87,183,183,201,161,181,196,208,208,219,219,219,219,15,42,42,60,60,60],"floor_reached":51,"playtime":2518,"items_purged":["Strike_B","Strike_B"],"score":791,"play_id":"7e73ba05-58d7-4453-8ea2-a79fb85942c0","local_time":"20181022233123","is_ascension_mode":true,"campfire_choices":[{"data":"Zap","floor":6,"key":"SMITH"},{"floor":8,"key":"DIG"},{"floor":13,"key":"DIG"},{"floor":15,"key":"DIG"},{"floor":25,"key":"REST"},{"floor":29,"key":"REST"},{"floor":32,"key":"REST"},{"floor":40,"key":"REST"},{"floor":42,"key":"REST"},{"floor":47,"key":"REST"},{"floor":49,"key":"REST"}],"neow_cost":"NONE","seed_source_timestamp":1107554966004462,"circlet_count":0,"master_deck":["Defend_B","Defend_B","Defend_B","Defend_B","Zap+1","Dualcast+1","Gash","Rebound","BootSequence+1","Turbo","Hologram","Steam Power","Electrodynamics","Tempest","Static Discharge+1","Capacitor+1","Necronomicurse","White Noise","Barrage","Storm+1","Lockon+1","Ball Lightning+1","All For One+1","Go for the Eyes+1","BootSequence","Gash+1","Go for the Eyes+1","Stack","Loop","Deep Breath","Steam+1","Parasite","Gash+1"],"relics":["Cracked Core","NeowsBlessing","Shovel","PreservedInsect","War Paint","Kunai","Darkstone Periapt","The Courier","Runic Dome","Runic Capacitor","Necronomicon","Red Mask","Pantograph","Molten Egg 2","Gambling Chip","Black Star","Mango","Sundial","Letter Opener"],"potions_floor_usage":[16,16,24,31,33,39,50],"damage_taken":[{"damage":0,"enemies":"Small Slimes","floor":1,"turns":1},{"damage":0,"enemies":"Cultist","floor":4,"turns":1},{"damage":0,"enemies":"Lagavulin","floor":7,"turns":1},{"damage":0,"enemies":"Jaw Worm","floor":10,"turns":2},{"damage":14,"enemies":"Gremlin Nob","floor":11,"turns":4},{"damage":0,"enemies":"Red Slaver","floor":12,"turns":3},{"damage":5,"enemies":"Looter","floor":14,"turns":3},{"damage":38,"enemies":"Slime Boss","floor":16,"turns":15},{"damage":15,"enemies":"Shell Parasite","floor":18,"turns":6},{"damage":0,"enemies":"Masked Bandits","floor":21,"turns":2},{"damage":13,"enemies":"Chosen","floor":22,"turns":4},{"damage":27,"enemies":"Gremlin Leader","floor":23,"turns":5},{"damage":0,"enemies":"Sentry and Sphere","floor":24,"turns":3},{"damage":8,"enemies":"Shelled Parasite and Fungi","floor":28,"turns":3},{"damage":0,"enemies":"Chosen and Byrds","floor":31,"turns":4},{"damage":56,"enemies":"Collector","floor":33,"turns":6},{"damage":18,"enemies":"Orb Walker","floor":35,"turns":3},{"damage":8,"enemies":"3 Shapes","floor":37,"turns":4},{"damage":22,"enemies":"Jaw Worm Horde","floor":38,"turns":2},{"damage":22,"enemies":"Maw","floor":39,"turns":6},{"damage":0,"enemies":"Transient","floor":41,"turns":5},{"damage":47,"enemies":"Reptomancer","floor":46,"turns":3},{"damage":19,"enemies":"Writhing Mass","floor":48,"turns":4},{"damage":108,"enemies":"Awakened One","floor":50,"turns":8}],"seed_played":"8781697358672656086","potions_obtained":[{"floor":2,"key":"LiquidBronze"},{"floor":2,"key":"Swift Potion"},{"floor":2,"key":"EssenceOfSteel"},{"floor":12,"key":"FairyPotion"},{"floor":21,"key":"LiquidBronze"},{"floor":22,"key":"EssenceOfSteel"},{"floor":24,"key":"LiquidBronze"},{"floor":38,"key":"Block Potion"},{"floor":41,"key":"FocusPotion"},{"floor":48,"key":"SneckoOil"}],"is_trial":false,"path_per_floor":["M","?","?","M","$","R","E","R","T","M","E","M","R","M","R","B",null,"M","$","?","?","M","E","M","R","T","?","M","R","?","M","R","B",null,"M","?","M","M","M","R","M","R","T","?","$","E","R","M","R","B"],"character_chosen":"DEFECT","items_purchased":["Runic Capacitor","Static Discharge","Capacitor","Loop","Deep Breath"],"campfire_rested":7,"item_purchase_floors":[19,19,19,45,45],"current_hp_per_floor":[75,75,75,75,75,75,75,75,75,75,61,61,61,56,56,18,75,60,60,50,50,37,10,10,34,34,34,26,50,50,50,74,25,81,63,63,55,33,11,35,35,59,73,73,73,26,54,41,71,6],"gold":60,"neow_bonus":"THREE_ENEMY_KILL","is_prod":false,"is_daily":false,"chose_seed":false,"campfire_upgraded":1,"win_rate":0,"timestamp":1540265483,"path_taken":["M","?","?","?","$","R","E","R","T","M","E","M","R","M","R","BOSS","M","$","?","?","M","E","M","R","T","?","M","R","?","?","R","BOSS","M","?","?","M","M","R","M","R","T","?","?","E","R","?","R","BOSS"],"build_version":"2018-10-18","purchased_purges":2,"victory":true,"max_hp_per_floor":[75,75,75,75,75,75,75,75,75,75,75,75,75,75,75,75,75,75,75,81,81,81,81,81,81,81,81,81,81,81,81,81,81,81,81,81,81,81,81,81,81,81,95,95,95,95,95,101,101,101],"card_choices":[{"not_picked":["Compile Driver","Consume"],"picked":"Gash","floor":1},{"not_picked":["Cold Snap","Barrage"],"picked":"Rebound","floor":4},{"not_picked":["Reprogram","Static Discharge"],"picked":"BootSequence","floor":7},{"not_picked":["Ball Lightning","Capacitor"],"picked":"Turbo","floor":10},{"not_picked":["Redo","Biased Cognition","Barrage"],"picked":"SKIP","floor":11},{"not_picked":["Compile Driver","Sweeping Beam"],"picked":"Hologram","floor":12},{"not_picked":["Compile Driver","Capacitor"],"picked":"Steam Power","floor":14},{"not_picked":["Fission","Hyperbeam"],"picked":"Electrodynamics","floor":16},{"not_picked":["Streamline","Sweeping Beam"],"picked":"Tempest","floor":18},{"not_picked":["Compile Driver+1","Turbo"],"picked":"White Noise","floor":22},{"not_picked":["Sweeping Beam","Biased Cognition"],"picked":"Barrage","floor":23},{"not_picked":["Hologram","Barrage"],"picked":"Storm+1","floor":24},{"not_picked":["Force Field","Rebound+1"],"picked":"Lockon+1","floor":28},{"not_picked":["Self Repair","Sweeping Beam+1"],"picked":"Ball Lightning+1","floor":31},{"not_picked":["Hyperbeam+1","Amplify"],"picked":"All For One+1","floor":33},{"not_picked":["Glacier","Steam+1"],"picked":"Go for the Eyes+1","floor":35},{"not_picked":["Turbo","Ball Lightning+1"],"picked":"BootSequence","floor":37},{"not_picked":["Rebound+1","Stack"],"picked":"Gash+1","floor":38},{"not_picked":["Steam Power","Fusion"],"picked":"Go for the Eyes+1","floor":39},{"not_picked":["Hologram","Compile Driver+1"],"picked":"Stack","floor":41},{"not_picked":["Rip and Tear+1","Rainbow"],"picked":"Steam+1","floor":46},{"not_picked":["Storm+1","Streamline+1"],"picked":"Gash+1","floor":48}],"player_experience":664872,"relics_obtained":[{"floor":7,"key":"Shovel"},{"floor":8,"key":"PreservedInsect"},{"floor":9,"key":"War Paint"},{"floor":11,"key":"Kunai"},{"floor":13,"key":"Darkstone Periapt"},{"floor":15,"key":"The Courier"},{"floor":20,"key":"Necronomicon"},{"floor":21,"key":"Red Mask"},{"floor":23,"key":"Pantograph"},{"floor":26,"key":"Molten Egg 2"},{"floor":43,"key":"Mango"},{"floor":46,"key":"Sundial"},{"floor":46,"key":"Letter Opener"}],"event_choices":[{"damage_healed":0,"gold_gain":0,"player_choice":"Got Potions","damage_taken":0,"max_hp_gain":0,"max_hp_loss":0,"event_name":"The Lab","floor":2,"gold_loss":0},{"cards_removed":["Strike_B"],"damage_healed":0,"gold_gain":0,"player_choice":"Forget","damage_taken":0,"max_hp_gain":0,"max_hp_loss":0,"event_name":"Living Wall","floor":3,"gold_loss":0},{"damage_healed":0,"gold_gain":0,"player_choice":"Obtained Book","damage_taken":16,"max_hp_gain":0,"max_hp_loss":0,"event_name":"Cursed Tome","floor":20,"gold_loss":0},{"damage_healed":0,"gold_gain":0,"player_choice":"Fought Bandits","damage_taken":0,"max_hp_gain":0,"max_hp_loss":0,"event_name":"Masked Bandits","floor":21,"gold_loss":0},{"damage_healed":0,"gold_gain":0,"player_choice":"Opened","damage_taken":0,"relics_obtained":["Gambling Chip"],"max_hp_gain":0,"max_hp_loss":0,"event_name":"The Mausoleum","floor":27,"gold_loss":0},{"cards_removed":["Strike_B"],"damage_healed":0,"gold_gain":0,"player_choice":"Gave Gold","damage_taken":0,"max_hp_gain":0,"max_hp_loss":0,"event_name":"Beggar","floor":30,"gold_loss":75},{"damage_healed":0,"gold_gain":0,"player_choice":"Upgrade","damage_taken":0,"max_hp_gain":0,"max_hp_loss":0,"event_name":"Designer","floor":36,"gold_loss":40,"cards_upgraded":["Static Discharge"]},{"damage_healed":0,"gold_gain":0,"player_choice":"Upgraded","damage_taken":0,"max_hp_gain":0,"max_hp_loss":0,"event_name":"Upgrade Shrine","floor":44,"gold_loss":0,"cards_upgraded":["Capacitor"]}],"is_beta":false,"boss_relics":[{"not_picked":["Nuclear Battery","Philosopher\u0027s Stone"],"picked":"Runic Dome"},{"not_picked":["Empty Cage","Pandora\u0027s Box"],"picked":"Black Star"}],"items_purged_floors":[19,45],"is_endless":false,"potions_floor_spawned":[4,12,21,22,24,38,41,48],"ascension_level":1}