{"path_per_floor":["M","M","?","M","?","E","R","T","T","?","M","M","?","M","R","B",null,"M","?","M","M","?","R","M","E","T","M","R","$","M","M","R"],"character_chosen":"IRONCLAD","items_purchased":["Vajra"],"gold_per_floor":[109,126,126,140,90,115,115,115,115,115,132,144,144,158,158,263,263,282,182,202,218,218,218,235,270,294,306,306,86,96,111,111],"floor_reached":33,"campfire_rested":3,"playtime":1636,"current_hp_per_floor":[76,76,76,80,80,71,71,71,71,71,64,52,66,61,61,23,94,58,58,37,7,7,36,14,43,43,14,43,43,45,20,50],"items_purged":["Regret"],"gold":111,"score":296,"play_id":"e78bebc1-5450-4b14-a8a8-735ed31ce5b6","local_time":"20180303162058","is_prod":false,"is_daily":false,"is_ascension_mode":false,"campfire_upgraded":2,"timestamp":1520112058,"path_taken":["M","M","?","?","?","E","R","?","T","?","M","M","?","M","R","BOSS","M","?","M","M","?","R","M","E","T","M","R","$","M","M","R","BOSS"],"build_version":"2018-03-01-PROD1","purchased_purges":1,"victory":false,"master_deck":["Strike_R","Strike_R","Strike_R","Strike_R","Strike_R","Defend_R","Defend_R","Defend_R","Bash","Pommel Strike","Perfected Strike+1","Twin Strike","Jack Of All Trades+1","Writhe","Twin Strike","Battle Trance+1","Impervious","Warcry","J.A.X.","Shockwave","Bludgeon","Perfected Strike+1","Twin Strike+1","Corruption","Uppercut","Pommel Strike"],"max_hp_per_floor":[80,80,80,80,80,80,80,80,80,80,80,80,94,94,94,94,94,94,94,97,97,97,97,97,97,97,97,97,97,97,100,100],"relics":["Burning Blood","Happy Flower","Frozen Eye","Dead Branch","Mango","Lizard Tail","Gambling Chip","Dream Catcher","Vajra"],"card_choices":[{"not_picked":["Havoc","Seeing Red"],"picked":"Pommel Strike"},{"not_picked":["Sword Boomerang","Berserk"],"picked":"Perfected Strike"},{"not_picked":["Evolve","Power Through"],"picked":"Twin Strike"},{"not_picked":["Flame Barrier","Body Slam"],"picked":"Twin Strike"},{"not_picked":["Entrench","Carnage"],"picked":"Battle Trance"},{"not_picked":["Barricade","Dark Embrace"],"picked":"Impervious"},{"not_picked":["Rupture","Fire Breathing"],"picked":"Warcry"},{"not_picked":["Havoc","Thunderclap"],"picked":"Shockwave"},{"not_picked":["Body Slam","Corruption"],"picked":"Bludgeon"},{"not_picked":["Pummel","Heavy Blade"],"picked":"Perfected Strike"},{"not_picked":["Entrench","Wild Strike"],"picked":"Twin Strike"},{"not_picked":["Body Slam","Searing Blow"],"picked":"Corruption"},{"not_picked":["Armaments","Evolve"],"picked":"Uppercut"},{"not_picked":["Clothesline","Searing Blow"],"picked":"Pommel Strike"}],"player_experience":68516,"potions_floor_usage":[14,16,16,24,25,25,33],"damage_taken":[{"damage":10,"enemies":"Small Slimes","floor":1,"turns":3},{"damage":6,"enemies":"Cultist","floor":2,"turns":3},{"damage":1,"enemies":"2 Louse","floor":4,"turns":2},{"damage":15,"enemies":"Gremlin Nob","floor":6,"turns":4},{"damage":13,"enemies":"Red Slaver","floor":11,"turns":2},{"damage":18,"enemies":"Large Slime","floor":12,"turns":4},{"damage":17,"enemies":"Exordium Thugs","floor":14,"turns":3},{"damage":44,"enemies":"Slime Boss","floor":16,"turns":6},{"damage":42,"enemies":"3 Byrds","floor":18,"turns":8},{"damage":30,"enemies":"Shell Parasite","floor":20,"turns":4},{"damage":36,"enemies":"Snecko","floor":21,"turns":5},{"damage":28,"enemies":"Centurion and Healer","floor":24,"turns":5},{"damage":35,"enemies":"Book of Stabbing","floor":25,"turns":4},{"damage":35,"enemies":"Snake Plant","floor":27,"turns":3},{"damage":4,"enemies":"Snecko","floor":30,"turns":4},{"damage":34,"enemies":"Sentry and Sphere","floor":31,"turns":5},{"damage":57,"enemies":"Automaton","floor":33,"turns":5}],"event_choices":[{"event_name":"The Lab","player_choice":"Got Potions","floor":3,"damage_taken":0},{"event_name":"The Cleric","player_choice":"Card Removal","floor":5,"damage_taken":0},{"event_name":"Match and Keep!","player_choice":"2 cards matched","floor":10,"damage_taken":0},{"event_name":"Big Fish","player_choice":"Box","floor":13,"damage_taken":0},{"event_name":"Drug Dealer","player_choice":"Got JAXXED","floor":19,"damage_taken":0},{"event_name":"Upgrade Shrine","player_choice":"Upgraded","floor":22,"damage_taken":0}],"boss_relics":[{"not_picked":["Orrery","Philosopher\u0027s Stone"],"picked":"Lizard Tail"}],"potions_floor_spawned":[4,11,12,14,21,24,27],"seed_played":"5326886043327670567","killed_by":"Automaton","ascension_level":0,"is_trial":false}