{"gold_per_floor":[117,130,148,148,166,166,199,211,237,251,264,264,284,297,297,401,401,419,436,436,436,34,34,61,75,75,94,114,114],"floor_reached":29,"playtime":2703,"items_purged":[],"score":405,"play_id":"3f34f340-ce06-4763-8431-2e3c234cd7cc","local_time":"20190130000227","is_ascension_mode":true,"campfire_choices":[{"data":"Zap","floor":6,"key":"SMITH"},{"floor":12,"key":"REST"},{"floor":15,"key":"REST"},{"floor":23,"key":"REST"}],"neow_cost":"NONE","seed_source_timestamp":852246455673897,"circlet_count":0,"master_deck":["AscendersBane","Defend_B","Defend_B","Defend_B","Defend_B","Zap+1","Dualcast","Chill","All For One","Beam Cell","Defragment","Buffer","Cold Snap","Gash","Cold Snap","Electrodynamics","FTL","Go for the Eyes","Bite","Bite","Bite","Bite","Bite","RitualDagger","Machine Learning","Gash","Loop+1"],"relics":["White Beast Statue","Cables","Happy Flower","Runic Pyramid","Pantograph","Bronze Scales","Frozen Egg 2"],"potions_floor_usage":[5,7,7,8,11,11,13,14,16,16,18,24,25,28],"damage_taken":[{"damage":1,"enemies":"Cultist","floor":1,"turns":3},{"damage":8,"enemies":"Jaw Worm","floor":2,"turns":4},{"damage":2,"enemies":"2 Louse","floor":3,"turns":5},{"damage":5,"enemies":"Large Slime","floor":5,"turns":6},{"damage":22,"enemies":"Gremlin Nob","floor":7,"turns":3},{"damage":6,"enemies":"2 Fungi Beasts","floor":8,"turns":3},{"damage":12,"enemies":"Blue Slaver","floor":10,"turns":4},{"damage":12,"enemies":"Large Slime","floor":11,"turns":5},{"damage":15,"enemies":"3 Louse","floor":13,"turns":3},{"damage":0,"enemies":"Exordium Thugs","floor":14,"turns":5},{"damage":10,"enemies":"The Guardian","floor":16,"turns":13},{"damage":20,"enemies":"3 Byrds","floor":18,"turns":4},{"damage":21,"enemies":"2 Thieves","floor":19,"turns":3},{"damage":51,"enemies":"Gremlin Leader","floor":24,"turns":7},{"damage":12,"enemies":"Snecko","floor":25,"turns":5},{"damage":29,"enemies":"Shelled Parasite and Fungi","floor":27,"turns":4},{"damage":0,"enemies":"3 Cultists","floor":28,"turns":4},{"damage":14,"enemies":"Colosseum Slavers","floor":29,"turns":1}],"seed_played":"1395121694030475904","potions_obtained":[{"floor":1,"key":"LiquidBronze"},{"floor":2,"key":"Regen Potion"},{"floor":3,"key":"Strength Potion"},{"floor":5,"key":"Fire Potion"},{"floor":7,"key":"EssenceOfSteel"},{"floor":8,"key":"Dexterity Potion"},{"floor":10,"key":"Fire Potion"},{"floor":11,"key":"EssenceOfSteel"},{"floor":13,"key":"FocusPotion"},{"floor":14,"key":"Dexterity Potion"},{"floor":16,"key":"Regen Potion"},{"floor":18,"key":"Regen Potion"},{"floor":19,"key":"FocusPotion"},{"floor":24,"key":"FairyPotion"},{"floor":25,"key":"SteroidPotion"},{"floor":27,"key":"SkillPotion"},{"floor":28,"key":"Dexterity Potion"}],"is_trial":false,"path_per_floor":["M","M","M","?","M","R","E","M","T","M","M","R","M","M","R","B",null,"M","M","?","?","$","R","E","M","T","M","M","?"],"character_chosen":"DEFECT","items_purchased":["Pantograph","Machine Learning"],"campfire_rested":3,"item_purchase_floors":[22,22],"current_hp_per_floor":[67,59,57,57,52,52,39,33,33,21,9,31,16,16,38,28,63,52,31,31,25,25,40,19,17,17,2,10,0],"gold":114,"neow_bonus":"BOSS_RELIC","is_prod":false,"is_daily":false,"chose_seed":false,"campfire_upgraded":1,"win_rate":0,"timestamp":1548824547,"path_taken":["M","?","M","?","M","R","E","M","T","M","M","R","M","M","R","BOSS","M","M","?","?","$","R","E","M","T","M","M","?"],"build_version":"2019-01-23","purchased_purges":0,"victory":false,"max_hp_per_floor":[75,75,75,75,75,75,75,75,75,75,75,75,75,75,75,75,75,75,75,52,52,52,52,52,52,52,52,52,52],"card_choices":[{"not_picked":["Beam Cell","Barrage","Redo"],"picked":"SKIP","floor":1},{"not_picked":["Redo","Rip and Tear"],"picked":"Chill","floor":2},{"not_picked":["Beam Cell","Auto Shields"],"picked":"All For One","floor":3},{"not_picked":["Hologram","Conserve Battery"],"picked":"Beam Cell","floor":5},{"not_picked":["Leap","Reprogram"],"picked":"Defragment","floor":7},{"not_picked":["Rebound","Aggregate","Streamline"],"picked":"SKIP","floor":8},{"not_picked":["Ball Lightning","Redo"],"picked":"Buffer","floor":10},{"not_picked":["Streamline","Turbo"],"picked":"Cold Snap","floor":11},{"not_picked":["Scrape","Beam Cell"],"picked":"Gash","floor":13},{"not_picked":["Compile Driver","Coolheaded"],"picked":"Cold Snap","floor":14},{"not_picked":["Seek","Amplify"],"picked":"Electrodynamics","floor":16},{"not_picked":["Stack","Compile Driver"],"picked":"FTL","floor":18},{"not_picked":["Auto Shields","Ball Lightning"],"picked":"Go for the Eyes","floor":19},{"not_picked":["Chaos","Rip and Tear+1"],"picked":"Gash","floor":24},{"not_picked":["Go for the Eyes","Doom and Gloom","Scrape"],"picked":"SKIP","floor":25},{"not_picked":["Barrage","Ball Lightning","Redo+1"],"picked":"SKIP","floor":27},{"not_picked":["Darkness","Sunder"],"picked":"Loop+1","floor":28}],"player_experience":1060965,"relics_obtained":[{"floor":7,"key":"Cables"},{"floor":9,"key":"Happy Flower"},{"floor":24,"key":"Bronze Scales"},{"floor":26,"key":"Frozen Egg 2"}],"event_choices":[{"damage_healed":0,"gold_gain":0,"player_choice":"Ignored","damage_taken":0,"max_hp_gain":0,"max_hp_loss":0,"event_name":"Liars Game","floor":4,"gold_loss":0},{"damage_healed":0,"gold_gain":0,"player_choice":"Became a vampire","damage_taken":0,"max_hp_gain":0,"max_hp_loss":23,"event_name":"Vampires","floor":20,"gold_loss":0,"cards_obtained":["Bite","Bite","Bite","Bite","Bite"]},{"damage_healed":0,"gold_gain":0,"player_choice":"Joined the Cult","damage_taken":6,"max_hp_gain":0,"max_hp_loss":0,"event_name":"Nest","floor":21,"gold_loss":0,"cards_obtained":["RitualDagger"]},{"damage_healed":0,"gold_gain":0,"player_choice":"Fight","damage_taken":0,"max_hp_gain":0,"max_hp_loss":0,"event_name":"Colosseum","floor":29,"gold_loss":0}],"is_beta":false,"boss_relics":[{"not_picked":["Eternal Feather","Philosopher\u0027s Stone"],"picked":"Runic Pyramid"}],"items_purged_floors":[],"is_endless":false,"potions_floor_spawned":[1,2,3,5,7,8,10,11,13,14,16,18,19,24,25,27,28],"killed_by":"Colosseum Slavers","ascension_level":10}