{"path_per_floor":["M","M","M","$","M","R","M","E","T","E","M","M","E","M","R","B",null,"M","?","M","$","?","R","E","R","T","E","R","M","M","E","R"],"character_chosen":"IRONCLAD","items_purchased":["Regen Potion","Anchor"],"gold_per_floor":[113,127,140,15,35,35,51,85,85,118,133,143,169,185,185,257,257,270,185,198,50,50,50,80,80,80,111,111,121,132,464,464],"floor_reached":33,"campfire_rested":0,"playtime":3789,"current_hp_per_floor":[73,66,72,72,72,72,66,47,47,61,67,72,48,54,54,47,66,61,61,62,62,42,42,46,46,46,54,54,60,66,52,52],"items_purged":["Parasite"],"gold":464,"score":576,"play_id":"1c098d7f-1a5c-49fe-bd85-d0e3dff6c56c","is_prod":false,"is_daily":false,"is_ascension_mode":true,"campfire_upgraded":6,"path_taken":["M","M","M","$","M","R","?","E","T","E","M","?","E","M","R","BOSS","M","?","?","$","?","R","E","R","T","E","R","M","M","E","R","BOSS"],"build_version":"2018-02-22-BETA1","purchased_purges":1,"victory":false,"master_deck":["Strike_R","Strike_R","Strike_R","Strike_R","Strike_R","Defend_R","Defend_R","Defend_R","Defend_R","Bash+1","Pommel Strike+1","Armaments+1","Shrug It Off","Body Slam+1","Rampage","Impervious","Battle Trance","Entrench+1","Inflame+1","Flame Barrier"],"max_hp_per_floor":[75,75,75,72,72,72,72,72,72,72,72,72,72,72,72,72,72,72,72,72,72,77,77,77,77,77,77,77,77,77,77,77],"relics":["Burning Blood","Bag of Preparation","Bronze Scales","Red Skull","Meat on the Bone","Pen Nib","Sozu","Dead Branch","Anchor","Lantern","Bag of Marbles","Centennial Puzzle","Old Coin"],"card_choices":[{"not_picked":["Reckless Charge","Iron Wave"],"picked":"Pommel Strike"},{"not_picked":["Uppercut","Pommel Strike"],"picked":"Armaments"},{"not_picked":["Combust","Headbutt"],"picked":"Shrug It Off"},{"not_picked":["Bloodletting","Shockwave"],"picked":"Body Slam"},{"not_picked":["Wild Strike","Uppercut"],"picked":"Rampage"},{"not_picked":["Headbutt","Armaments"],"picked":"Impervious"},{"not_picked":["Headbutt","Whirlwind"],"picked":"Battle Trance"},{"not_picked":["Thunderclap","Spot Weakness"],"picked":"Entrench"},{"not_picked":["Intimidate","Limit Break"],"picked":"Inflame"},{"not_picked":["Shrug It Off","Shockwave"],"picked":"Flame Barrier"}],"player_experience":165242,"potions_floor_usage":[8,8,10,33],"damage_taken":[{"damage":1,"enemies":"Cultist","floor":1,"turns":3},{"damage":13,"enemies":"Jaw Worm","floor":2,"turns":4},{"damage":0,"enemies":"2 Louse","floor":3,"turns":4},{"damage":5,"enemies":"Gremlin Gang","floor":5,"turns":9},{"damage":12,"enemies":"Large Slime","floor":7,"turns":7},{"damage":25,"enemies":"Gremlin Nob","floor":8,"turns":4},{"damage":4,"enemies":"3 Sentries","floor":10,"turns":8},{"damage":0,"enemies":"Exordium Wildlife","floor":11,"turns":2},{"damage":0,"enemies":"Blue Slaver","floor":12,"turns":4},{"damage":30,"enemies":"Lagavulin","floor":13,"turns":7},{"damage":0,"enemies":"3 Louse","floor":14,"turns":4},{"damage":13,"enemies":"The Guardian","floor":16,"turns":9},{"damage":11,"enemies":"Chosen","floor":18,"turns":4},{"damage":5,"enemies":"Spheric Guardian","floor":20,"turns":4},{"damage":2,"enemies":"Slavers","floor":24,"turns":7},{"damage":10,"enemies":"Book of Stabbing","floor":27,"turns":5},{"damage":0,"enemies":"Snake Plant","floor":29,"turns":1},{"damage":0,"enemies":"Chosen and Byrds","floor":30,"turns":3},{"damage":20,"enemies":"Slavers","floor":31,"turns":4},{"damage":63,"enemies":"Collector","floor":33,"turns":9}],"event_choices":[{"event_name":"Addict","player_choice":"Obtained Relic","floor":19,"damage_taken":0},{"event_name":"Forgotten Altar","player_choice":"Shed Blood","floor":22,"damage_taken":0}],"boss_relics":[{"not_picked":["Orrery","White Beast Statue"],"picked":"Sozu"}],"potions_floor_spawned":[3,5,7,12,16,20,29,31],"seed_played":"-2327821214440833968","killed_by":"Collector","ascension_level":15,"is_trial":false}