{"gold_per_floor":[110,125,52,67,83,83,110,110,136,136,153,153,153,163,163,263,263,275,285,285,200,219,219],"floor_reached":23,"playtime":1162,"items_purged":[],"score":261,"play_id":"99128f0d-49a6-4778-8429-7d46537ec518","local_time":"20181106191228","is_ascension_mode":true,"campfire_choices":[{"data":"Noxious Fumes","floor":6,"key":"SMITH"},{"data":"Catalyst","floor":8,"key":"SMITH"},{"data":"Footwork","floor":10,"key":"SMITH"},{"data":"Backflip","floor":13,"key":"SMITH"},{"floor":15,"key":"REST"}],"neow_cost":"NONE","seed_source_timestamp":257434945507351,"circlet_count":0,"master_deck":["Defend_G","Defend_G","Defend_G","Defend_G","Defend_G","Strike_G","Strike_G","Strike_G","Survivor","Neutralize","Catalyst+1","Deadly Poison","Backflip+1","Noxious Fumes+1","Deflect","Footwork+1","Cloak And Dagger","Malaise","Deadly Poison+1","Well Laid Plans+1","Dodge and Roll"],"relics":["Ring of the Snake","Snake Skull","PreservedInsect","Empty Cage","Boot"],"potions_floor_usage":[22],"damage_taken":[{"damage":10,"enemies":"Cultist","floor":1,"turns":4},{"damage":0,"enemies":"Jaw Worm","floor":2,"turns":4},{"damage":1,"enemies":"2 Louse","floor":4,"turns":3},{"damage":4,"enemies":"Blue Slaver","floor":5,"turns":4},{"damage":13,"enemies":"3 Sentries","floor":7,"turns":7},{"damage":0,"enemies":"2 Fungi Beasts","floor":11,"turns":5},{"damage":0,"enemies":"Large Slime","floor":14,"turns":3},{"damage":25,"enemies":"The Guardian","floor":16,"turns":8},{"damage":15,"enemies":"Chosen","floor":18,"turns":9},{"damage":32,"enemies":"2 Thieves","floor":19,"turns":3},{"damage":11,"enemies":"Snecko","floor":22,"turns":6},{"damage":2,"enemies":"Slavers","floor":23,"turns":1}],"seed_played":"-2051641698451244121","potions_obtained":[{"floor":1,"key":"GamblersBrew"},{"floor":7,"key":"Fire Potion"},{"floor":12,"key":"LiquidBronze"},{"floor":12,"key":"SpeedPotion"}],"is_trial":false,"path_per_floor":["M","M","$","M","M","R","E","R","T","R","M","?","R","M","R","B",null,"M","M","?","?","M","E"],"character_chosen":"THE_SILENT","items_purchased":["Noxious Fumes"],"campfire_rested":1,"item_purchase_floors":[3],"current_hp_per_floor":[53,53,53,52,48,48,35,35,35,35,35,35,35,35,56,31,60,45,13,13,13,2,0],"gold":219,"neow_bonus":"THREE_CARDS","is_prod":false,"is_daily":false,"chose_seed":false,"campfire_upgraded":4,"win_rate":0,"timestamp":1541549548,"path_taken":["M","M","$","M","?","R","E","R","T","R","M","?","R","?","R","BOSS","M","M","?","?","M","E"],"build_version":"2018-11-01","purchased_purges":0,"victory":false,"max_hp_per_floor":[70,70,70,70,70,70,70,70,70,70,70,70,70,70,70,70,70,70,70,70,70,70,70],"card_choices":[{"not_picked":["Underhanded Strike","Slice"],"picked":"Catalyst","floor":0},{"not_picked":["Choke","Cloak And Dagger"],"picked":"Deadly Poison","floor":1},{"not_picked":["Quick Slash","Expertise"],"picked":"Backflip","floor":2},{"not_picked":["Eviscerate","Concentrate","Quick Slash"],"picked":"SKIP","floor":4},{"not_picked":["Masterful Stab","Flying Knee"],"picked":"Deflect","floor":5},{"not_picked":["Dodge and Roll","Quick Slash"],"picked":"Footwork","floor":7},{"not_picked":["Poisoned Stab","Prepared"],"picked":"Cloak And Dagger","floor":11},{"not_picked":["Tactician","Skewer","Eviscerate"],"picked":"SKIP","floor":14},{"not_picked":["Doppelganger","Venomology"],"picked":"Malaise","floor":16},{"not_picked":["Cloak And Dagger","Slice"],"picked":"Deadly Poison+1","floor":18},{"not_picked":["Finisher","Acrobatics"],"picked":"Well Laid Plans+1","floor":19},{"not_picked":["Blade Dance","Terror"],"picked":"Dodge and Roll","floor":22}],"player_experience":754562,"relics_obtained":[{"floor":7,"key":"Snake Skull"},{"floor":9,"key":"PreservedInsect"}],"event_choices":[{"damage_healed":0,"gold_gain":0,"player_choice":"Got Potions","damage_taken":0,"max_hp_gain":0,"max_hp_loss":0,"event_name":"Lab","floor":12,"gold_loss":0},{"damage_healed":0,"gold_gain":0,"player_choice":"Ignored","damage_taken":0,"max_hp_gain":0,"max_hp_loss":0,"event_name":"Cursed Tome","floor":20,"gold_loss":0},{"damage_healed":0,"gold_gain":0,"player_choice":"Obtained Relic","damage_taken":0,"relics_obtained":["Boot"],"max_hp_gain":0,"max_hp_loss":0,"event_name":"Addict","floor":21,"gold_loss":85}],"is_beta":false,"boss_relics":[{"not_picked":["White Beast Statue","Lizard Tail"],"picked":"Empty Cage"}],"items_purged_floors":[],"is_endless":false,"potions_floor_spawned":[1,7,14],"killed_by":"Slavers","ascension_level":7}