{"gold_per_floor":[112,112,127,127,182,182,212,212,212,226,117,130,149,166,166,261,261,277,296,308,308,325,325,325],"floor_reached":24,"playtime":2171,"items_purged":["Strike_G"],"score":225,"play_id":"8c4b9c1f-e7ac-4cfe-ae22-3680a5baab4b","local_time":"20181009220433","is_ascension_mode":false,"campfire_choices":[{"data":"Neutralize","floor":6,"key":"SMITH"},{"data":"After Image","floor":8,"key":"SMITH"},{"floor":15,"key":"REST"},{"floor":23,"key":"REST"}],"neow_cost":"NONE","seed_source_timestamp":436533639420938,"circlet_count":0,"master_deck":["Defend_G","Defend_G","Defend_G","Defend_G","Defend_G","Strike_G","Strike_G","Strike_G","Survivor","Neutralize+1","Poisoned Stab","Deadly Poison","After Image+1","Dagger Spray","Leg Sweep","Bane","Escape Plan","Dodge and Roll","Acrobatics","Envenom","Dagger Throw+1","Backflip+1","Backflip+1","Prepared"],"relics":["Ring of the Snake","NeowsBlessing","Dream Catcher","Calipers","Orichalcum","Lizard Tail"],"potions_floor_usage":[12,16,16,24],"damage_taken":[{"damage":0,"enemies":"Cultist","floor":1,"turns":1},{"damage":0,"enemies":"Small Slimes","floor":3,"turns":1},{"damage":0,"enemies":"Lagavulin","floor":7,"turns":1},{"damage":0,"enemies":"Jaw Worm","floor":10,"turns":4},{"damage":3,"enemies":"Lots of Slimes","floor":12,"turns":4},{"damage":6,"enemies":"2 Fungi Beasts","floor":13,"turns":3},{"damage":3,"enemies":"Exordium Wildlife","floor":14,"turns":5},{"damage":42,"enemies":"Slime Boss","floor":16,"turns":16},{"damage":15,"enemies":"3 Byrds","floor":18,"turns":6},{"damage":0,"enemies":"Shell Parasite","floor":19,"turns":9},{"damage":14,"enemies":"Snake Plant","floor":20,"turns":8},{"damage":7,"enemies":"Centurion and Healer","floor":22,"turns":12},{"damage":7,"enemies":"3 Cultists","floor":24,"turns":6}],"seed_played":"8171175248884499099","potions_obtained":[{"floor":3,"key":"Energy Potion"},{"floor":10,"key":"GamblersBrew"},{"floor":14,"key":"Fire Potion"},{"floor":18,"key":"SpeedPotion"},{"floor":19,"key":"Dexterity Potion"},{"floor":20,"key":"Fire Potion"}],"is_trial":false,"path_per_floor":["M","?","M","?","T","R","E","R","T","M","$","M","M","M","R","B",null,"M","M","M","?","M","R"],"character_chosen":"THE_SILENT","items_purchased":["Leg Sweep"],"campfire_rested":2,"item_purchase_floors":[11],"current_hp_per_floor":[70,63,63,63,63,63,63,63,63,63,63,60,54,51,70,28,70,55,55,41,41,34,55,48],"gold":325,"neow_bonus":"THREE_ENEMY_KILL","is_prod":false,"is_daily":false,"chose_seed":false,"campfire_upgraded":2,"win_rate":0,"timestamp":1539119073,"path_taken":["M","?","M","?","?","R","E","R","T","?","$","M","M","M","R","BOSS","M","?","?","?","M","R","M"],"build_version":"2018-10-04v2","purchased_purges":1,"victory":false,"max_hp_per_floor":[70,70,70,70,70,70,70,70,70,70,70,70,70,70,70,70,70,70,70,70,70,70,70,70],"card_choices":[{"not_picked":["Slice","PiercingWail"],"picked":"Poisoned Stab","floor":1},{"not_picked":["Flying Knee","Acrobatics"],"picked":"Deadly Poison","floor":3},{"not_picked":["Blur","Deadly Poison"],"picked":"After Image","floor":7},{"not_picked":["Sucker Punch","Tactician"],"picked":"Dagger Spray","floor":10},{"not_picked":["Leg Sweep","Dagger Spray"],"picked":"Bane","floor":12},{"not_picked":["Reflex","Slice"],"picked":"Escape Plan","floor":13},{"not_picked":["Grand Finale","Deadly Poison"],"picked":"Dodge and Roll","floor":14},{"not_picked":["Outmaneuver","Sucker Punch"],"picked":"Acrobatics","floor":15},{"not_picked":["Doppelganger","Adrenaline"],"picked":"Envenom","floor":16},{"not_picked":["Blade Dance","Deflect"],"picked":"Dagger Throw+1","floor":18},{"not_picked":["Endless Agony","Underhanded Strike"],"picked":"Backflip+1","floor":19},{"not_picked":["Flying Knee","Flechettes+1"],"picked":"Backflip+1","floor":20},{"not_picked":["Slice","Dash","Quick Slash"],"picked":"SKIP","floor":22},{"not_picked":["Storm of Steel","Cloak And Dagger"],"picked":"Prepared","floor":23}],"player_experience":198961,"relics_obtained":[{"floor":5,"key":"Dream Catcher"},{"floor":7,"key":"Calipers"},{"floor":9,"key":"Orichalcum"}],"event_choices":[{"event_name":"Golden Wing","player_choice":"Card Removal","floor":2,"damage_taken":0},{"event_name":"Shining Light","player_choice":"Ignored","floor":4,"damage_taken":0},{"event_name":"Cursed Tome","player_choice":"Ignored","floor":21,"damage_taken":0}],"is_beta":false,"boss_relics":[{"not_picked":["Sozu","Velvet Choker"],"picked":"Lizard Tail"}],"items_purged_floors":[11],"is_endless":false,"potions_floor_spawned":[3,10,14,18,19,20],"killed_by":"3 Cultists","ascension_level":0}