{"path_per_floor":["M","?","T","M","M","E","M","M","T","M","M","M","R","?","R"],"character_chosen":"IRONCLAD","items_purchased":[],"gold_per_floor":[119,119,143,154,165,494,509,529,552,572,590,600,600,600,600],"floor_reached":16,"campfire_rested":0,"playtime":471,"current_hp_per_floor":[80,80,80,80,80,30,28,23,23,31,36,40,40,24,24],"items_purged":[],"gold":600,"score":106,"play_id":"a9baa607-3e2c-461a-bc33-2d5ed4d0ebdf","is_prod":false,"is_daily":false,"is_ascension_mode":false,"campfire_upgraded":2,"path_taken":["M","?","?","M","?","E","M","?","T","?","M","?","R","?","R","BOSS"],"build_version":"2018-02-22-PROD2","purchased_purges":0,"victory":false,"master_deck":["Strike_R+1","Strike_R","Strike_R","Strike_R","Strike_R","Defend_R","Defend_R","Defend_R","Defend_R","Bash+1","Wild Strike","Regret","Pommel Strike","Twin Strike","Flex+1","Twin Strike","Clothesline+1","Dual Wield"],"max_hp_per_floor":[80,80,80,80,80,80,80,80,80,80,80,80,80,80,80],"relics":["Burning Blood","NeowsBlessing","Mercury Hourglass","Blood Vial","Old Coin","Bag of Marbles"],"card_choices":[{"not_picked":["Impervious","Anger"],"picked":"Wild Strike"},{"not_picked":["Cleave","Entrench"],"picked":"Pommel Strike"},{"not_picked":["Searing Blow","Clothesline"],"picked":"Twin Strike"},{"not_picked":["Rage","Heavy Blade"],"picked":"Flex"},{"not_picked":["Clothesline","Burning Pact"],"picked":"Twin Strike"},{"not_picked":["Burning Pact","Barricade"],"picked":"Clothesline"},{"not_picked":["Metallicize","Body Slam"],"picked":"Dual Wield"}],"player_experience":35484,"potions_floor_usage":[16],"damage_taken":[{"damage":0,"enemies":"Cultist","floor":1,"turns":1},{"damage":0,"enemies":"Small Slimes","floor":4,"turns":1},{"damage":0,"enemies":"Jaw Worm","floor":5,"turns":1},{"damage":56,"enemies":"Lagavulin","floor":6,"turns":7},{"damage":10,"enemies":"Lots of Slimes","floor":7,"turns":2},{"damage":13,"enemies":"Red Slaver","floor":8,"turns":2},{"damage":0,"enemies":"3 Louse","floor":10,"turns":2},{"damage":3,"enemies":"Exordium Wildlife","floor":11,"turns":3},{"damage":4,"enemies":"Blue Slaver","floor":12,"turns":2},{"damage":26,"enemies":"Slime Boss","floor":16,"turns":3}],"event_choices":[{"event_name":"Big Fish","player_choice":"Box","floor":2,"damage_taken":0},{"event_name":"Shining Light","player_choice":"Entered Light","floor":14,"damage_taken":0}],"boss_relics":[],"potions_floor_spawned":[1,10,12],"seed_played":"4180935501383873913","killed_by":"Slime Boss","ascension_level":0,"is_trial":false}