{"gold_per_floor":[110,110,110,40,59,59,69,69,69,100,120,182,195,210,210,312,312,325,337,262,262,7,42,42,42,42,42,57,92,105,105,105,206,206,216,291,306,53,70,70,89,10,10,10],"floor_reached":44,"playtime":4823,"items_purged":["Defend_G","Strike_G"],"score":773,"play_id":"d0884965-4102-4718-8500-35c5e53c7915","local_time":"20190302194004","is_ascension_mode":true,"campfire_choices":[{"data":"Dash","floor":6,"key":"SMITH"},{"data":"Poisoned Stab","floor":8,"key":"SMITH"},{"data":"Footwork","floor":15,"key":"SMITH"},{"floor":25,"key":"REST"},{"data":"Crippling Poison","floor":27,"key":"SMITH"},{"floor":32,"key":"REST"},{"data":"Neutralize","floor":40,"key":"SMITH"}],"neow_cost":"NONE","seed_source_timestamp":256433208004504,"circlet_count":0,"master_deck":["AscendersBane","Defend_G+1","Defend_G","Defend_G","Defend_G+1","Strike_G","Strike_G","Strike_G","Survivor","Neutralize+1","Flying Knee","Dash+1","Poisoned Stab+1","Footwork+1","Predator","Tools of the Trade","Crippling Poison+1","Backstab","After Image","Dodge and Roll","Dagger Spray","Bullet Time","PiercingWail","Backflip","After Image","Parasite","Poisoned Stab"],"relics":["Ring of the Snake","Happy Flower","Oddly Smooth Stone","Bottled Flame","Mercury Hourglass","Tiny Chest","Velvet Choker","War Paint","Matryoshka","Gambling Chip","Bottled Lightning","Mummified Hand","Orrery","Anchor","Dodecahedron","Smiling Mask","Letter Opener"],"potions_floor_usage":[16,18,28,29,29,41],"damage_taken":[{"damage":1,"enemies":"Cultist","floor":1,"turns":6},{"damage":3,"enemies":"Small Slimes","floor":5,"turns":4},{"damage":3,"enemies":"Jaw Worm","floor":7,"turns":4},{"damage":16,"enemies":"Gremlin Nob","floor":10,"turns":5},{"damage":2,"enemies":"Blue Slaver","floor":11,"turns":3},{"damage":10,"enemies":"Lagavulin","floor":12,"turns":8},{"damage":0,"enemies":"Exordium Wildlife","floor":13,"turns":4},{"damage":0,"enemies":"3 Louse","floor":14,"turns":3},{"damage":1,"enemies":"Hexaghost","floor":16,"turns":9},{"damage":3,"enemies":"3 Byrds","floor":18,"turns":4},{"damage":1,"enemies":"Chosen","floor":19,"turns":4},{"damage":34,"enemies":"Slavers","floor":23,"turns":8},{"damage":4,"enemies":"Sentry and Sphere","floor":28,"turns":7},{"damage":0,"enemies":"Gremlin Leader","floor":29,"turns":8},{"damage":0,"enemies":"Centurion and Healer","floor":30,"turns":4},{"damage":49,"enemies":"Automaton","floor":33,"turns":14},{"damage":0,"enemies":"3 Shapes","floor":35,"turns":4},{"damage":6,"enemies":"3 Darklings","floor":37,"turns":4},{"damage":0,"enemies":"4 Shapes","floor":39,"turns":5},{"damage":0,"enemies":"Writhing Mass","floor":41,"turns":9},{"damage":54,"enemies":"Giant Head","floor":44,"turns":11}],"seed_played":"3466554534227221226","potions_obtained":[{"floor":11,"key":"SpeedPotion"},{"floor":13,"key":"LiquidBronze"},{"floor":16,"key":"Dexterity Potion"},{"floor":18,"key":"SpeedPotion"},{"floor":28,"key":"SkillPotion"},{"floor":35,"key":"Block Potion"},{"floor":37,"key":"Fire Potion"},{"floor":41,"key":"Explosive Potion"}],"is_trial":false,"path_per_floor":["M","?","?","$","M","R","M","R","T","E","M","E","M","M","R","B",null,"M","M","?","?","$","E","$","R","T","R","M","E","M","?","R","B",null,"M","?","M","$","M","R","M","?","T","E"],"character_chosen":"THE_SILENT","items_purchased":["Dash","Dodge and Roll","War Paint","Anchor"],"campfire_rested":2,"item_purchase_floors":[4,22,22,38],"current_hp_per_floor":[62,44,67,67,64,64,61,61,61,45,43,33,33,33,33,32,61,58,57,57,44,44,10,10,32,32,32,28,28,28,28,50,1,57,57,50,44,44,44,44,44,44,44,0],"gold":10,"neow_bonus":"RANDOM_COMMON_RELIC","is_prod":false,"is_daily":false,"chose_seed":false,"campfire_upgraded":5,"win_rate":0,"timestamp":1551573604,"path_taken":["M","?","?","$","M","R","M","R","T","E","M","E","M","M","R","BOSS","M","M","?","?","?","E","?","R","T","R","M","E","M","?","R","BOSS","M","?","M","$","?","R","M","?","T","E"],"build_version":"2019-01-23","purchased_purges":2,"victory":false,"max_hp_per_floor":[70,70,70,70,70,70,70,70,70,70,70,70,70,70,70,70,70,70,70,70,75,75,75,75,75,75,75,75,75,75,75,75,75,75,75,75,75,75,75,75,75,75,75,75],"card_choices":[{"not_picked":["Underhanded Strike","Outmaneuver"],"picked":"Flying Knee","floor":1},{"not_picked":["Quick Slash","Concentrate"],"picked":"Poisoned Stab","floor":5},{"not_picked":["Catalyst","Prepared"],"picked":"Footwork","floor":7},{"not_picked":["Eviscerate","Sucker Punch"],"picked":"Predator","floor":10},{"not_picked":["Terror","Prepared"],"picked":"Tools of the Trade","floor":11},{"not_picked":["Caltrops","Underhanded Strike","Dagger Spray"],"picked":"SKIP","floor":12},{"not_picked":["Accuracy","Acrobatics"],"picked":"Crippling Poison","floor":13},{"not_picked":["Backflip","Setup"],"picked":"Backstab","floor":14},{"not_picked":["A Thousand Cuts","Corpse Explosion"],"picked":"After Image","floor":16},{"not_picked":["PiercingWail","Well Laid Plans","Quick Slash+1"],"picked":"SKIP","floor":18},{"not_picked":["Caltrops","Poisoned Stab","Quick Slash"],"picked":"SKIP","floor":19},{"not_picked":["Choke","Noxious Fumes","Sucker Punch"],"picked":"SKIP","floor":23},{"not_picked":["PiercingWail","Deadly Poison"],"picked":"Dagger Spray","floor":28},{"not_picked":["After Image","Cloak And Dagger","Dodge and Roll"],"picked":"SKIP","floor":29},{"not_picked":["Endless Agony","Underhanded Strike","Dagger Spray"],"picked":"SKIP","floor":30},{"not_picked":["Burst","Phantasmal Killer"],"picked":"Bullet Time","floor":33},{"not_picked":["Reflex","Dagger Spray"],"picked":"PiercingWail","floor":34},{"not_picked":["Crippling Poison","Dagger Spray+1","Deflect"],"picked":"SKIP","floor":35},{"not_picked":["Flechettes","Heel Hook"],"picked":"Backflip","floor":37},{"not_picked":["Bouncing Flask","Expertise+1"],"picked":"After Image","floor":39},{"not_picked":["Dash+1","Leg Sweep"],"picked":"Poisoned Stab","floor":41}],"player_experience":346909,"relics_obtained":[{"floor":9,"key":"Bottled Flame"},{"floor":10,"key":"Mercury Hourglass"},{"floor":12,"key":"Tiny Chest"},{"floor":23,"key":"Matryoshka"},{"floor":26,"key":"Gambling Chip"},{"floor":26,"key":"Bottled Lightning"},{"floor":29,"key":"Mummified Hand"},{"floor":43,"key":"Smiling Mask"},{"floor":43,"key":"Letter Opener"}],"event_choices":[{"damage_healed":0,"gold_gain":0,"player_choice":"Success","damage_taken":18,"relics_obtained":["Oddly Smooth Stone"],"max_hp_gain":0,"max_hp_loss":0,"event_name":"Scrap Ooze","floor":2,"gold_loss":0},{"damage_healed":23,"gold_gain":0,"player_choice":"Banana","damage_taken":0,"max_hp_gain":0,"max_hp_loss":0,"event_name":"Big Fish","floor":3,"gold_loss":0},{"cards_removed":["Strike_G"],"damage_healed":0,"gold_gain":0,"player_choice":"Gave Gold","damage_taken":0,"max_hp_gain":0,"max_hp_loss":0,"event_name":"Beggar","floor":20,"gold_loss":75},{"damage_healed":0,"gold_gain":0,"player_choice":"Shed Blood","damage_taken":18,"max_hp_gain":5,"max_hp_loss":0,"event_name":"Forgotten Altar","floor":21,"gold_loss":0},{"damage_healed":0,"gold_gain":0,"player_choice":"Ignored","damage_taken":0,"max_hp_gain":0,"max_hp_loss":0,"event_name":"Cursed Tome","floor":31,"gold_loss":0},{"damage_healed":0,"gold_gain":75,"player_choice":"Touch","damage_taken":7,"max_hp_gain":0,"max_hp_loss":0,"event_name":"FaceTrader","floor":36,"gold_loss":0},{"damage_healed":0,"gold_gain":0,"player_choice":"Paid Gold","damage_taken":0,"relics_obtained":["Dodecahedron"],"max_hp_gain":0,"max_hp_loss":0,"event_name":"WeMeetAgain","floor":42,"gold_loss":79}],"is_beta":false,"boss_relics":[{"not_picked":["Astrolabe","Ring of the Serpent"],"picked":"Velvet Choker"},{"not_picked":["WristBlade","Fusion Hammer"],"picked":"Orrery"}],"items_purged_floors":[22,38],"is_endless":false,"potions_floor_spawned":[11,13,16,18,23,28,35,37,41],"killed_by":"Giant Head","ascension_level":12}