{"gold_per_floor":[18,18,37,37,52,52,71,71,96,109,142,154,197,222,234,350,362,392,404,515,98,72,72,98,98,98,16,16,33,63,83,83,83],"floor_reached":33,"playtime":3390,"items_purged":["Defend_G"],"score":515,"play_id":"4f6614b0-d12d-4ee1-8450-0b2e3139d7da","local_time":"20190301170252","is_ascension_mode":true,"campfire_choices":[{"data":"All Out Attack","floor":6,"key":"SMITH"},{"data":"Neutralize","floor":8,"key":"SMITH"},{"data":"Poisoned Stab","floor":12,"key":"SMITH"},{"floor":15,"key":"REST"},{"data":"Tactician","floor":23,"key":"SMITH"},{"data":"Eviscerate","floor":25,"key":"SMITH"},{"floor":28,"key":"DIG"},{"data":"Acrobatics","floor":32,"key":"SMITH"}],"neow_cost":"NO_GOLD","seed_source_timestamp":162029473737978,"circlet_count":0,"master_deck":["AscendersBane","Defend_G","Strike_G+1","Strike_G+1","Survivor","Neutralize+1","Poisoned Stab+1","All Out Attack+1","Underhanded Strike","Tactician+1","Prepared","Acrobatics+1","Predator","Adrenaline","Footwork","Finisher","Backflip","After Image","PiercingWail","Eviscerate+1","PanicButton","Expertise","Blur+1","Deflect"],"relics":["Ring of the Snake","Whetstone","MawBank","Torii","Empty Cage","Juzu Bracelet","Blood Vial","Shovel","The Courier","Potion Belt"],"potions_floor_usage":[11,13,16,16,16,24,24,24,30,33],"damage_taken":[{"damage":2,"enemies":"Cultist","floor":1,"turns":5},{"damage":1,"enemies":"Jaw Worm","floor":3,"turns":3},{"damage":4,"enemies":"Small Slimes","floor":5,"turns":3},{"damage":4,"enemies":"Blue Slaver","floor":7,"turns":4},{"damage":7,"enemies":"Exordium Wildlife","floor":10,"turns":5},{"damage":22,"enemies":"Lagavulin","floor":11,"turns":6},{"damage":15,"enemies":"Gremlin Nob","floor":13,"turns":3},{"damage":0,"enemies":"Looter","floor":14,"turns":2},{"damage":0,"enemies":"Slime Boss","floor":16,"turns":8},{"damage":0,"enemies":"Chosen","floor":18,"turns":4},{"damage":9,"enemies":"Slavers","floor":24,"turns":7},{"damage":0,"enemies":"Spheric Guardian","floor":29,"turns":3},{"damage":7,"enemies":"Book of Stabbing","floor":30,"turns":6},{"damage":33,"enemies":"Centurion and Healer","floor":31,"turns":10},{"damage":38,"enemies":"Collector","floor":33,"turns":7}],"seed_played":"-6783431995358029470","potions_obtained":[{"floor":5,"key":"Dexterity Potion"},{"floor":11,"key":"Fire Potion"},{"floor":13,"key":"EntropicBrew"},{"floor":14,"key":"Fire Potion"},{"floor":16,"key":"Block Potion"},{"floor":29,"key":"Swift Potion"},{"floor":30,"key":"Strength Potion"}],"is_trial":false,"path_per_floor":["M","$","M","?","M","R","M","R","T","M","E","R","E","M","R","B",null,"M","?","?","$","$","R","E","R","T","$","R","M","E","M","R","B"],"character_chosen":"THE_SILENT","items_purchased":["Backflip","Juzu Bracelet","After Image","PiercingWail","PanicButton"],"campfire_rested":1,"item_purchase_floors":[21,21,21,22,27],"current_hp_per_floor":[61,61,60,65,61,61,57,57,57,50,28,28,13,13,35,35,65,65,65,65,65,65,65,56,56,56,56,56,58,53,22,22,0],"gold":83,"neow_bonus":"REMOVE_TWO","is_prod":false,"is_daily":false,"chose_seed":false,"campfire_upgraded":6,"win_rate":0,"timestamp":1551477772,"path_taken":["M","?","?","?","M","R","M","R","T","M","E","R","E","M","R","BOSS","M","?","?","?","$","R","E","R","T","$","R","M","E","M","R","BOSS"],"build_version":"2019-01-23","purchased_purges":1,"victory":false,"max_hp_per_floor":[70,70,70,75,75,75,75,75,75,75,75,75,75,75,75,75,75,75,75,75,75,75,75,75,75,75,75,75,75,75,75,75,75],"card_choices":[{"not_picked":["Endless Agony","Catalyst"],"picked":"Poisoned Stab","floor":1},{"not_picked":["Endless Agony","Underhanded Strike"],"picked":"All Out Attack","floor":3},{"not_picked":["Flying Knee","Deflect"],"picked":"Underhanded Strike","floor":5},{"not_picked":["Crippling Poison","Cloak And Dagger"],"picked":"Tactician","floor":7},{"not_picked":["Underhanded Strike","Deflect"],"picked":"Prepared","floor":10},{"not_picked":["Noxious Fumes","Bullet Time","Dash"],"picked":"SKIP","floor":11},{"not_picked":["Burst","Bouncing Flask"],"picked":"Acrobatics","floor":13},{"not_picked":["Dodge and Roll","Deflect"],"picked":"Predator","floor":14},{"not_picked":["Bullet Time","Glass Knife"],"picked":"Adrenaline","floor":16},{"not_picked":["Flying Knee","Underhanded Strike","Heel Hook+1"],"picked":"SKIP","floor":18},{"not_picked":["Deadly Poison","Tactician+1"],"picked":"Eviscerate","floor":24},{"not_picked":["Bane+1","Slice+1"],"picked":"Expertise","floor":29},{"not_picked":["Prepared","Finisher"],"picked":"Blur+1","floor":30},{"not_picked":["Sucker Punch+1","Slice"],"picked":"Deflect","floor":31}],"player_experience":298361,"relics_obtained":[{"floor":9,"key":"Whetstone"},{"floor":11,"key":"MawBank"},{"floor":13,"key":"Torii"},{"floor":24,"key":"Blood Vial"},{"floor":26,"key":"Shovel"},{"floor":28,"key":"The Courier"},{"floor":30,"key":"Potion Belt"}],"event_choices":[{"damage_healed":0,"gold_gain":0,"player_choice":"Donut","damage_taken":0,"max_hp_gain":5,"max_hp_loss":0,"event_name":"Big Fish","floor":4,"gold_loss":0},{"damage_healed":0,"gold_gain":0,"cards_transformed":["Defend_G","Strike_G"],"player_choice":"Became Test Subject","damage_taken":0,"max_hp_gain":0,"max_hp_loss":0,"event_name":"Drug Dealer","floor":19,"gold_loss":0,"cards_obtained":["Footwork","Finisher"]},{"damage_healed":0,"gold_gain":99,"player_choice":"Stole From Cult","damage_taken":0,"max_hp_gain":0,"max_hp_loss":0,"event_name":"Nest","floor":20,"gold_loss":0}],"is_beta":false,"boss_relics":[{"not_picked":["Ectoplasm","Fusion Hammer"],"picked":"Empty Cage"}],"items_purged_floors":[21],"is_endless":false,"potions_floor_spawned":[5,11,13,14,16,29,30],"killed_by":"Collector","ascension_level":10}