{"gold_per_floor":[116,116,136,136,436,436,449,152,152,152,169,169,0,10,10,111,111,128,145,159,176,189,89,89,89,89,124,138,13,13,13,13,118,118,128,145,1144,1155,1155,1155,1182,1195,1195,61,78,78,78,78,78,78],"floor_reached":51,"playtime":1720,"items_purged":["Regret","Strike_R","Normality","Normality"],"score":812,"play_id":"1ca54cf1-b149-4f3a-b577-c2a82744739d","local_time":"20190302175603","is_ascension_mode":false,"campfire_choices":[{"data":"Double Tap","floor":6.0,"key":"SMITH"},{"data":"Whirlwind","floor":10.0,"key":"SMITH"},{"data":"Flex","floor":12.0,"key":"SMITH"},{"data":"Apotheosis","floor":15.0,"key":"SMITH"},{"data":"1","floor":32.0,"key":"LIFT"},{"data":"2","floor":40,"key":"LIFT"},{"data":"3","floor":47,"key":"LIFT"},{"floor":49,"key":"REST"}],"neow_cost":"NONE","seed_source_timestamp":5664012367221,"circlet_count":0,"master_deck":["Bash","Battle Trance","Shrug It Off","Double Tap+1","Seeing Red","True Grit","Clothesline","Whirlwind+1","Infernal Blade","Flex+1","Headbutt","Apotheosis+1","Cloak And Dagger","Master of Strategy","Metallicize+1","Scrape+1","Panacea","PiercingWail+1","Leg Sweep","Dark Shackles+1","Coolheaded+1","Shame","Dark Embrace+1","Flex","Perfected Strike","Immolate","Armaments","Intimidate","Rage","Limit Break+1","Iron Wave","Conserve Battery+1","Heatsinks+1","Normality","PiercingWail+1","Body Slam+1","Battle Trance","Double Tap","Juggernaut+1"],"special_seed":0,"relics":["Orrery","Gambling Chip","Letter Opener","Old Coin","PrismaticShard","Pear","Cursed Key","Bronze Scales","Girya","Frozen Egg 2","Question Card","Pandora\u0027s Box","Omamori","The Courier","Gremlin Horn","Red Skull","Pen Nib","Paper Frog","Bag of Preparation"],"potions_floor_usage":[33,33,41,50,50,50],"damage_taken":[{"damage":0.0,"enemies":"Jaw Worm","floor":1.0,"turns":5.0},{"damage":0.0,"enemies":"2 Louse","floor":3.0,"turns":2.0},{"damage":4.0,"enemies":"Cultist","floor":7.0,"turns":3.0},{"damage":0.0,"enemies":"Lots of Slimes","floor":11.0,"turns":1.0},{"damage":9.0,"enemies":"Blue Slaver","floor":14.0,"turns":4.0},{"damage":0.0,"enemies":"Slime Boss","floor":16.0,"turns":5.0},{"damage":13.0,"enemies":"Shell Parasite","floor":18.0,"turns":4.0},{"damage":0.0,"enemies":"Spheric Guardian","floor":19.0,"turns":3.0},{"damage":2.0,"enemies":"3 Cultists","floor":20.0,"turns":3.0},{"damage":10.0,"enemies":"Cultist and Chosen","floor":21.0,"turns":3.0},{"damage":17.0,"enemies":"Snake Plant","floor":22.0,"turns":3.0},{"damage":7.0,"enemies":"Gremlin Leader","floor":27.0,"turns":6.0},{"damage":0.0,"enemies":"Shelled Parasite and Fungi","floor":28.0,"turns":6.0},{"damage":6,"enemies":"Champ","floor":33,"turns":6},{"damage":0,"enemies":"Orb Walker","floor":35,"turns":2},{"damage":0,"enemies":"3 Shapes","floor":36,"turns":1},{"damage":14,"enemies":"Maw","floor":38,"turns":7},{"damage":34,"enemies":"Reptomancer","floor":41,"turns":7},{"damage":24,"enemies":"Transient","floor":42,"turns":5},{"damage":4,"enemies":"Spire Growth","floor":45,"turns":5},{"damage":57,"enemies":"Donu and Deca","floor":50,"turns":7}],"seed_played":"3403810995908250360","potions_obtained":[{"floor":1.0,"key":"SkillPotion"},{"floor":3.0,"key":"Ancient Potion"},{"floor":11.0,"key":"Fire Potion"},{"floor":19.0,"key":"Strength Potion"},{"floor":21.0,"key":"Energy Potion"},{"floor":33,"key":"BloodPotion"},{"floor":38,"key":"LiquidBronze"},{"floor":41,"key":"PowerPotion"},{"floor":42,"key":"Fire Potion"}],"is_trial":false,"path_per_floor":["M","?","M","?","?","R","M","$","T","R","M","R","$","M","R","B",null,"M","M","M","M","M","$","?","?","T","E","M","$","T","$","R","B",null,"M","M","?","M","?","R","E","M","T","$","M","$","R","?","R","B",null],"character_chosen":"IRONCLAD","items_purchased":["PrismaticShard","Flex","Apotheosis","SpeedPotion","SteroidPotion","Battle Trance","Double Tap","Gremlin Horn","Red Skull","Pen Nib","Paper Frog","Bag of Preparation"],"campfire_rested":1,"item_purchase_floors":[8,8,13,44,44,44,44,44,44,44,44,44],"current_hp_per_floor":[80,68,68,68,68,68,64,64,74,74,74,74,74,65,65,65,90,77,77,75,65,48,48,48,48,48,41,41,41,41,41,41,35,90,90,90,90,76,76,76,51,27,27,27,23,23,23,79,79,22],"gold":78,"neow_bonus":"BOSS_RELIC","is_prod":false,"is_daily":false,"chose_seed":false,"campfire_upgraded":4,"win_rate":0,"timestamp":1551570963,"path_taken":["M","?","M","?","?","R","M","$","T","R","M","R","$","M","R","BOSS","M","M","?","?","M","$","?","?","T","E","?","$","?","?","R","BOSS","M","M","?","M","?","R","E","?","T","$","M","?","R","?","R","BOSS"],"build_version":"2019-01-23","purchased_purges":4,"victory":true,"max_hp_per_floor":[80,80,80,80,80,80,80,80,90,90,90,90,90,90,90,90,90,90,90,90,90,90,90,90,90,90,90,90,90,90,90,90,90,90,90,90,90,90,90,90,90,90,90,90,90,90,90,79,79,79],"card_choices":[{"not_picked":["Wild Strike","Heavy Blade"],"picked":"Battle Trance","floor":0.0},{"not_picked":["Body Slam","Havoc"],"picked":"Shrug It Off","floor":0.0},{"not_picked":["Wild Strike","Cleave"],"picked":"Double Tap","floor":0.0},{"not_picked":["Wild Strike","True Grit"],"picked":"Seeing Red","floor":0.0},{"not_picked":["Rupture","Dropkick"],"picked":"True Grit","floor":0.0},{"not_picked":["True Grit","Wild Strike"],"picked":"Clothesline","floor":1.0},{"not_picked":["Headbutt","Wild Strike"],"picked":"Whirlwind","floor":3.0},{"not_picked":["Combust","Feel No Pain"],"picked":"Infernal Blade","floor":7.0},{"not_picked":["Outmaneuver","Sucker Punch"],"picked":"Headbutt","floor":11.0},{"not_picked":["Reprogram","Shrug It Off"],"picked":"Cloak And Dagger","floor":14.0},{"not_picked":["Storm of Steel","Fission"],"picked":"Master of Strategy","floor":16.0},{"not_picked":["Acrobatics+1","Defragment"],"picked":"Metallicize+1","floor":18.0},{"not_picked":["Consume+1","Gash"],"picked":"Scrape+1","floor":19.0},{"not_picked":["Well Laid Plans+1","Compile Driver"],"picked":"Panacea","floor":20.0},{"not_picked":["Chill","Turbo"],"picked":"PiercingWail+1","floor":21.0},{"not_picked":["Dodge and Roll+1","Dual Wield"],"picked":"Leg Sweep","floor":22.0},{"not_picked":["Beam Cell","Rebound"],"picked":"Dark Shackles+1","floor":27.0},{"not_picked":["Deadly Poison","Blood for Blood"],"picked":"Coolheaded+1","floor":28.0},{"not_picked":["Brutality+1","Immolate","Secret Weapon"],"picked":"Dark Embrace+1","floor":33},{"not_picked":["Rampage+1","Iron Wave","Shrug It Off+1"],"picked":"Conserve Battery+1","floor":35},{"not_picked":["Sucker Punch+1","Barrage","Glacier"],"picked":"Heatsinks+1","floor":36},{"not_picked":["Cleave+1","Dash+1","Wild Strike"],"picked":"PiercingWail+1","floor":38},{"not_picked":["Leap","Reinforced Body","Blade Dance+1"],"picked":"Body Slam+1","floor":41},{"not_picked":["Bane+1","Hemokinesis","Quick Slash","Perfected Strike"],"picked":"SKIP","floor":42},{"not_picked":["Rampage","Expertise+1","Poisoned Stab"],"picked":"Juggernaut+1","floor":45}],"player_experience":968872,"relics_obtained":[{"floor":9.0,"key":"Pear"},{"floor":26.0,"key":"Girya"},{"floor":27.0,"key":"Frozen Egg 2"},{"floor":30.0,"key":"Question Card"},{"floor":41,"key":"Omamori"},{"floor":43,"key":"The Courier"}],"event_choices":[{"damage_healed":0.0,"max_hp_gain":0.0,"max_hp_loss":0.0,"gold_gain":0.0,"event_name":"Scrap Ooze","player_choice":"Success","floor":2.0,"gold_loss":0.0,"damage_taken":12.0,"relics_obtained":["Gambling Chip"]},{"damage_healed":0.0,"max_hp_gain":0.0,"max_hp_loss":0.0,"gold_gain":0.0,"event_name":"Big Fish","player_choice":"Box","floor":4.0,"gold_loss":0.0,"damage_taken":0.0,"relics_obtained":["Letter Opener"],"cards_obtained":["Regret"]},{"damage_healed":0.0,"max_hp_gain":0.0,"max_hp_loss":0.0,"gold_gain":0.0,"event_name":"WeMeetAgain","player_choice":"Gave Potion","floor":5.0,"gold_loss":0.0,"damage_taken":0.0,"relics_obtained":["Old Coin"]},{"damage_healed":0.0,"max_hp_gain":0.0,"max_hp_loss":0.0,"gold_gain":0.0,"event_name":"The Mausoleum","player_choice":"Opened","floor":24.0,"gold_loss":0.0,"damage_taken":0.0,"relics_obtained":["Bronze Scales"]},{"damage_healed":0.0,"max_hp_gain":0.0,"max_hp_loss":0.0,"gold_gain":0.0,"event_name":"NoteForYourself","player_choice":"Ignored","floor":25.0,"gold_loss":0.0,"damage_taken":0.0},{"damage_healed":0,"gold_gain":999,"player_choice":"Gold","damage_taken":0,"max_hp_gain":0,"max_hp_loss":0,"event_name":"MindBloom","floor":37,"gold_loss":0,"cards_obtained":["Normality","Normality"]},{"damage_healed":0,"gold_gain":0,"player_choice":"Upgraded","damage_taken":0,"max_hp_gain":0,"max_hp_loss":0,"event_name":"Upgrade Shrine","floor":39,"gold_loss":0,"cards_upgraded":["Limit Break"]},{"damage_healed":79,"gold_gain":0,"player_choice":"Heal","damage_taken":0,"max_hp_gain":0,"max_hp_loss":11,"event_name":"The Moai Head","floor":48,"gold_loss":0}],"is_beta":false,"boss_relics":[{"not_picked":["Calling Bell","White Beast Statue"],"picked":"Cursed Key"},{"not_picked":["Runic Dome","Lizard Tail"],"picked":"Pandora\u0027s Box"}],"items_purged_floors":[8,23,29,44],"is_endless":false,"potions_floor_spawned":[1,3,11,19,21,33,38,41,42],"ascension_level":0}