{"gold_per_floor":[128,215,245,182,212,224,148,148,171,7,7,37,49,77,77,77],"floor_reached":16,"playtime":952,"items_purged":[],"score":216,"play_id":"9590a920-3627-446e-adf3-054105902103","local_time":"20181226063424","is_ascension_mode":true,"campfire_choices":[{"data":"Bash","floor":6,"key":"SMITH"},{"data":"Battle Trance","floor":11,"key":"SMITH"},{"data":"Perfected Strike","floor":15,"key":"SMITH"}],"neow_cost":"NONE","seed_source_timestamp":386841522357177,"circlet_count":0,"master_deck":["AscendersBane","Strike_R","Strike_R","Strike_R","Defend_R","Defend_R","Defend_R","Defend_R","Bash+1","Cleave","Twin Strike","Perfected Strike+1","Battle Trance+1","Shrug It Off","Wild Strike","Evolve"],"relics":["Burning Blood","MawBank","Bag of Marbles","Bag of Preparation","Calipers","Juzu Bracelet"],"potions_floor_usage":[12],"damage_taken":[{"damage":10,"enemies":"2 Louse","floor":1,"turns":3},{"damage":11,"enemies":"Jaw Worm","floor":3,"turns":5},{"damage":8,"enemies":"Small Slimes","floor":5,"turns":3},{"damage":20,"enemies":"3 Sentries","floor":12,"turns":7},{"damage":13,"enemies":"Exordium Thugs","floor":13,"turns":5},{"damage":8,"enemies":"Gremlin Nob","floor":14,"turns":3},{"damage":23,"enemies":"Hexaghost","floor":16,"turns":8}],"seed_played":"893922178917279158","potions_obtained":[{"floor":5,"key":"SteroidPotion"}],"is_trial":false,"path_per_floor":["M","?","M","?","M","R","$","?","T","$","R","E","M","E","R","B"],"character_chosen":"IRONCLAD","items_purchased":["Battle Trance","Bag of Preparation"],"campfire_rested":0,"item_purchase_floors":[7,10],"current_hp_per_floor":[64,53,48,48,46,46,46,46,46,46,46,32,25,23,23,0],"gold":77,"neow_bonus":"RANDOM_COMMON_RELIC","is_prod":false,"is_daily":false,"chose_seed":false,"campfire_upgraded":3,"win_rate":0,"timestamp":1545834864,"path_taken":["M","?","M","?","M","R","?","?","T","$","R","E","M","E","R","BOSS"],"build_version":"2018-12-25","purchased_purges":0,"victory":false,"max_hp_per_floor":[75,75,75,75,75,75,75,75,75,75,75,75,75,75,75,75],"card_choices":[{"not_picked":["Wild Strike","Dual Wield"],"picked":"Cleave","floor":1},{"not_picked":["Flex","Clash"],"picked":"Twin Strike","floor":3},{"not_picked":["Clash","Cleave"],"picked":"Perfected Strike","floor":5},{"not_picked":["Reckless Charge","Whirlwind"],"picked":"Shrug It Off","floor":12},{"not_picked":["Shockwave","Flame Barrier"],"picked":"Wild Strike","floor":13},{"not_picked":["Heavy Blade","Shrug It Off"],"picked":"Evolve","floor":14}],"player_experience":4076328,"relics_obtained":[{"floor":9,"key":"Bag of Marbles"},{"floor":12,"key":"Calipers"},{"floor":14,"key":"Juzu Bracelet"}],"event_choices":[{"damage_healed":0,"gold_gain":75,"player_choice":"Gather Gold","damage_taken":11,"max_hp_gain":0,"max_hp_loss":0,"event_name":"World of Goop","floor":2,"gold_loss":0},{"cards_removed":["Strike_R"],"damage_healed":0,"gold_gain":0,"player_choice":"Card Removal","damage_taken":0,"max_hp_gain":0,"max_hp_loss":0,"event_name":"The Cleric","floor":4,"gold_loss":75},{"cards_removed":["Strike_R"],"damage_healed":0,"gold_gain":0,"player_choice":"Purged","damage_taken":0,"max_hp_gain":0,"max_hp_loss":0,"event_name":"Purifier","floor":8,"gold_loss":0}],"is_beta":true,"boss_relics":[],"items_purged_floors":[],"is_endless":false,"potions_floor_spawned":[5],"killed_by":"Hexaghost","ascension_level":20}