{"gold_per_floor":[111,111,121,46,62,87,87,112,165,179,179,211,223,223,223,319,319,339,339,373,373,383,383,408,408,434,109,109,129,129],"floor_reached":30,"playtime":2768,"items_purged":["Strike_B","Decay"],"score":531,"play_id":"f243a209-5772-4f15-8d83-21712d71480c","local_time":"20190217234935","is_ascension_mode":true,"campfire_choices":[{"floor":7,"key":"REST"},{"floor":11,"key":"REST"},{"data":"Loop","floor":15,"key":"SMITH"},{"floor":23,"key":"REST"},{"floor":28,"key":"REST"}],"neow_cost":"NONE","seed_source_timestamp":307504821151400,"circlet_count":0,"master_deck":["AscendersBane","Defend_B","Defend_B","Defend_B","Defend_B","Zap+1","Dualcast","Cold Snap","Seek","Conserve Battery","Go for the Eyes","Buffer","Loop+1","Gash","All For One","Loop","Bite","Bite","Bite","Bite","Bite","Loop+1","Capacitor","Gash","Flash of Steel","Consume"],"relics":["Cracked Core","Cables","Bag of Preparation","Vajra","Bronze Scales","Cursed Key","Red Mask","Ancient Tea Set","Boot","PreservedInsect"],"potions_floor_usage":[6,20,24,29],"damage_taken":[{"damage":2,"enemies":"Jaw Worm","floor":1,"turns":3},{"damage":0,"enemies":"Cultist","floor":3,"turns":3},{"damage":1,"enemies":"2 Louse","floor":5,"turns":3},{"damage":24,"enemies":"Gremlin Nob","floor":6,"turns":4},{"damage":20,"enemies":"Lagavulin","floor":8,"turns":8},{"damage":5,"enemies":"Large Slime","floor":10,"turns":6},{"damage":34,"enemies":"Gremlin Nob","floor":12,"turns":5},{"damage":7,"enemies":"Lots of Slimes","floor":13,"turns":4},{"damage":0,"enemies":"The Guardian","floor":16,"turns":14},{"damage":17,"enemies":"2 Thieves","floor":18,"turns":3},{"damage":32,"enemies":"Masked Bandits","floor":20,"turns":4},{"damage":20,"enemies":"Shell Parasite","floor":22,"turns":5},{"damage":34,"enemies":"Slavers","floor":24,"turns":5},{"damage":8,"enemies":"Snecko","floor":29,"turns":4},{"damage":34,"enemies":"Snake Plant","floor":30,"turns":2}],"seed_played":"5867997802353785784","potions_obtained":[{"floor":1,"key":"Strength Potion"},{"floor":5,"key":"Fire Potion"},{"floor":13,"key":"LiquidBronze"},{"floor":20,"key":"Dexterity Potion"},{"floor":24,"key":"Strength Potion"}],"is_trial":false,"path_per_floor":["M","?","M","$","M","E","R","E","T","M","R","E","M","?","R","B",null,"M","?","?","?","M","R","E","?","T","$","R","M","M"],"character_chosen":"DEFECT","items_purchased":["PreservedInsect","Flash of Steel"],"campfire_rested":4,"item_purchase_floors":[27,27],"current_hp_per_floor":[66,66,66,66,65,41,63,43,43,38,60,26,19,44,44,44,67,50,50,26,26,16,31,9,9,9,9,24,28,0],"gold":129,"neow_bonus":"UPGRADE_CARD","is_prod":false,"is_daily":false,"chose_seed":false,"campfire_upgraded":1,"win_rate":0,"timestamp":1550465375,"path_taken":["M","?","M","$","M","E","R","E","T","M","R","E","?","?","R","BOSS","M","?","?","?","?","R","E","?","T","$","R","M","M"],"build_version":"2019-01-23","purchased_purges":2,"victory":false,"max_hp_per_floor":[75,75,75,75,75,75,75,75,75,75,75,75,75,75,75,75,75,75,52,52,52,52,52,52,52,52,52,52,52,52],"card_choices":[{"not_picked":["Coolheaded","Lockon"],"picked":"Cold Snap","floor":1},{"not_picked":["Beam Cell","Rebound"],"picked":"Conserve Battery","floor":3},{"not_picked":["Steam Power","Sweeping Beam"],"picked":"Go for the Eyes","floor":5},{"not_picked":["Gash","Go for the Eyes"],"picked":"Buffer","floor":6},{"not_picked":["Turbo","Lockon","Stack"],"picked":"SKIP","floor":8},{"not_picked":["Skim","Streamline"],"picked":"Loop","floor":10},{"not_picked":["Hologram","Genetic Algorithm"],"picked":"Gash","floor":12},{"not_picked":["Stack","Double Energy","White Noise"],"picked":"SKIP","floor":13},{"not_picked":["Multi-Cast","Reboot"],"picked":"All For One","floor":16},{"not_picked":["Tempest","Steam"],"picked":"Loop","floor":18},{"not_picked":["Redo","Leap"],"picked":"Capacitor","floor":22},{"not_picked":["Streamline","Storm"],"picked":"Gash","floor":24},{"not_picked":["Steam","Heatsinks"],"picked":"Consume","floor":29}],"player_experience":1221696,"relics_obtained":[{"floor":6,"key":"Cables"},{"floor":8,"key":"Bag of Preparation"},{"floor":9,"key":"Vajra"},{"floor":12,"key":"Bronze Scales"},{"floor":20,"key":"Red Mask"},{"floor":24,"key":"Ancient Tea Set"},{"floor":26,"key":"Boot"}],"event_choices":[{"damage_healed":0,"gold_gain":0,"cards_transformed":["Strike_B"],"player_choice":"Transformed","damage_taken":0,"max_hp_gain":0,"max_hp_loss":0,"event_name":"Transmorgrifier","floor":2,"gold_loss":0,"cards_obtained":["Seek"]},{"damage_healed":25,"gold_gain":0,"player_choice":"Banana","damage_taken":0,"max_hp_gain":0,"max_hp_loss":0,"event_name":"Big Fish","floor":14,"gold_loss":0},{"damage_healed":0,"gold_gain":0,"player_choice":"Became a vampire","damage_taken":0,"max_hp_gain":0,"max_hp_loss":23,"event_name":"Vampires","floor":19,"gold_loss":0,"cards_obtained":["Bite","Bite","Bite","Bite","Bite"]},{"damage_healed":0,"gold_gain":0,"player_choice":"Fought Bandits","damage_taken":0,"max_hp_gain":0,"max_hp_loss":0,"event_name":"Masked Bandits","floor":20,"gold_loss":0},{"damage_healed":0,"gold_gain":0,"player_choice":"Copied","damage_taken":0,"max_hp_gain":0,"max_hp_loss":0,"event_name":"Duplicator","floor":21,"gold_loss":0,"cards_obtained":["Loop"]},{"damage_healed":0,"gold_gain":0,"player_choice":"Ignored","damage_taken":0,"max_hp_gain":0,"max_hp_loss":0,"event_name":"Ghosts","floor":25,"gold_loss":0}],"is_beta":false,"boss_relics":[{"not_picked":["Empty Cage","FrozenCore"],"picked":"Cursed Key"}],"items_purged_floors":[4,27],"is_endless":false,"potions_floor_spawned":[1,5,13,16,20,24],"killed_by":"Snake Plant","ascension_level":12}