{"path_per_floor":["M","?","?","M","?","R","M","R","T","R","E","M","R","E","R","B",null,"M"],"character_chosen":"THE_SILENT","items_purchased":[],"gold_per_floor":[111,111,111,122,122,122,138,138,138,138,165,183,183,214,214,313,313,331,331],"floor_reached":19,"campfire_rested":0,"playtime":1066,"item_purchase_floors":[],"current_hp_per_floor":[63,63,68,68,61,61,61,61,61,61,43,43,43,30,30,38,66,52,0],"items_purged":[],"gold":331,"score":245,"play_id":"1d25a6ec-c4e3-4694-b417-2ac86c0ce11e","local_time":"20180531002608","is_prod":false,"is_daily":false,"chose_seed":false,"is_ascension_mode":true,"campfire_upgraded":5,"win_rate":0,"timestamp":1527693968,"campfire_choices":[{"data":"Neutralize","floor":6,"key":"SMITH"},{"data":"Sucker Punch","floor":8,"key":"SMITH"},{"data":"Survivor","floor":10,"key":"SMITH"},{"data":"After Image","floor":13,"key":"SMITH"},{"data":"Dash","floor":15,"key":"SMITH"}],"path_taken":["M","?","?","M","?","R","M","R","T","R","E","M","R","E","R","BOSS","M","?"],"build_version":"2018-05-24","seed_source_timestamp":615287568975047,"purchased_purges":0,"victory":false,"master_deck":["Defend_G","Defend_G","Defend_G","Defend_G","Strike_G","Strike_G","Survivor+1","Neutralize+1","Quick Slash","Night Terror","Heel Hook","Sucker Punch+1","After Image+1","PiercingWail","Dash+1","After Image","Bouncing Flask+1","Flechettes+1","Die Die Die+1","Acrobatics"],"max_hp_per_floor":[70,70,75,75,75,75,75,75,75,75,75,75,75,75,75,75,75,75,75],"relics":["Ring of the Snake","Vajra","Pantograph","Snake Skull","Astrolabe"],"card_choices":[{"not_picked":["Acrobatics","Poisoned Stab"],"picked":"Quick Slash","floor":1},{"not_picked":["Bane","Acrobatics"],"picked":"Heel Hook","floor":4},{"not_picked":["Concentrate","Eviscerate"],"picked":"Sucker Punch","floor":7},{"not_picked":["PiercingWail","Outmaneuver"],"picked":"After Image","floor":11},{"not_picked":["Underhanded Strike","Deflect"],"picked":"PiercingWail","floor":12},{"not_picked":["Flying Knee","Poisoned Stab"],"picked":"Dash","floor":14},{"not_picked":["Bullet Time","Die Die Die"],"picked":"After Image","floor":16},{"not_picked":["PiercingWail","Prepared"],"picked":"Acrobatics","floor":18}],"player_experience":696295,"potions_floor_usage":[14,16],"damage_taken":[{"damage":0,"enemies":"Cultist","floor":1,"turns":4},{"damage":0,"enemies":"Jaw Worm","floor":4,"turns":5},{"damage":0,"enemies":"Small Slimes","floor":7,"turns":3},{"damage":18,"enemies":"3 Sentries","floor":11,"turns":9},{"damage":0,"enemies":"Blue Slaver","floor":12,"turns":4},{"damage":13,"enemies":"Lagavulin","floor":14,"turns":9},{"damage":17,"enemies":"Slime Boss","floor":16,"turns":11},{"damage":14,"enemies":"Spheric Guardian","floor":18,"turns":4},{"damage":52,"enemies":"Masked Bandits","floor":19,"turns":7}],"relics_obtained":[{"floor":9,"key":"Vajra"},{"floor":11,"key":"Pantograph"},{"floor":14,"key":"Snake Skull"}],"event_choices":[{"event_name":"Match and Keep!","player_choice":"1 cards matched","floor":2,"damage_taken":0},{"event_name":"Big Fish","player_choice":"Donut","floor":3,"damage_taken":0},{"event_name":"Golden Wing","player_choice":"Card Removal","floor":5,"damage_taken":0},{"event_name":"Masked Bandits","player_choice":"Fought over 331 gold","floor":19,"damage_taken":0}],"boss_relics":[{"not_picked":["Philosopher\u0027s Stone","Velvet Choker"],"picked":"Astrolabe"}],"items_purged_floors":[],"potions_floor_spawned":[7,11,14,18],"seed_played":"-1699583609792008507","killed_by":"Masked Bandits","ascension_level":8,"potions_obtained":[{"floor":7,"key":"Weak Potion"},{"floor":11,"key":"SteroidPotion"},{"floor":14,"key":"Strength Potion"},{"floor":18,"key":"FearPotion"}],"is_trial":false}