{"path_per_floor":["M","M","M","M","M","R","?","M","T","M","$","R","M","M","R","B",null,"M","?","$","M","M","R","E","M","T","E","M","E","R","E","R","B",null,"M","M","?","$","T","E","R","E","T","$","E","R","E","M","R","B"],"character_chosen":"IRONCLAD","items_purchased":["Havoc","Bandage Up","Apotheosis","Limit Break","Bag of Preparation","Burning Pact"],"gold_per_floor":[111,122,135,155,172,172,247,260,305,292,71,71,87,102,102,180,180,197,197,21,33,47,47,74,85,85,148,168,195,195,227,227,302,302,312,323,323,10,10,42,42,68,93,19,53,53,86,101,101,101],"floor_reached":51,"campfire_rested":2,"playtime":5596,"current_hp_per_floor":[59,57,55,50,45,45,34,28,28,15,15,36,43,56,56,17,61,64,54,54,58,62,62,40,66,66,66,70,74,74,82,82,67,78,86,90,74,74,74,61,93,93,93,93,92,92,100,100,100,100],"items_purged":["Parasite"],"gold":101,"score":1238,"play_id":"e81c8dfe-f4b2-464d-b597-f4c5cabfdafc","is_prod":false,"is_daily":false,"is_ascension_mode":true,"campfire_upgraded":7,"path_taken":["M","M","M","M","M","R","?","M","T","M","$","R","M","M","R","BOSS","M","?","$","M","M","R","E","M","T","E","M","E","R","E","R","BOSS","M","M","?","$","?","E","R","E","T","$","E","R","E","?","R","BOSS"],"build_version":"2018-02-19-BETA1","purchased_purges":1,"victory":true,"master_deck":["Defend_R","Defend_R","Defend_R","Defend_R+1","Bash+1","Infernal Blade","Inflame+1","Feel No Pain+1","Reckless Charge+1","Infernal Blade","Seeing Red","Shrug It Off","Havoc","Bandage Up","Feed","Offering+1","Bite","Bite","Bite","Bite","Bite","Apotheosis+1","Flame Barrier","Burning Pact","Reaper+1","Corruption+1","Exhume","Shrug It Off","Demon Form+1","Body Slam","Carnage","Dual Wield+1","Madness","Madness","Limit Break","Burning Pact+1","Sentinel+1","Burning Pact","Spot Weakness"],"max_hp_per_floor":[75,75,75,75,75,75,75,75,75,75,72,72,72,75,75,75,75,78,54,54,58,62,62,62,66,66,66,70,74,74,82,82,82,82,86,90,90,90,90,93,93,93,93,93,93,93,100,100,100,100],"relics":["Burning Blood","Anchor","Sozu","Magic Flower","Bottled Tornado","Tiny Chest","Regal Pillow","Happy Flower","Orrery","Bag of Preparation","Red Skull","Oddly Smooth Stone","Whetstone","Blood Vial","Kunai","Strawberry"],"card_choices":[{"not_picked":["Armaments","Warcry"],"picked":"Infernal Blade"},{"not_picked":["Iron Wave","Warcry"],"picked":"Inflame"},{"not_picked":["Havoc","Sword Boomerang"],"picked":"Feel No Pain"},{"not_picked":["Cleave","Combust"],"picked":"Reckless Charge"},{"not_picked":["Body Slam","Cleave"],"picked":"Infernal Blade"},{"not_picked":["Perfected Strike","Warcry"],"picked":"Seeing Red"},{"not_picked":["Feel No Pain","Pommel Strike"],"picked":"Shrug It Off"},{"not_picked":["Warcry","Shrug It Off"],"picked":"Feed"},{"not_picked":["Limit Break","Berserk"],"picked":"Offering"},{"not_picked":["Flex","Body Slam"],"picked":"Flame Barrier"},{"not_picked":["Armaments","Headbutt"],"picked":"Burning Pact"},{"not_picked":["Havoc","Pommel Strike"],"picked":"Reaper"},{"not_picked":["True Grit","Iron Wave"],"picked":"Corruption"},{"not_picked":["Thunderclap","Hemokinesis"],"picked":"Exhume"},{"not_picked":["Metallicize","Heavy Blade"],"picked":"Shrug It Off"},{"not_picked":["Double Tap","Reaper"],"picked":"Demon Form"},{"not_picked":["Metallicize","Iron Wave"],"picked":"Body Slam"},{"not_picked":["Searing Blow","Rupture"],"picked":"Carnage"},{"not_picked":["Second Wind","Fire Breathing"],"picked":"Dual Wield"},{"not_picked":["Rupture","Power Through"],"picked":"Burning Pact"},{"not_picked":["Fire Breathing","Havoc"],"picked":"Sentinel"},{"not_picked":["Perfected Strike","Twin Strike"],"picked":"Spot Weakness"}],"player_experience":784790,"potions_floor_usage":[5,16,16],"damage_taken":[{"damage":15,"enemies":"Small Slimes","floor":1,"turns":3},{"damage":8,"enemies":"2 Louse","floor":2,"turns":2},{"damage":8,"enemies":"Jaw Worm","floor":3,"turns":4},{"damage":11,"enemies":"Blue Slaver","floor":4,"turns":5},{"damage":11,"enemies":"Looter","floor":5,"turns":2},{"damage":12,"enemies":"2 Fungi Beasts","floor":8,"turns":2},{"damage":19,"enemies":"Exordium Thugs","floor":10,"turns":4},{"damage":3,"enemies":"3 Louse","floor":13,"turns":4},{"damage":0,"enemies":"Red Slaver","floor":14,"turns":4},{"damage":49,"enemies":"Hexaghost","floor":16,"turns":8},{"damage":6,"enemies":"2 Thieves","floor":18,"turns":4},{"damage":12,"enemies":"Chosen","floor":21,"turns":3},{"damage":4,"enemies":"Centurion and Healer","floor":22,"turns":4},{"damage":62,"enemies":"Gremlin Leader","floor":24,"turns":8},{"damage":17,"enemies":"3 Cultists","floor":25,"turns":4},{"damage":42,"enemies":"Slavers","floor":27,"turns":6},{"damage":18,"enemies":"Sentry and Sphere","floor":28,"turns":6},{"damage":34,"enemies":"Gremlin Leader","floor":29,"turns":6},{"damage":20,"enemies":"Slavers","floor":31,"turns":5},{"damage":71,"enemies":"Collector","floor":33,"turns":10},{"damage":9,"enemies":"3 Darklings","floor":35,"turns":3},{"damage":8,"enemies":"Flame Bruiser 1 Orb","floor":36,"turns":5},{"damage":33,"enemies":"Nemesis","floor":40,"turns":3},{"damage":15,"enemies":"2 Orb Walkers","floor":42,"turns":4},{"damage":24,"enemies":"Nemesis","floor":45,"turns":3},{"damage":6,"enemies":"2 Orb Walkers","floor":47,"turns":4},{"damage":19,"enemies":"Spire Growth","floor":48,"turns":5},{"damage":50,"enemies":"Time Eater","floor":50,"turns":9}],"event_choices":[{"event_name":"World of Goop","player_choice":"Gather Gold","floor":7,"damage_taken":0},{"event_name":"Vampires","player_choice":"Became a vampire","floor":19,"damage_taken":0},{"event_name":"Winding Halls","player_choice":"Embrace Madness","floor":37,"damage_taken":0}],"boss_relics":[{"not_picked":["Cursed Key","Question Card"],"picked":"Sozu"},{"not_picked":["Philosopher\u0027s Stone","White Beast Statue"],"picked":"Orrery"}],"potions_floor_spawned":[2,4,5,10,18,22,25,28,29,35,40,47,48],"seed_played":"-8543945448300615199","ascension_level":15,"is_trial":false}