{"gold_per_floor":[362,375,375,150,170,170,170,182,182,245,260,260,89,103,103,205,205,219,111,125,7,32,32,32,32,32,46,65,78,89,89,89,187,187,201,84,44,56,56],"floor_reached":39,"playtime":2267,"items_purged":["Regret","Strike_G"],"score":398,"play_id":"8e1eb27d-24d8-4dcc-8837-eb41a926fac8","local_time":"20190102163904","is_ascension_mode":false,"campfire_choices":[{"data":"All Out Attack","floor":6,"key":"SMITH"},{"floor":12,"key":"REST"},{"data":"Terror","floor":15,"key":"SMITH"},{"floor":23,"key":"REST"},{"data":"Accuracy","floor":25,"key":"SMITH"},{"floor":32,"key":"REST"}],"neow_cost":"CURSE","seed_source_timestamp":1079299662775382,"circlet_count":0,"master_deck":["Defend_G","Defend_G","Defend_G","Defend_G","Defend_G","Strike_G","Survivor","Neutralize","All Out Attack+1","Underhanded Strike","Acrobatics","Backflip","Noxious Fumes","Dagger Throw","Backstab","Terror+1","Crippling Poison","Noxious Fumes","Reflex","Corpse Explosion","Cloak And Dagger","Reflex","Noxious Fumes","Blade Dance","Accuracy+1","Prepared","PiercingWail","Calculated Gamble","Cloak And Dagger","Dagger Throw","A Thousand Cuts+1","Catalyst","Infinite Blades","Prepared"],"relics":["Ring of the Snake","Kunai","Dodecahedron","Happy Flower","Empty Cage","Red Mask","Unceasing Top","Lizard Tail"],"potions_floor_usage":[28,30,33],"damage_taken":[{"damage":1,"enemies":"2 Louse","floor":1,"turns":4},{"damage":0,"enemies":"Jaw Worm","floor":2,"turns":5},{"damage":9,"enemies":"Cultist","floor":5,"turns":4},{"damage":4,"enemies":"Blue Slaver","floor":8,"turns":3},{"damage":12,"enemies":"3 Sentries","floor":10,"turns":6},{"damage":0,"enemies":"3 Louse","floor":11,"turns":3},{"damage":14,"enemies":"Exordium Thugs","floor":14,"turns":3},{"damage":10,"enemies":"Hexaghost","floor":16,"turns":9},{"damage":8,"enemies":"Spheric Guardian","floor":18,"turns":4},{"damage":22,"enemies":"Chosen","floor":20,"turns":6},{"damage":2,"enemies":"Masked Bandits","floor":22,"turns":2},{"damage":18,"enemies":"Centurion and Healer","floor":27,"turns":5},{"damage":0,"enemies":"Chosen and Byrds","floor":28,"turns":4},{"damage":25,"enemies":"Snake Plant","floor":29,"turns":4},{"damage":8,"enemies":"3 Cultists","floor":30,"turns":4},{"damage":64,"enemies":"Collector","floor":33,"turns":10},{"damage":30,"enemies":"3 Darklings","floor":35,"turns":4},{"damage":0,"enemies":"3 Shapes","floor":38,"turns":5},{"damage":91,"enemies":"Writhing Mass","floor":39,"turns":7}],"seed_played":"-6055598497535728135","potions_obtained":[{"floor":5,"key":"GhostInAJar"},{"floor":10,"key":"FearPotion"},{"floor":14,"key":"Block Potion"},{"floor":20,"key":"AttackPotion"},{"floor":30,"key":"FairyPotion"}],"is_trial":false,"path_per_floor":["M","M","?","$","M","R","?","M","T","?","M","R","$","M","R","B",null,"M","$","M","$","?","R","?","R","T","M","M","M","M","?","R","B",null,"M","$","?","M","M"],"character_chosen":"THE_SILENT","items_purchased":["Acrobatics","Backflip","Noxious Fumes","Noxious Fumes","Reflex","Noxious Fumes","Accuracy","Prepared","Infinite Blades","Prepared"],"campfire_rested":3,"item_purchase_floors":[4,4,4,13,19,19,21,21,36,36],"current_hp_per_floor":[69,69,51,51,42,42,42,38,38,26,26,47,47,33,33,23,70,62,62,40,40,38,59,59,59,59,41,41,16,8,31,52,7,70,40,40,40,40,0],"gold":56,"neow_bonus":"TWO_FIFTY_GOLD","is_prod":false,"is_daily":false,"chose_seed":false,"campfire_upgraded":3,"win_rate":0,"timestamp":1546465144,"path_taken":["M","M","?","$","M","R","?","?","T","?","M","R","$","M","R","BOSS","M","$","M","$","?","R","?","R","T","M","M","?","M","?","R","BOSS","M","$","?","M","M"],"build_version":"2018-12-20","purchased_purges":2,"victory":false,"max_hp_per_floor":[70,70,70,70,70,70,70,70,70,70,70,70,70,70,70,70,70,70,70,70,70,70,70,70,70,70,70,70,70,70,70,70,70,70,70,70,70,70,70],"card_choices":[{"not_picked":["Slice","Underhanded Strike"],"picked":"All Out Attack","floor":1},{"not_picked":["Poisoned Stab","Backflip"],"picked":"Underhanded Strike","floor":2},{"not_picked":["Finisher","Bane"],"picked":"Dagger Throw","floor":5},{"not_picked":["Dagger Throw","Well Laid Plans"],"picked":"Backstab","floor":8},{"not_picked":["Masterful Stab","Flying Knee"],"picked":"Terror","floor":10},{"not_picked":["Glass Knife","Endless Agony"],"picked":"Crippling Poison","floor":11},{"not_picked":["Finisher","Dagger Throw"],"picked":"Reflex","floor":14},{"not_picked":["Glass Knife","Night Terror"],"picked":"Corpse Explosion","floor":16},{"not_picked":["Slice","Deadly Poison"],"picked":"Cloak And Dagger","floor":18},{"not_picked":["Heel Hook","Poisoned Stab"],"picked":"Blade Dance","floor":20},{"not_picked":["Outmaneuver+1","Flying Knee"],"picked":"PiercingWail","floor":22},{"not_picked":["Burst","Heel Hook"],"picked":"Calculated Gamble","floor":27},{"not_picked":["Deflect","Backflip"],"picked":"Cloak And Dagger","floor":28},{"not_picked":["Slice","Dagger Spray+1","PiercingWail+1"],"picked":"SKIP","floor":29},{"not_picked":["Bane","Dagger Spray"],"picked":"Dagger Throw","floor":30},{"not_picked":["Night Terror","Grand Finale"],"picked":"A Thousand Cuts","floor":33},{"not_picked":["Choke+1","Distraction+1"],"picked":"Catalyst","floor":35},{"not_picked":["Riddle With Holes+1","Finisher","Flying Knee+1"],"picked":"SKIP","floor":38}],"player_experience":881392,"relics_obtained":[{"floor":9,"key":"Dodecahedron"},{"floor":10,"key":"Happy Flower"},{"floor":22,"key":"Red Mask"},{"floor":26,"key":"Unceasing Top"}],"event_choices":[{"damage_healed":0,"gold_gain":0,"player_choice":"Success","damage_taken":18,"relics_obtained":["Kunai"],"max_hp_gain":0,"max_hp_loss":0,"event_name":"Scrap Ooze","floor":3,"gold_loss":0},{"damage_healed":0,"gold_gain":0,"player_choice":"Ignored","damage_taken":0,"max_hp_gain":0,"max_hp_loss":0,"event_name":"NoteForYourself","floor":7,"gold_loss":0},{"damage_healed":0,"gold_gain":0,"player_choice":"Searched \u00271\u0027 times","damage_taken":0,"max_hp_gain":0,"max_hp_loss":0,"event_name":"Dead Adventurer","floor":10,"gold_loss":0},{"damage_healed":0,"gold_gain":0,"player_choice":"Fought Bandits","damage_taken":0,"max_hp_gain":0,"max_hp_loss":0,"event_name":"Masked Bandits","floor":22,"gold_loss":0},{"cards_removed":["Strike_G"],"damage_healed":0,"gold_gain":0,"player_choice":"Purged","damage_taken":0,"max_hp_gain":0,"max_hp_loss":0,"event_name":"Purifier","floor":24,"gold_loss":0},{"damage_healed":23,"gold_gain":0,"player_choice":"Heal","damage_taken":0,"max_hp_gain":0,"max_hp_loss":0,"event_name":"The Library","floor":31,"gold_loss":0},{"damage_healed":0,"gold_gain":0,"player_choice":"Upgrade","damage_taken":0,"max_hp_gain":0,"max_hp_loss":0,"event_name":"Designer","floor":37,"gold_loss":40,"cards_upgraded":["A Thousand Cuts"]}],"is_beta":false,"boss_relics":[{"not_picked":["Tiny House","WristBlade"],"picked":"Empty Cage"},{"not_picked":["Busted Crown","Eternal Feather"],"picked":"Lizard Tail"}],"items_purged_floors":[4,13],"is_endless":false,"potions_floor_spawned":[5,10,14,20,22,30],"killed_by":"Writhing Mass","ascension_level":0}