{"gold_per_floor":[118,134,150,22,37,37,69,89,89,114,114,134,134,147,147,251,251,265,265,193,193,36,66,66,43,92,121,133,157,169,181,193,305,317,339,43,43,55,55,55,82,82,82,98,98,113,123,138,138,138],"floor_reached":51,"playtime":5914,"items_purged":["Strike_G"],"score":1091,"play_id":"7f54dfe4-5b89-4c5f-9e3f-e5f3b5de607c","local_time":"20190303134031","is_ascension_mode":true,"campfire_choices":[{"data":"Leg Sweep","floor":6,"key":"SMITH"},{"floor":11,"key":"REST"},{"floor":15,"key":"REST"},{"data":"After Image","floor":24,"key":"SMITH"},{"data":"Cloak And Dagger","floor":28,"key":"SMITH"},{"floor":32,"key":"REST"},{"data":"Blade Dance","floor":40,"key":"SMITH"},{"data":"Cloak And Dagger","floor":42,"key":"SMITH"},{"data":"Accuracy","floor":45,"key":"SMITH"},{"floor":49,"key":"REST"}],"neow_cost":"NONE","seed_source_timestamp":0,"circlet_count":0,"master_deck":["AscendersBane","Defend_G","Defend_G","Defend_G","Defend_G","Survivor","Neutralize","Dagger Throw","Bouncing Flask","Blur","PiercingWail","Leg Sweep+1","Quick Slash","Sucker Punch","Quick Slash","After Image+1","Blade Dance+1","Blur","Infinite Blades","Cloak And Dagger+1","After Image","Accuracy+1","Blur","Noxious Fumes","Infinite Blades","Backflip","Accuracy+1","Concentrate+1","Caltrops+1","Accuracy+1","Predator","Cloak And Dagger+1","Backflip+1","Cloak And Dagger"],"special_seed":0,"relics":["Sozu","Bottled Lightning","Mummified Hand","Lantern","Orrery","Blue Candle","MawBank","Astrolabe","Calipers","Tough Bandages","FossilizedHelix"],"potions_floor_usage":[],"damage_taken":[{"damage":0.0,"enemies":"2 Louse","floor":1.0,"turns":4.0},{"damage":9.0,"enemies":"Jaw Worm","floor":2.0,"turns":4.0},{"damage":0.0,"enemies":"Small Slimes","floor":3.0,"turns":4.0},{"damage":7.0,"enemies":"2 Fungi Beasts","floor":5.0,"turns":4.0},{"damage":32,"enemies":"Gremlin Nob","floor":7,"turns":5},{"damage":1,"enemies":"3 Louse","floor":8,"turns":5},{"damage":7,"enemies":"Lagavulin","floor":10,"turns":8},{"damage":1,"enemies":"Large Slime","floor":12,"turns":8},{"damage":3,"enemies":"Gremlin Gang","floor":14,"turns":4},{"damage":36,"enemies":"Hexaghost","floor":16,"turns":10},{"damage":0,"enemies":"Shell Parasite","floor":18,"turns":7},{"damage":16,"enemies":"Slavers","floor":23,"turns":6},{"damage":5,"enemies":"3 Byrds","floor":27,"turns":6},{"damage":0,"enemies":"Snake Plant","floor":29,"turns":5},{"damage":23,"enemies":"Collector","floor":33,"turns":17},{"damage":19,"enemies":"3 Darklings","floor":35,"turns":5},{"damage":0,"enemies":"3 Shapes","floor":38,"turns":6},{"damage":0,"enemies":"Reptomancer","floor":41,"turns":7},{"damage":0,"enemies":"Writhing Mass","floor":44,"turns":8},{"damage":16,"enemies":"Jaw Worm Horde","floor":46,"turns":5},{"damage":0,"enemies":"3 Darklings","floor":47,"turns":5},{"damage":32,"enemies":"4 Shapes","floor":48,"turns":5},{"damage":50,"enemies":"Time Eater","floor":50,"turns":12}],"seed_played":"-1480538622278269455","potions_obtained":[],"is_trial":false,"path_per_floor":["M","M","M","$","M","R","E","M","T","E","R","M","?","M","R","B",null,"M","?","$","?","$","E","R","$","T","M","R","M","?","?","R","B",null,"M","$","?","M","?","R","E","R","T","M","R","M","M","M","R","B",null],"character_chosen":"THE_SILENT","items_purchased":["Blur","PiercingWail","After Image","Noxious Fumes","Backflip","Calipers"],"campfire_rested":4,"item_purchase_floors":[4,4,20,22,25,36],"current_hp_per_floor":[63,54,54,54,47,47,15,14,14,7,28,27,27,24,45,9,55,55,55,55,55,55,39,39,39,39,34,34,34,34,34,55,32,61,42,42,42,42,80,80,80,80,80,80,80,64,64,32,56,6],"gold":138,"neow_bonus":"BOSS_RELIC","is_prod":false,"is_daily":false,"chose_seed":false,"campfire_upgraded":6,"win_rate":0,"timestamp":1551616831,"path_taken":["M","M","M","$","M","R","E","M","T","E","R","M","?","M","R","BOSS","M","?","$","?","$","E","R","$","T","M","R","M","?","?","R","BOSS","M","$","?","M","?","R","E","R","T","M","R","M","M","?","R","BOSS"],"build_version":"2019-01-23","purchased_purges":1,"victory":true,"max_hp_per_floor":[70,70,70,70,70,70,70,70,70,70,70,70,70,70,70,70,70,70,70,70,70,70,70,70,70,70,70,70,70,70,70,70,70,70,70,70,70,70,80,80,80,80,80,80,80,80,80,80,80,80],"card_choices":[{"not_picked":["Masterful Stab","Riddle With Holes"],"picked":"Heel Hook","floor":1.0},{"not_picked":["Choke","Underhanded Strike"],"picked":"Dagger Throw","floor":2.0},{"not_picked":["Blade Dance","Underhanded Strike"],"picked":"Bouncing Flask","floor":3.0},{"not_picked":["Reflex","Poisoned Stab"],"picked":"Leg Sweep","floor":5.0},{"not_picked":["Outmaneuver","Storm of Steel","All Out Attack"],"picked":"SKIP","floor":7},{"not_picked":["Dodge and Roll","Blade Dance"],"picked":"Quick Slash","floor":8},{"not_picked":["Prepared","Acrobatics"],"picked":"Sucker Punch","floor":10},{"not_picked":["Underhanded Strike","Caltrops"],"picked":"Quick Slash","floor":12},{"not_picked":["PiercingWail","Leg Sweep","Reflex"],"picked":"SKIP","floor":14},{"not_picked":["Storm of Steel","Envenom"],"picked":"After Image","floor":16},{"not_picked":["Escape Plan","Deflect"],"picked":"Blade Dance","floor":17},{"not_picked":["Acrobatics","Deflect"],"picked":"Blur","floor":17},{"not_picked":["Choke","All Out Attack"],"picked":"Infinite Blades","floor":17},{"not_picked":["Flying Knee","Slice"],"picked":"Cloak And Dagger","floor":18},{"not_picked":["Prepared","Dodge and Roll"],"picked":"Infinite Blades","floor":23},{"not_picked":["Masterful Stab","Setup","Night Terror"],"picked":"SKIP","floor":27},{"not_picked":["Sucker Punch","Slice","Finisher"],"picked":"SKIP","floor":29},{"not_picked":["Grand Finale","Wraith Form v2"],"picked":"Storm of Steel","floor":33},{"not_picked":["Slice","Deflect+1"],"picked":"Accuracy+1","floor":35},{"not_picked":["Bouncing Flask","Masterful Stab+1"],"picked":"Predator","floor":38},{"not_picked":["Predator","Escape Plan"],"picked":"Cloak And Dagger","floor":41},{"not_picked":["Bane+1","Underhanded Strike+1"],"picked":"Backflip+1","floor":44},{"not_picked":["Deadly Poison","Riddle With Holes","Flying Knee"],"picked":"SKIP","floor":46},{"not_picked":["PiercingWail","Bouncing Flask","Quick Slash"],"picked":"SKIP","floor":47},{"not_picked":["Bane","Leg Sweep+1"],"picked":"Cloak And Dagger","floor":48}],"player_experience":611294,"relics_obtained":[{"floor":7,"key":"Bottled Lightning"},{"floor":9,"key":"Mummified Hand"},{"floor":10,"key":"Lantern"},{"floor":23,"key":"Blue Candle"},{"floor":26,"key":"MawBank"},{"floor":41,"key":"Tough Bandages"},{"floor":43,"key":"FossilizedHelix"}],"event_choices":[{"damage_healed":0,"gold_gain":0,"player_choice":"Ignored","damage_taken":0,"max_hp_gain":0,"max_hp_loss":0,"event_name":"Liars Game","floor":13,"gold_loss":0},{"damage_healed":0,"gold_gain":0,"player_choice":"Ignored","damage_taken":0,"max_hp_gain":0,"max_hp_loss":0,"event_name":"Beggar","floor":19,"gold_loss":0},{"damage_healed":0,"gold_gain":0,"cards_transformed":["Strike_G","Strike_G"],"player_choice":"Became Test Subject","damage_taken":0,"max_hp_gain":0,"max_hp_loss":0,"event_name":"Drug Dealer","floor":21,"gold_loss":0,"cards_obtained":["Accuracy","Blur"]},{"damage_healed":0,"gold_gain":0,"player_choice":"Ignored","damage_taken":0,"max_hp_gain":0,"max_hp_loss":0,"event_name":"Vampires","floor":30,"gold_loss":0},{"damage_healed":0,"gold_gain":0,"player_choice":"Ignored","damage_taken":0,"max_hp_gain":0,"max_hp_loss":0,"event_name":"Cursed Tome","floor":31,"gold_loss":0},{"cards_removed":["Heel Hook"],"damage_healed":0,"gold_gain":0,"player_choice":"Removed Attack","damage_taken":0,"max_hp_gain":0,"max_hp_loss":0,"event_name":"Falling","floor":37,"gold_loss":0},{"cards_removed":["Storm of Steel"],"damage_healed":28,"gold_gain":0,"player_choice":"Offered Rare","damage_taken":0,"max_hp_gain":10,"max_hp_loss":0,"event_name":"Bonfire Elementals","floor":39,"gold_loss":0}],"is_beta":false,"boss_relics":[{"not_picked":["HoveringKite","Empty Cage"],"picked":"Orrery"},{"not_picked":["Philosopher\u0027s Stone","Runic Dome"],"picked":"Astrolabe"}],"items_purged_floors":[22],"is_endless":false,"potions_floor_spawned":[1,3,5,7,14,23,27,35,38,44,46],"ascension_level":12}