{"path_per_floor":["M","?","M","M","M","R","$","M","T","M","R","?","M","$","R","B",null,"M","?","?","M","M","R","$","R","T","?","M","M","R","M","R"],"character_chosen":"THE_SILENT","items_purchased":["Accuracy","Choke","Caltrops","Prepared"],"gold_per_floor":[109,59,72,88,108,108,1,15,15,35,35,35,49,14,14,112,112,130,30,30,40,55,55,2,2,53,53,69,89,89,103,103],"floor_reached":33,"campfire_rested":3,"playtime":1702,"current_hp_per_floor":[66,66,66,65,59,59,59,61,61,58,58,58,47,47,47,49,83,62,62,46,42,43,43,43,69,69,69,46,26,52,40,67],"items_purged":[],"gold":103,"score":374,"play_id":"63e2c049-69d9-41e2-9ed1-e0375809aa8f","local_time":"20180312012812","is_prod":false,"is_daily":false,"is_ascension_mode":true,"campfire_upgraded":4,"timestamp":1520832492,"path_taken":["M","?","M","M","M","R","$","M","T","M","R","?","M","$","R","BOSS","M","?","?","M","?","R","$","R","T","?","M","?","R","M","R","BOSS"],"build_version":"2018-03-09","purchased_purges":0,"victory":false,"master_deck":["Defend_G","Defend_G","Defend_G","Defend_G","Defend_G","Strike_G","Strike_G","Strike_G","Strike_G","Survivor","Neutralize","Dagger Throw","PiercingWail+1","Infinite Blades+1","Tools of the Trade","Accuracy+1","Choke+1","Acrobatics","Caltrops+1","Normality","Doubt","Pain","J.A.X.+1","Necronomicurse","Backflip+1","Prepared","Escape Plan"],"max_hp_per_floor":[70,70,70,70,70,70,70,72,72,72,72,72,74,74,74,76,83,85,85,85,85,87,87,87,87,87,87,87,89,89,91,91],"relics":["Ring of the Snake","Singing Bowl","Thread and Needle","Calling Bell","Mercury Hourglass","Smiling Mask","Strawberry","Necronomicon","War Paint"],"card_choices":[{"not_picked":["Bane","Slice"],"picked":"Dagger Throw"},{"not_picked":["Poisoned Stab","Prepared"],"picked":"PiercingWail"},{"not_picked":["Deflect","Slice"],"picked":"Infinite Blades"},{"not_picked":["Poisoned Stab","Dagger Spray"],"picked":"Tools of the Trade"},{"not_picked":["Outmaneuver","Flying Knee"],"picked":"Acrobatics"},{"not_picked":["Dagger Throw","Poisoned Stab"],"picked":"Backflip"},{"not_picked":["Bane","Slice"],"picked":"Escape Plan"}],"player_experience":238062,"potions_floor_usage":[16,21,22,22,33,33,33],"damage_taken":[{"damage":4,"enemies":"Jaw Worm","floor":1,"turns":5},{"damage":0,"enemies":"Small Slimes","floor":3,"turns":3},{"damage":1,"enemies":"Cultist","floor":4,"turns":5},{"damage":6,"enemies":"Looter","floor":5,"turns":3},{"damage":0,"enemies":"3 Louse","floor":8,"turns":4},{"damage":3,"enemies":"Blue Slaver","floor":10,"turns":4},{"damage":13,"enemies":"Lots of Slimes","floor":13,"turns":5},{"damage":0,"enemies":"Hexaghost","floor":16,"turns":9},{"damage":23,"enemies":"Shell Parasite","floor":18,"turns":5},{"damage":4,"enemies":"2 Thieves","floor":21,"turns":4},{"damage":13,"enemies":"Cultist and Chosen","floor":22,"turns":5},{"damage":23,"enemies":"Centurion and Healer","floor":28,"turns":7},{"damage":22,"enemies":"Snecko","floor":29,"turns":5},{"damage":14,"enemies":"Snake Plant","floor":31,"turns":2},{"damage":92,"enemies":"Collector","floor":33,"turns":7}],"event_choices":[{"event_name":"The Cleric","player_choice":"Card Removal","floor":2,"damage_taken":0},{"event_name":"Upgrade Shrine","player_choice":"Upgraded","floor":12,"damage_taken":0},{"event_name":"Drug Dealer","player_choice":"Got JAXXED","floor":19,"damage_taken":0},{"event_name":"Cursed Tome","player_choice":"Obtained Book","floor":20,"damage_taken":0},{"event_name":"Vampires","player_choice":"Ignored","floor":27,"damage_taken":0}],"boss_relics":[{"not_picked":["Pandora\u0027s Box","Philosopher\u0027s Stone"],"picked":"Calling Bell"}],"potions_floor_spawned":[4,10,16,21,28,29,31],"seed_played":"3779209394439246498","killed_by":"Collector","ascension_level":4,"is_trial":false}