{"gold_per_floor":[112,129,54,54,4,4,40,40,40,40,59,93,109,129,129,258,258,278,403,403,417,167,167,181,181,230,230,253,253,163,18,18,18],"floor_reached":33,"playtime":1355,"items_purged":["Defend_R","Strike_R"],"score":253,"play_id":"6fe085c5-e841-4bd7-845f-e75751082db6","local_time":"20190223151337","is_ascension_mode":false,"campfire_choices":[{"data":"True Grit","floor":6,"key":"SMITH"},{"data":"Bash","floor":8,"key":"SMITH"},{"data":"Warcry","floor":10,"key":"SMITH"},{"floor":15,"key":"REST"},{"data":"Perfected Strike","floor":23,"key":"SMITH"},{"floor":25,"key":"REST"},{"data":"Clash","floor":27,"key":"SMITH"},{"data":"Twin Strike","floor":32,"key":"SMITH"}],"neow_cost":"NONE","seed_source_timestamp":676396444536687,"circlet_count":0,"master_deck":["Strike_R","Bash+1","True Grit+1","Warcry+1","Pommel Strike","Cleave","Pommel Strike","Perfected Strike+1","Clash+1","Twin Strike+1","Clash+1","Headbutt+1"],"relics":["Burning Blood","Regal Pillow","Golden Idol","Bronze Scales","Question Card","Frozen Egg 2","Empty Cage","Ginger","Mercury Hourglass","Red Skull","Potion Belt","Omamori"],"potions_floor_usage":[12,14,19,19],"damage_taken":[{"damage":5,"enemies":"2 Louse","floor":1,"turns":3},{"damage":3,"enemies":"Cultist","floor":2,"turns":4},{"damage":26,"enemies":"Gremlin Nob","floor":7,"turns":5},{"damage":0,"enemies":"Small Slimes","floor":11,"turns":3},{"damage":19,"enemies":"3 Sentries","floor":12,"turns":10},{"damage":19,"enemies":"Exordium Thugs","floor":13,"turns":4},{"damage":7,"enemies":"2 Fungi Beasts","floor":14,"turns":3},{"damage":62,"enemies":"The Guardian","floor":16,"turns":9},{"damage":25,"enemies":"Shell Parasite","floor":18,"turns":4},{"damage":26,"enemies":"Colosseum Slavers","floor":19,"turns":4},{"damage":30,"enemies":"Colosseum Nobs","floor":19,"turns":4},{"damage":1,"enemies":"Chosen","floor":21,"turns":3},{"damage":15,"enemies":"Centurion and Healer","floor":24,"turns":4},{"damage":12,"enemies":"Shelled Parasite and Fungi","floor":28,"turns":2},{"damage":34,"enemies":"Automaton","floor":33,"turns":6}],"seed_played":"4117478531212674470","potions_obtained":[{"floor":7,"key":"EssenceOfSteel"},{"floor":13,"key":"BloodPotion"},{"floor":14,"key":"PowerPotion"},{"floor":16,"key":"Dexterity Potion"},{"floor":18,"key":"Swift Potion"},{"floor":19,"key":"Dexterity Potion"},{"floor":28,"key":"SteroidPotion"}],"is_trial":false,"path_per_floor":["M","M","$","?","?","R","E","R","T","R","M","E","M","M","R","B",null,"M","?","?","M","$","R","M","R","T","R","M","?","?","$","R","B"],"character_chosen":"IRONCLAD","items_purchased":["Red Skull","Omamori"],"campfire_rested":2,"item_purchase_floors":[22,31],"current_hp_per_floor":[80,80,80,60,60,60,40,40,40,40,46,33,20,27,66,10,80,61,17,17,22,22,22,13,52,52,52,46,46,46,46,46,12],"gold":18,"neow_bonus":"RANDOM_COMMON_RELIC","is_prod":false,"is_daily":false,"chose_seed":false,"campfire_upgraded":6,"win_rate":0,"timestamp":1550902417,"path_taken":["M","M","$","?","?","R","E","R","T","R","M","E","M","M","R","BOSS","M","?","?","M","$","R","?","R","T","R","M","?","?","$","R","BOSS"],"build_version":"2019-01-23","purchased_purges":2,"victory":false,"max_hp_per_floor":[80,80,80,80,80,80,80,80,80,80,80,80,80,80,80,80,80,80,80,80,80,80,80,80,80,80,80,80,80,80,80,80,80],"card_choices":[{"not_picked":["Shockwave","Headbutt"],"picked":"True Grit","floor":1},{"not_picked":["Dual Wield","Warcry","Carnage"],"picked":"SKIP","floor":2},{"not_picked":["Dual Wield","Carnage"],"picked":"Warcry","floor":2},{"not_picked":["Rupture","Iron Wave","Rampage"],"picked":"SKIP","floor":7},{"not_picked":["Armaments","Anger","Carnage"],"picked":"Pommel Strike","floor":11},{"not_picked":["Anger","Fire Breathing","Body Slam"],"picked":"Cleave","floor":12},{"not_picked":["Disarm","Pommel Strike","Headbutt","Juggernaut+1"],"picked":"SKIP","floor":13},{"not_picked":["Disarm","Headbutt","Juggernaut+1"],"picked":"Pommel Strike","floor":13},{"not_picked":["Blood for Blood","Flex","True Grit"],"picked":"Perfected Strike","floor":14},{"not_picked":["Sever Soul","Entrench","Thunderclap","Heavy Blade"],"picked":"SKIP","floor":18},{"not_picked":["Clothesline","Armaments+1","Thunderclap"],"picked":"Clash","floor":19},{"not_picked":["Headbutt","Clothesline","Anger+1"],"picked":"Twin Strike","floor":21},{"not_picked":["Heavy Blade","Sword Boomerang","Double Tap"],"picked":"Clash+1","floor":24},{"not_picked":["Searing Blow","Hemokinesis+1","Perfected Strike"],"picked":"Headbutt","floor":28}],"player_experience":885134,"relics_obtained":[{"floor":7,"key":"Bronze Scales"},{"floor":9,"key":"Question Card"},{"floor":12,"key":"Frozen Egg 2"},{"floor":19,"key":"Ginger"},{"floor":19,"key":"Mercury Hourglass"},{"floor":26,"key":"Potion Belt"}],"event_choices":[{"damage_healed":0,"gold_gain":0,"player_choice":"Take Damage","damage_taken":20,"relics_obtained":["Golden Idol"],"max_hp_gain":0,"max_hp_loss":0,"event_name":"Golden Idol","floor":4,"gold_loss":0},{"cards_removed":["Defend_R"],"damage_healed":0,"gold_gain":0,"player_choice":"Card Removal","damage_taken":0,"max_hp_gain":0,"max_hp_loss":0,"event_name":"The Cleric","floor":5,"gold_loss":50},{"damage_healed":0,"gold_gain":0,"player_choice":"Fight","damage_taken":0,"max_hp_gain":0,"max_hp_loss":0,"event_name":"Colosseum","floor":19,"gold_loss":0},{"damage_healed":0,"gold_gain":0,"player_choice":"Fought Nobs","damage_taken":0,"max_hp_gain":0,"max_hp_loss":0,"event_name":"Colosseum","floor":19,"gold_loss":0},{"cards_removed":["Strike_R"],"damage_healed":0,"gold_gain":0,"player_choice":"Card Removal","damage_taken":0,"max_hp_gain":0,"max_hp_loss":0,"event_name":"Wheel of Change","floor":20,"gold_loss":0},{"cards_removed":["Strike_R"],"damage_healed":0,"gold_gain":0,"player_choice":"Elegance","damage_taken":0,"max_hp_gain":0,"max_hp_loss":0,"event_name":"Back to Basics","floor":29,"gold_loss":0},{"cards_removed":["Strike_R"],"damage_healed":0,"gold_gain":0,"player_choice":"Upgrade and Remove","damage_taken":0,"max_hp_gain":0,"max_hp_loss":0,"event_name":"Designer","floor":30,"gold_loss":90,"cards_upgraded":["Headbutt"]}],"is_beta":false,"boss_relics":[{"not_picked":["Calling Bell","Pandora\u0027s Box"],"picked":"Empty Cage"}],"items_purged_floors":[3,22],"is_endless":false,"potions_floor_spawned":[7,13,14,16,18,19,28],"killed_by":"Automaton","ascension_level":0}