{"gold_per_floor":[116,116,131,142,152,152,177,227,227,227,262,282,261,278,278,278],"floor_reached":16,"playtime":1028,"items_purged":[],"score":190,"play_id":"a6563833-f893-46d0-bdc5-7827241dc632","local_time":"20190224233145","is_ascension_mode":true,"campfire_choices":[{"data":"Deadly Poison","floor":6,"key":"SMITH"},{"floor":10,"key":"REST"},{"floor":15,"key":"REST"}],"neow_cost":"NONE","seed_source_timestamp":165651205194000,"circlet_count":0,"master_deck":["AscendersBane","Defend_G","Defend_G","Defend_G","Defend_G","Defend_G","Strike_G","Strike_G","Strike_G","Strike_G","Strike_G","Survivor","Neutralize","Dash","Skewer","Deadly Poison+1","Malaise","Leg Sweep","Backflip","Acrobatics","Well Laid Plans","Cloak And Dagger"],"relics":["Ring of the Snake","Tingsha","Du-Vu Doll","Prayer Wheel"],"potions_floor_usage":[7,16],"damage_taken":[{"damage":14,"enemies":"Jaw Worm","floor":1,"turns":9},{"damage":0,"enemies":"2 Louse","floor":3,"turns":2},{"damage":0,"enemies":"Small Slimes","floor":4,"turns":4},{"damage":4,"enemies":"3 Louse","floor":5,"turns":5},{"damage":18,"enemies":"Gremlin Nob","floor":7,"turns":5},{"damage":22,"enemies":"Lagavulin","floor":11,"turns":6},{"damage":1,"enemies":"Looter","floor":12,"turns":3},{"damage":0,"enemies":"Exordium Wildlife","floor":14,"turns":3},{"damage":68,"enemies":"Slime Boss","floor":16,"turns":12}],"seed_played":"-6592722673180297588","potions_obtained":[{"floor":1,"key":"Weak Potion"},{"floor":5,"key":"Poison Potion"},{"floor":11,"key":"LiquidBronze"}],"is_trial":false,"path_per_floor":["M","?","M","M","M","R","E","?","T","R","E","M","?","M","R","B"],"character_chosen":"THE_SILENT","items_purchased":[],"campfire_rested":2,"item_purchase_floors":[],"current_hp_per_floor":[51,56,56,56,52,52,34,34,34,57,35,34,34,34,57,0],"gold":278,"neow_bonus":"TEN_PERCENT_HP_BONUS","is_prod":false,"is_daily":false,"chose_seed":false,"campfire_upgraded":1,"win_rate":0,"timestamp":1551069105,"path_taken":["M","?","M","M","M","R","E","?","T","R","E","M","?","M","R","BOSS"],"build_version":"2019-01-23","purchased_purges":0,"victory":false,"max_hp_per_floor":[72,77,77,77,77,77,77,77,77,77,77,77,77,77,77,77],"card_choices":[{"not_picked":["Terror","PiercingWail"],"picked":"Dash","floor":1},{"not_picked":["Tactician","Dodge and Roll"],"picked":"Skewer","floor":3},{"not_picked":["Accuracy","Quick Slash","Blade Dance"],"picked":"SKIP","floor":4},{"not_picked":["Slice","Prepared"],"picked":"Deadly Poison","floor":5},{"not_picked":["Prepared","Blur"],"picked":"Malaise","floor":7},{"not_picked":["PiercingWail","Blur"],"picked":"Leg Sweep","floor":11},{"not_picked":["Cloak And Dagger","Underhanded Strike"],"picked":"Backflip","floor":12},{"not_picked":["Setup","Accuracy"],"picked":"Acrobatics","floor":12},{"not_picked":["Flying Knee","Deflect"],"picked":"Well Laid Plans","floor":14},{"not_picked":["Backflip","Terror"],"picked":"Cloak And Dagger","floor":14}],"player_experience":1329914,"relics_obtained":[{"floor":7,"key":"Tingsha"},{"floor":9,"key":"Du-Vu Doll"},{"floor":11,"key":"Prayer Wheel"}],"event_choices":[{"damage_healed":0,"gold_gain":0,"player_choice":"Donut","damage_taken":0,"max_hp_gain":5,"max_hp_loss":0,"event_name":"Big Fish","floor":2,"gold_loss":0},{"damage_healed":0,"gold_gain":50,"player_choice":"Gained Gold","damage_taken":0,"max_hp_gain":0,"max_hp_loss":0,"event_name":"Golden Wing","floor":8,"gold_loss":0},{"damage_healed":0,"gold_gain":0,"player_choice":"Left Gold","damage_taken":0,"max_hp_gain":0,"max_hp_loss":0,"event_name":"World of Goop","floor":13,"gold_loss":21}],"is_beta":false,"boss_relics":[],"items_purged_floors":[],"is_endless":false,"potions_floor_spawned":[1,5,11,12],"killed_by":"Slime Boss","ascension_level":14}