{"gold_per_floor":[109,109,119,134,146,175,186,214,226,253,282,294,316,355,367,480,492,518,530,34,34,34,34,69,69,145,180,180,10,25,25,25,121,121,137,1136,1153,468,488,517,517,568,568,568,597,614,614,626,626,626,626,626,41,76,76],"floor_reached":56,"playtime":4740,"items_purged":["Strike_G","Normality","Normality"],"score":1443,"play_id":"5f1df9b0-9c02-4196-89ec-ee29e7892999","local_time":"20190112174028","is_ascension_mode":true,"campfire_choices":[{"floor":15.0,"key":"REST"},{"floor":23.0,"key":"RECALL"},{"floor":25.0,"key":"REST"},{"floor":32.0,"key":"REST"},{"data":"Adrenaline","floor":41.0,"key":"SMITH"},{"floor":44.0,"key":"REST"},{"data":"Apotheosis","floor":47.0,"key":"SMITH"},{"data":"Adrenaline","floor":49.0,"key":"SMITH"},{"data":"Dark Shackles","floor":52.0,"key":"SMITH"}],"neow_cost":"NONE","seed_source_timestamp":13653795077996,"circlet_count":0,"master_deck":["Defend_G","Defend_G","Defend_G","Defend_G","Defend_G","Strike_G","Strike_G","Strike_G","Strike_G","Survivor","Neutralize","Dodge and Roll","Noxious Fumes","Dark Shackles+1","Noxious Fumes","Venomology","Escape Plan","Caltrops","Caltrops+1","Backflip","Envenom+1","Endless Agony","Distraction+1","Escape Plan","Apotheosis+1","Adrenaline+1","Adrenaline+1","Dodge and Roll","Dagger Throw","Distraction+1","Noxious Fumes+1","Crippling Poison","Leg Sweep+1","Backstab+1","Dodge and Roll+1","Deflect+1","PiercingWail+1","Distraction+1"],"special_seed":0,"relics":["Ring of the Snake","Gremlin Horn","MawBank","Frozen Egg 2","Runic Pyramid","Lantern","Gambling Chip","Prayer Wheel","Shuriken","Matryoshka","Blood Vial","Philosopher\u0027s Stone","Happy Flower","Blue Candle","TheAbacus","Regal Pillow","FossilizedHelix","Dodecahedron","Letter Opener","Incense Burner","Vajra","Unceasing Top","Kunai"],"potions_floor_usage":[55,55,55],"damage_taken":[{"damage":0.0,"enemies":"Jaw Worm","floor":1.0,"turns":7.0},{"damage":5.0,"enemies":"Cultist","floor":3.0,"turns":7.0},{"damage":0.0,"enemies":"2 Louse","floor":4.0,"turns":3.0},{"damage":2.0,"enemies":"2 Fungi Beasts","floor":5.0,"turns":4.0},{"damage":10.0,"enemies":"Lagavulin","floor":6.0,"turns":9.0},{"damage":1.0,"enemies":"Exordium Thugs","floor":7.0,"turns":6.0},{"damage":37.0,"enemies":"Gremlin Nob","floor":8.0,"turns":6.0},{"damage":2.0,"enemies":"3 Louse","floor":10.0,"turns":6.0},{"damage":5.0,"enemies":"Looter","floor":11.0,"turns":4.0},{"damage":2.0,"enemies":"Exordium Thugs","floor":13.0,"turns":4.0},{"damage":4.0,"enemies":"3 Sentries","floor":14.0,"turns":6.0},{"damage":14.0,"enemies":"Hexaghost","floor":16.0,"turns":10.0},{"damage":15.0,"enemies":"Spheric Guardian","floor":18.0,"turns":9.0},{"damage":46.0,"enemies":"Slavers","floor":24.0,"turns":5.0},{"damage":27.0,"enemies":"Gremlin Leader","floor":27.0,"turns":8.0},{"damage":6.0,"enemies":"2 Thieves","floor":30.0,"turns":5.0},{"damage":10.0,"enemies":"Collector","floor":33.0,"turns":7.0},{"damage":3.0,"enemies":"3 Shapes","floor":35.0,"turns":5.0},{"damage":9.0,"enemies":"3 Darklings","floor":37.0,"turns":5.0},{"damage":15.0,"enemies":"Transient","floor":39.0,"turns":5.0},{"damage":1.0,"enemies":"Nemesis","floor":40.0,"turns":9.0},{"damage":20.0,"enemies":"2 Orb Walkers","floor":42.0,"turns":5.0},{"damage":0.0,"enemies":"Giant Head","floor":45.0,"turns":9.0},{"damage":0.0,"enemies":"Jaw Worm Horde","floor":46.0,"turns":3.0},{"damage":0.0,"enemies":"Sphere and 2 Shapes","floor":48.0,"turns":5.0},{"damage":16.0,"enemies":"Donu and Deca","floor":50.0,"turns":9.0},{"damage":0.0,"enemies":"Shield and Spear","floor":54.0,"turns":8.0},{"damage":0,"enemies":"The Heart","floor":55,"turns":9}],"seed_played":"169514785918025004","potions_obtained":[{"floor":3.0,"key":"Swift Potion"},{"floor":5.0,"key":"GamblersBrew"},{"floor":8.0,"key":"LiquidBronze"},{"floor":10.0,"key":"PowerPotion"},{"floor":27.0,"key":"FearPotion"},{"floor":30.0,"key":"GamblersBrew"},{"floor":31.0,"key":"AttackPotion"},{"floor":31.0,"key":"Energy Potion"},{"floor":31.0,"key":"SkillPotion"},{"floor":39.0,"key":"SpeedPotion"},{"floor":40.0,"key":"Poison Potion"},{"floor":42.0,"key":"SteroidPotion"}],"is_trial":false,"path_per_floor":["M","?","M","M","M","E","M","E","T","M","M","?","M","E","R","B",null,"M","?","$","?","T","R","E","R","T","E","?","$","M","?","R","B",null,"M","?","M","$","M","E","R","?","T","R","E","M","R","M","R","B",null,"R","$","E","B",null],"character_chosen":"THE_SILENT","items_purchased":["Lantern","Gambling Chip","Apotheosis","Happy Flower","Blue Candle","TheAbacus","Vajra","Unceasing Top"],"campfire_rested":4,"item_purchase_floors":[20,20,29,38,38,38,53,53],"current_hp_per_floor":[77,77,72,72,70,60,59,22,22,35,30,30,28,24,47,33,77,62,62,62,62,62,62,16,39,39,12,12,12,8,8,31,23,77,74,74,67,67,54,55,55,37,37,75,77,77,77,77,77,61,77,77,77,77,77],"gold":76,"neow_bonus":"TEN_PERCENT_HP_BONUS","is_prod":false,"is_daily":false,"chose_seed":false,"campfire_upgraded":4,"win_rate":0,"timestamp":1547307628,"path_taken":["M","?","?","M","M","E","M","E","T","M","M","?","M","E","R","BOSS","M","?","?","?","?","R","E","R","T","E","?","$","?","?","R","BOSS","M","?","M","$","M","E","R","?","T","R","E","M","R","M","R","BOSS","R","$","E","BOSS"],"build_version":"2019-01-10","purchased_purges":3,"victory":true,"max_hp_per_floor":[77,77,77,77,77,77,77,77,77,77,77,77,77,77,77,77,77,77,77,77,77,77,77,77,77,77,77,77,77,77,77,77,77,77,77,77,77,77,77,77,77,77,77,77,77,77,77,77,77,77,77,77,77,77,77],"card_choices":[{"not_picked":["Slice","PiercingWail","Prepared"],"picked":"SKIP","floor":1.0},{"not_picked":["Dagger Spray","Cloak And Dagger","Underhanded Strike"],"picked":"SKIP","floor":3.0},{"not_picked":["Deadly Poison","Slice"],"picked":"Noxious Fumes","floor":4.0},{"not_picked":["Choke","Poisoned Stab","Dagger Throw"],"picked":"SKIP","floor":5.0},{"not_picked":["Reflex","Dagger Spray"],"picked":"Venomology","floor":6.0},{"not_picked":["Bane","Poisoned Stab","Cloak And Dagger"],"picked":"SKIP","floor":7.0},{"not_picked":["Bane","Well Laid Plans"],"picked":"Escape Plan","floor":8.0},{"not_picked":["Distraction","Deadly Poison"],"picked":"Caltrops","floor":10.0},{"not_picked":["Flechettes","Flying Knee"],"picked":"Caltrops","floor":11.0},{"not_picked":["Acrobatics","Underhanded Strike"],"picked":"Backflip","floor":13.0},{"not_picked":["Phantasmal Killer","Riddle With Holes","Deflect"],"picked":"SKIP","floor":14.0},{"not_picked":["Grand Finale","Die Die Die"],"picked":"Envenom+1","floor":16.0},{"not_picked":["Skewer","Distraction"],"picked":"Endless Agony","floor":18.0},{"not_picked":["Well Laid Plans+1","Flechettes"],"picked":"Distraction+1","floor":24.0},{"not_picked":["Quick Slash+1","Blade Dance"],"picked":"Escape Plan","floor":27.0},{"not_picked":["Finisher+1","Acrobatics"],"picked":"Adrenaline","floor":30.0},{"not_picked":["Reflex","PiercingWail","Dodge and Roll"],"picked":"SKIP","floor":30.0},{"not_picked":["Grand Finale","Bullet Time"],"picked":"Adrenaline","floor":33.0},{"not_picked":["All Out Attack","Flying Knee+1"],"picked":"Dodge and Roll","floor":35.0},{"not_picked":["Quick Slash+1","Flechettes+1","Endless Agony"],"picked":"SKIP","floor":35.0},{"not_picked":["Bane+1","Endless Agony+1"],"picked":"Dagger Throw","floor":37.0},{"not_picked":["Dagger Spray","Flying Knee+1","Expertise"],"picked":"SKIP","floor":37.0},{"not_picked":["Predator+1","PiercingWail+1"],"picked":"Distraction+1","floor":39.0},{"not_picked":["Quick Slash","Burst","Underhanded Strike+1"],"picked":"SKIP","floor":39.0},{"not_picked":["Deadly Poison","Outmaneuver"],"picked":"Noxious Fumes+1","floor":40.0},{"not_picked":["Quick Slash","Prepared"],"picked":"Crippling Poison","floor":42.0},{"not_picked":["Terror","Backflip"],"picked":"Leg Sweep+1","floor":45.0},{"not_picked":["Underhanded Strike+1","Dodge and Roll"],"picked":"Backstab+1","floor":46.0},{"not_picked":["Die Die Die","Leg Sweep+1"],"picked":"Dodge and Roll+1","floor":46.0},{"not_picked":["Underhanded Strike","Deadly Poison"],"picked":"Deflect+1","floor":48.0},{"not_picked":["Deadly Poison","Expertise+1"],"picked":"PiercingWail+1","floor":48.0},{"not_picked":["Slice","PiercingWail+1"],"picked":"Distraction+1","floor":54.0}],"player_experience":250638,"relics_obtained":[{"floor":6.0,"key":"Gremlin Horn"},{"floor":8.0,"key":"MawBank"},{"floor":14.0,"key":"Frozen Egg 2"},{"floor":22.0,"key":"Prayer Wheel"},{"floor":24.0,"key":"Shuriken"},{"floor":26.0,"key":"Matryoshka"},{"floor":27.0,"key":"Blood Vial"},{"floor":40.0,"key":"Regal Pillow"},{"floor":42.0,"key":"FossilizedHelix"},{"floor":43.0,"key":"Dodecahedron"},{"floor":43.0,"key":"Letter Opener"},{"floor":45.0,"key":"Incense Burner"},{"floor":54.0,"key":"Kunai"}],"event_choices":[{"damage_healed":0.0,"max_hp_gain":0.0,"max_hp_loss":0.0,"gold_gain":0.0,"event_name":"Match and Keep!","player_choice":"3 cards matched","floor":2.0,"gold_loss":0.0,"damage_taken":0.0,"cards_obtained":["Dodge and Roll","Noxious Fumes","Dark Shackles"]},{"damage_healed":0.0,"max_hp_gain":0.0,"max_hp_loss":0.0,"gold_gain":0.0,"event_name":"Golden Wing","player_choice":"Ignored","floor":12.0,"gold_loss":0.0,"damage_taken":0.0},{"damage_healed":0.0,"max_hp_gain":0.0,"max_hp_loss":0.0,"gold_gain":0.0,"event_name":"The Woman in Blue","player_choice":"Bought 0 Potions","floor":19.0,"gold_loss":0.0,"damage_taken":0.0},{"damage_healed":0.0,"max_hp_gain":0.0,"max_hp_loss":0.0,"gold_gain":0.0,"event_name":"Vampires","player_choice":"Ignored","floor":21.0,"gold_loss":0.0,"damage_taken":0.0},{"damage_healed":0.0,"max_hp_gain":0.0,"max_hp_loss":0.0,"gold_gain":0.0,"event_name":"Upgrade Shrine","player_choice":"Upgraded","floor":28.0,"gold_loss":0.0,"damage_taken":0.0,"cards_upgraded":["Caltrops"]},{"damage_healed":0.0,"max_hp_gain":0.0,"max_hp_loss":0.0,"gold_gain":0.0,"event_name":"Lab","player_choice":"Got Potions","floor":31.0,"gold_loss":0.0,"damage_taken":0.0},{"damage_healed":0.0,"max_hp_gain":0.0,"max_hp_loss":0.0,"gold_gain":999.0,"event_name":"MindBloom","player_choice":"Gold","floor":36.0,"gold_loss":0.0,"damage_taken":0.0,"cards_obtained":["Normality","Normality"]},{"damage_healed":0.0,"max_hp_gain":0.0,"max_hp_loss":0.0,"gold_gain":0.0,"event_name":"Mysterious Sphere","player_choice":"Fight","floor":42.0,"gold_loss":0.0,"damage_taken":0.0}],"is_beta":false,"boss_relics":[{"not_picked":["Orrery","WristBlade"],"picked":"Runic Pyramid"},{"not_picked":["HoveringKite","Empty Cage"],"picked":"Philosopher\u0027s Stone"}],"items_purged_floors":[20,38,53],"is_endless":false,"potions_floor_spawned":[3,5,8,10,27,30,39,40,42],"ascension_level":1}