{"gold_per_floor":[109,73,88,102,127,159,159,159,159,159,173,184,134,165,165,267,267,285,200,200,213,231,231],"floor_reached":23,"playtime":1150,"items_purged":[],"score":201,"play_id":"00ac59d3-c4f4-4599-a0d5-c69b7bf132a5","local_time":"20181111083902","is_ascension_mode":false,"campfire_choices":[{"data":"Tempest","floor":8,"key":"SMITH"},{"data":"Zap","floor":15,"key":"SMITH"}],"neow_cost":"NONE","seed_source_timestamp":2933066683391,"circlet_count":0,"master_deck":["Defend_B","Defend_B","Defend_B","Zap+1","Tempest+1","Loop","Storm","Leap","Genetic Algorithm","Genetic Algorithm","Ball Lightning","Reboot","Rebound+1","All For One+1","Sweeping Beam+1","Chaos","Melter","Gash+1"],"relics":["Cracked Core","NeowsBlessing","Art of War","FossilizedHelix","Dodecahedron","Bronze Scales","Astrolabe","Ice Cream","Enchiridion"],"potions_floor_usage":[16,16,16,22,23],"damage_taken":[{"damage":0,"enemies":"Cultist","floor":1,"turns":1},{"damage":0,"enemies":"Small Slimes","floor":3,"turns":1},{"damage":0,"enemies":"2 Louse","floor":4,"turns":1},{"damage":25,"enemies":"3 Sentries","floor":6,"turns":5},{"damage":8,"enemies":"Exordium Wildlife","floor":11,"turns":4},{"damage":2,"enemies":"Looter","floor":12,"turns":4},{"damage":11,"enemies":"Lagavulin","floor":14,"turns":6},{"damage":1,"enemies":"Slime Boss","floor":16,"turns":7},{"damage":32,"enemies":"Chosen","floor":18,"turns":5},{"damage":11,"enemies":"Spheric Guardian","floor":21,"turns":4},{"damage":10,"enemies":"Snake Plant","floor":22,"turns":3},{"damage":6,"enemies":"Gremlin Leader","floor":23,"turns":1}],"seed_played":"440458877595077838","potions_obtained":[{"floor":3,"key":"Strength Potion"},{"floor":4,"key":"SpeedPotion"},{"floor":14,"key":"Explosive Potion"},{"floor":16,"key":"LiquidBronze"},{"floor":21,"key":"Dexterity Potion"},{"floor":22,"key":"FocusPotion"}],"is_trial":false,"path_per_floor":["M","$","M","M","T","E","?","R","T","?","M","M","?","E","R","B",null,"M","?","?","M","M","E"],"character_chosen":"DEFECT","items_purchased":["Loop"],"campfire_rested":0,"item_purchase_floors":[2],"current_hp_per_floor":[75,75,75,75,75,50,50,50,50,43,35,33,33,22,22,21,75,43,43,27,16,6,0],"gold":231,"neow_bonus":"THREE_ENEMY_KILL","is_prod":false,"is_daily":false,"chose_seed":false,"campfire_upgraded":2,"win_rate":0.0,"timestamp":1541943542,"path_taken":["M","$","?","M","?","E","?","R","T","?","M","?","?","E","R","BOSS","M","?","?","M","M","E"],"build_version":"2018-11-08","purchased_purges":0,"victory":false,"max_hp_per_floor":[75,75,75,75,75,75,75,75,75,75,75,75,75,75,75,75,75,75,75,75,75,75,75],"card_choices":[{"not_picked":["Beam Cell","Cold Snap"],"picked":"Tempest","floor":1},{"not_picked":["Leap","Fusion"],"picked":"Storm","floor":3},{"not_picked":["Barrage","Steam Power","Chill"],"picked":"SKIP","floor":4},{"not_picked":["Compile Driver","Meteor Strike"],"picked":"Leap","floor":6},{"not_picked":["Coolheaded","Go for the Eyes"],"picked":"Genetic Algorithm","floor":11},{"not_picked":["Reprogram","Stack"],"picked":"Genetic Algorithm","floor":12},{"not_picked":["Stack","Undo"],"picked":"Ball Lightning","floor":14},{"not_picked":["Multi-Cast","All For One"],"picked":"Reboot","floor":16},{"not_picked":["Stack","Coolheaded"],"picked":"Chaos","floor":18},{"not_picked":["Steam","Redo+1"],"picked":"Melter","floor":21},{"not_picked":["Coolheaded+1","Streamline"],"picked":"Gash+1","floor":22}],"player_experience":173690,"relics_obtained":[{"floor":5,"key":"Art of War"},{"floor":6,"key":"FossilizedHelix"},{"floor":9,"key":"Dodecahedron"},{"floor":14,"key":"Bronze Scales"},{"floor":20,"key":"Enchiridion"}],"event_choices":[{"cards_removed":["Dualcast"],"damage_healed":0,"gold_gain":0,"player_choice":"Forget","damage_taken":0,"max_hp_gain":0,"max_hp_loss":0,"event_name":"Living Wall","floor":7,"gold_loss":0},{"cards_removed":["Strike_B"],"damage_healed":0,"gold_gain":0,"player_choice":"Card Removal","damage_taken":7,"max_hp_gain":0,"max_hp_loss":0,"event_name":"Golden Wing","floor":10,"gold_loss":0},{"cards_removed":["Strike_B"],"damage_healed":0,"gold_gain":0,"player_choice":"Card Removal","damage_taken":0,"max_hp_gain":0,"max_hp_loss":0,"event_name":"The Cleric","floor":13,"gold_loss":50},{"damage_healed":0,"gold_gain":0,"player_choice":"Obtained Relic","damage_taken":0,"relics_obtained":["Ice Cream"],"max_hp_gain":0,"max_hp_loss":0,"event_name":"Addict","floor":19,"gold_loss":85},{"damage_healed":0,"gold_gain":0,"player_choice":"Obtained Book","damage_taken":16,"max_hp_gain":0,"max_hp_loss":0,"event_name":"Cursed Tome","floor":20,"gold_loss":0}],"is_beta":false,"boss_relics":[{"not_picked":["Empty Cage","Cursed Key"],"picked":"Astrolabe"}],"items_purged_floors":[],"is_endless":false,"potions_floor_spawned":[3,4,14,16,21,22],"killed_by":"Gremlin Leader","ascension_level":0}