{"gold_per_floor":[17,27,44,44,58,91,91,191,191,191,226,22,40,60,60,159,159,173,163,163,174,184,184,203,214,214,224,244,127,227,253,253,350,350,368,368,113,113,213,276,286,317,317,350,350,55,55,69,69,69],"floor_reached":51,"playtime":4769,"items_purged":["Regret"],"score":1274,"play_id":"a7aff3d1-d8ac-46f8-9c5f-22bb7b24e22b","local_time":"20190224135551","is_ascension_mode":true,"campfire_choices":[{"floor":7,"key":"REST"},{"data":"Barricade","floor":10,"key":"SMITH"},{"floor":15,"key":"REST"},{"floor":32,"key":"REST"},{"floor":45,"key":"REST"},{"floor":49,"key":"REST"}],"neow_cost":"NO_GOLD","seed_source_timestamp":847339337397600,"circlet_count":0,"master_deck":["Strike_R+1","Strike_R","Strike_R","Strike_R","Strike_R","Defend_R","Defend_R","Defend_R","Defend_R","Bash+1","Battle Trance","Evolve","Body Slam","Carnage","Barricade+1","Shrug It Off","Disarm","Armaments+1","Juggernaut","Iron Wave+1","Uppercut+1","Ghostly Armor","Seeing Red","Warcry","Shrug It Off","Entrench+1","Dual Wield+1","Demon Form+1","Ghostly Armor+1","Entrench+1","Bloodletting+1","Entrench+1","Body Slam","Clumsy","Shrug It Off+1"],"relics":["Burning Blood","Incense Burner","Mummified Hand","Thread and Needle","Bird Faced Urn","Oddly Smooth Stone","Runic Pyramid","Red Skull","The Courier","Happy Flower","Charon\u0027s Ashes","Toxic Egg 2","Bag of Marbles","Cursed Key","Letter Opener","Blue Candle","Unceasing Top","Tiny Chest","Ancient Tea Set","Whetstone","Ice Cream","Du-Vu Doll"],"potions_floor_usage":[5,6,14,19,19,22,27,35,42,44,48,50],"damage_taken":[{"damage":3,"enemies":"2 Louse","floor":1,"turns":3},{"damage":0,"enemies":"Small Slimes","floor":2,"turns":3},{"damage":11,"enemies":"Cultist","floor":3,"turns":4},{"damage":21,"enemies":"Large Slime","floor":5,"turns":9},{"damage":35,"enemies":"Lagavulin","floor":6,"turns":6},{"damage":39,"enemies":"3 Sentries","floor":11,"turns":13},{"damage":1,"enemies":"Looter","floor":13,"turns":3},{"damage":13,"enemies":"Gremlin Gang","floor":14,"turns":5},{"damage":0,"enemies":"The Guardian","floor":16,"turns":9},{"damage":8,"enemies":"Spheric Guardian","floor":18,"turns":7},{"damage":6,"enemies":"2 Thieves","floor":19,"turns":4},{"damage":0,"enemies":"Cultist and Chosen","floor":21,"turns":8},{"damage":5,"enemies":"Shelled Parasite and Fungi","floor":22,"turns":8},{"damage":0,"enemies":"Snake Plant","floor":24,"turns":6},{"damage":0,"enemies":"Snecko","floor":25,"turns":4},{"damage":16,"enemies":"Shelled Parasite and Fungi","floor":27,"turns":8},{"damage":10,"enemies":"Centurion and Healer","floor":28,"turns":9},{"damage":26,"enemies":"Colosseum Slavers","floor":30,"turns":6},{"damage":12,"enemies":"Colosseum Nobs","floor":30,"turns":4},{"damage":5,"enemies":"Gremlin Leader","floor":31,"turns":10},{"damage":0,"enemies":"Collector","floor":33,"turns":10},{"damage":0,"enemies":"3 Darklings","floor":35,"turns":6},{"damage":1,"enemies":"Mind Bloom Boss Battle","floor":39,"turns":6},{"damage":4,"enemies":"Giant Head","floor":40,"turns":9},{"damage":1,"enemies":"Orb Walker","floor":41,"turns":4},{"damage":33,"enemies":"Reptomancer","floor":42,"turns":7},{"damage":33,"enemies":"Nemesis","floor":44,"turns":7},{"damage":15,"enemies":"Writhing Mass","floor":48,"turns":4},{"damage":20,"enemies":"Time Eater","floor":50,"turns":7}],"seed_played":"4429484033779562068","potions_obtained":[{"floor":3,"key":"Dexterity Potion"},{"floor":5,"key":"Fire Potion"},{"floor":6,"key":"Weak Potion"},{"floor":16,"key":"PowerPotion"},{"floor":21,"key":"Energy Potion"},{"floor":22,"key":"BloodPotion"},{"floor":24,"key":"Swift Potion"},{"floor":25,"key":"SpeedPotion"},{"floor":30,"key":"Block Potion"},{"floor":35,"key":"Block Potion"},{"floor":40,"key":"Swift Potion"},{"floor":47,"key":"EssenceOfSteel"},{"floor":47,"key":"SkillPotion"}],"is_trial":false,"path_per_floor":["M","M","M","?","M","E","R","?","T","R","E","$","M","M","R","B",null,"M","M","?","M","M","?","M","M","T","M","M","$","?","E","R","B",null,"M","?","$","T","?","E","M","E","T","E","R","$","?","M","R","B",null],"character_chosen":"IRONCLAD","items_purchased":["Oddly Smooth Stone","PowerPotion","Happy Flower","Ghostly Armor+1","Letter Opener","Du-Vu Doll"],"campfire_rested":5,"item_purchase_floors":[12,12,29,37,37,46],"current_hp_per_floor":[75,80,75,75,60,31,55,55,55,55,22,22,27,22,46,54,74,76,78,78,80,80,80,80,80,80,72,72,72,52,59,80,80,80,80,80,80,80,80,80,80,59,59,38,62,62,62,55,79,72],"gold":69,"neow_bonus":"ONE_RARE_RELIC","is_prod":false,"is_daily":false,"chose_seed":false,"campfire_upgraded":1,"win_rate":0,"timestamp":1551034551,"path_taken":["M","M","M","?","M","E","R","?","T","R","E","$","M","M","R","BOSS","M","?","?","M","M","?","M","M","T","M","?","$","?","E","R","BOSS","M","?","$","?","?","E","M","E","T","E","R","$","?","?","R","BOSS"],"build_version":"2019-01-23","purchased_purges":1,"victory":true,"max_hp_per_floor":[80,80,80,80,80,80,80,80,80,80,80,80,80,80,80,80,80,80,80,80,80,80,80,80,80,80,80,80,80,80,80,80,80,80,80,80,80,80,80,80,80,80,80,80,80,80,80,80,80,80],"card_choices":[{"not_picked":["Wild Strike","Pummel"],"picked":"Battle Trance","floor":1},{"not_picked":["Burning Pact","Anger"],"picked":"Evolve","floor":2},{"not_picked":["Clash","Sever Soul"],"picked":"Body Slam","floor":3},{"not_picked":["Body Slam","Sword Boomerang"],"picked":"Carnage","floor":5},{"not_picked":["Fiend Fire","Sever Soul"],"picked":"Barricade","floor":6},{"not_picked":["Twin Strike","Second Wind"],"picked":"Shrug It Off","floor":11},{"not_picked":["Thunderclap","Dual Wield"],"picked":"Disarm","floor":13},{"not_picked":["Body Slam","Infernal Blade"],"picked":"Armaments","floor":14},{"not_picked":["Limit Break","Demon Form"],"picked":"Juggernaut","floor":16},{"not_picked":["Body Slam","Clash+1"],"picked":"Iron Wave","floor":18},{"not_picked":["True Grit+1","Flex","Anger"],"picked":"SKIP","floor":19},{"not_picked":["Dark Embrace","Cleave"],"picked":"Uppercut+1","floor":21},{"not_picked":["Reckless Charge","Wild Strike"],"picked":"Ghostly Armor","floor":22},{"not_picked":["Heavy Blade","Pummel+1"],"picked":"Seeing Red","floor":24},{"not_picked":["Burning Pact","Pummel"],"picked":"Warcry","floor":25},{"not_picked":["Twin Strike","Pommel Strike","Clash"],"picked":"SKIP","floor":27},{"not_picked":["Headbutt","Clash"],"picked":"Shrug It Off","floor":28},{"not_picked":["Intimidate","Sentinel+1"],"picked":"Entrench","floor":30},{"not_picked":["Feel No Pain","Clothesline"],"picked":"Dual Wield+1","floor":31},{"not_picked":["Dark Embrace","Bludgeon"],"picked":"Demon Form","floor":33},{"not_picked":["Searing Blow+1","Dropkick+1","Clothesline+1"],"picked":"SKIP","floor":35},{"not_picked":["Battle Trance+1","Bloodletting+1"],"picked":"Entrench+1","floor":39},{"not_picked":["Reckless Charge+1","Fiend Fire"],"picked":"Bloodletting+1","floor":40},{"not_picked":["Battle Trance+1","Iron Wave"],"picked":"Entrench+1","floor":41},{"not_picked":["Sword Boomerang","Hemokinesis+1"],"picked":"Body Slam","floor":42},{"not_picked":["Corruption","Clothesline+1","Body Slam"],"picked":"SKIP","floor":44},{"not_picked":["Pommel Strike","Reckless Charge"],"picked":"Shrug It Off+1","floor":48}],"player_experience":549585,"relics_obtained":[{"floor":6,"key":"Mummified Hand"},{"floor":9,"key":"Thread and Needle"},{"floor":11,"key":"Bird Faced Urn"},{"floor":26,"key":"The Courier"},{"floor":30,"key":"Charon\u0027s Ashes"},{"floor":30,"key":"Toxic Egg 2"},{"floor":31,"key":"Bag of Marbles"},{"floor":38,"key":"Blue Candle"},{"floor":39,"key":"Unceasing Top"},{"floor":40,"key":"Tiny Chest"},{"floor":42,"key":"Ancient Tea Set"},{"floor":43,"key":"Whetstone"},{"floor":44,"key":"Ice Cream"}],"event_choices":[{"damage_healed":0,"gold_gain":0,"player_choice":"Grow","damage_taken":0,"max_hp_gain":0,"max_hp_loss":0,"event_name":"Living Wall","floor":4,"gold_loss":0,"cards_upgraded":["Bash"]},{"damage_healed":0,"gold_gain":100,"player_choice":"Pray","damage_taken":0,"max_hp_gain":0,"max_hp_loss":0,"event_name":"Golden Shrine","floor":8,"gold_loss":0},{"damage_healed":0,"gold_gain":0,"player_choice":"Opened","damage_taken":0,"relics_obtained":["Red Skull"],"max_hp_gain":0,"max_hp_loss":0,"event_name":"The Mausoleum","floor":20,"gold_loss":0},{"damage_healed":0,"gold_gain":0,"player_choice":"Upgraded","damage_taken":0,"max_hp_gain":0,"max_hp_loss":0,"event_name":"Upgrade Shrine","floor":23,"gold_loss":0,"cards_upgraded":["Armaments"]},{"damage_healed":0,"gold_gain":0,"player_choice":"Fight","damage_taken":0,"max_hp_gain":0,"max_hp_loss":0,"event_name":"Colosseum","floor":30,"gold_loss":0},{"damage_healed":0,"gold_gain":0,"player_choice":"Fought Nobs","damage_taken":0,"max_hp_gain":0,"max_hp_loss":0,"event_name":"Colosseum","floor":30,"gold_loss":0},{"damage_healed":0,"gold_gain":0,"player_choice":"Upgraded","damage_taken":0,"max_hp_gain":0,"max_hp_loss":0,"event_name":"Upgrade Shrine","floor":36,"gold_loss":0,"cards_upgraded":["Demon Form"]},{"damage_healed":0,"gold_gain":0,"player_choice":"Fight","damage_taken":0,"max_hp_gain":0,"max_hp_loss":0,"event_name":"MindBloom","floor":39,"gold_loss":0},{"damage_healed":0,"gold_gain":0,"player_choice":"Got Potions","damage_taken":0,"max_hp_gain":0,"max_hp_loss":0,"event_name":"Lab","floor":47,"gold_loss":0}],"is_beta":false,"boss_relics":[{"not_picked":["Runic Dome","Sozu"],"picked":"Runic Pyramid"},{"not_picked":["Eternal Feather","Pandora\u0027s Box"],"picked":"Cursed Key"}],"items_purged_floors":[46],"is_endless":false,"potions_floor_spawned":[3,5,6,16,21,22,24,25,30,31,35,40,41],"ascension_level":9}