{"gold_per_floor":[109,109,126,301,301,301,321,341,341,341,197,212,212,228,228,329,329,343,343,343,86,86,86,97,97,175,192,207,82,92,9,9,109,109,122,32,32,0,0,31,31,48,75,104,121,121,132,159,171,183],"floor_reached":51,"playtime":3181,"items_purged":["Doubt","Writhe","Strike_R"],"score":875,"play_id":"8bd478a2-2cc5-4fa4-bf8e-ffeeeb3a5cb8","local_time":"20181029015938","is_ascension_mode":false,"campfire_choices":[{"data":"True Grit","floor":6,"key":"SMITH"},{"data":"Bash","floor":10,"key":"SMITH"},{"data":"Dual Wield","floor":15,"key":"SMITH"},{"data":"Feed","floor":23,"key":"SMITH"},{"data":"Dropkick","floor":25,"key":"SMITH"},{"data":"Purity","floor":32,"key":"SMITH"},{"data":"Madness","floor":41,"key":"SMITH"},{"floor":49,"key":"REST"}],"neow_cost":"NONE","seed_source_timestamp":1634195504677122,"circlet_count":0,"master_deck":["Strike_R","Defend_R+1","Defend_R+1","Bash+1","True Grit+1","Shrug It Off+1","Dropkick+1","Dual Wield+1","Feed+1","Purity+1","Madness","Madness+1","Offering"],"relics":["Burning Blood","NeowsBlessing","Darkstone Periapt","Ornamental Fan","Busted Crown","Meat on the Bone","Blood Vial","Kunai","Empty Cage","Red Mask","Potion Belt","Vajra","Strawberry","MawBank"],"potions_floor_usage":[18,33,33,44,44,44,44,48,50],"damage_taken":[{"damage":0,"enemies":"Jaw Worm","floor":1,"turns":1},{"damage":0,"enemies":"Small Slimes","floor":3,"turns":1},{"damage":0,"enemies":"Cultist","floor":7,"turns":1},{"damage":0,"enemies":"3 Louse","floor":8,"turns":8},{"damage":5,"enemies":"2 Fungi Beasts","floor":12,"turns":5},{"damage":5,"enemies":"Exordium Wildlife","floor":14,"turns":9},{"damage":80,"enemies":"The Guardian","floor":16,"turns":17},{"damage":22,"enemies":"2 Thieves","floor":18,"turns":5},{"damage":28,"enemies":"Chosen","floor":24,"turns":7},{"damage":32,"enemies":"Centurion and Healer","floor":27,"turns":8},{"damage":8,"enemies":"Snake Plant","floor":28,"turns":8},{"damage":27,"enemies":"Chosen and Byrds","floor":30,"turns":9},{"damage":51,"enemies":"Automaton","floor":33,"turns":11},{"damage":12,"enemies":"3 Shapes","floor":35,"turns":6},{"damage":0,"enemies":"Giant Head","floor":40,"turns":4},{"damage":5,"enemies":"3 Darklings","floor":42,"turns":3},{"damage":59,"enemies":"Reptomancer","floor":44,"turns":6},{"damage":6,"enemies":"Maw","floor":45,"turns":2},{"damage":17,"enemies":"Writhing Mass","floor":47,"turns":3},{"damage":33,"enemies":"Nemesis","floor":48,"turns":7},{"damage":6,"enemies":"Awakened One","floor":50,"turns":3}],"seed_played":"5748525829189717318","potions_obtained":[{"floor":3,"key":"Strength Potion"},{"floor":7,"key":"EssenceOfSteel"},{"floor":14,"key":"Swift Potion"},{"floor":27,"key":"EssenceOfSteel"},{"floor":33,"key":"Energy Potion"},{"floor":40,"key":"SkillPotion"},{"floor":42,"key":"EntropicBrew"},{"floor":48,"key":"Swift Potion"}],"is_trial":false,"path_per_floor":["M","?","M","?","?","R","M","M","T","R","$","M","?","M","R","B",null,"M","?","?","$","?","R","M","R","T","M","M","$","M","$","R","B",null,"M","?","?","?","?","E","R","M","T","E","M","$","M","E","R","B"],"character_chosen":"IRONCLAD","items_purchased":["Dual Wield","Blood Vial","Purity"],"campfire_rested":1,"item_purchase_floors":[11,21,31],"current_hp_per_floor":[80,64,70,70,75,75,81,85,85,85,85,85,82,83,83,9,85,72,72,78,78,78,78,62,62,62,54,70,70,67,67,67,40,114,112,112,112,112,97,109,109,112,112,80,86,86,81,72,114,116],"gold":195,"neow_bonus":"THREE_ENEMY_KILL","is_prod":false,"is_daily":false,"chose_seed":false,"campfire_upgraded":7,"win_rate":0,"timestamp":1540792778,"path_taken":["M","?","?","?","?","R","?","M","T","R","$","M","?","?","R","BOSS","M","?","?","$","?","R","M","R","T","M","M","$","?","?","R","BOSS","M","?","?","?","?","E","R","M","T","E","M","$","M","E","R","BOSS"],"build_version":"2018-10-25v2","purchased_purges":3,"victory":true,"max_hp_per_floor":[80,80,80,80,85,85,85,85,85,85,85,85,85,85,85,85,85,88,88,94,94,94,94,98,98,98,102,106,106,110,110,110,114,114,118,118,118,118,118,122,122,122,122,129,133,133,137,141,141,141],"card_choices":[{"not_picked":["Armaments","Inflame"],"picked":"True Grit","floor":1},{"not_picked":["Evolve","Rupture"],"picked":"Shrug It Off","floor":3},{"not_picked":["Ghostly Armor","Seeing Red"],"picked":"Dropkick","floor":7},{"not_picked":["Combust","Spot Weakness","Clash"],"picked":"SKIP","floor":8},{"not_picked":["Sentinel","Warcry","Inflame"],"picked":"SKIP","floor":12},{"not_picked":["Power Through","Sword Boomerang","Body Slam"],"picked":"SKIP","floor":14},{"not_picked":["Bludgeon","Dark Embrace"],"picked":"Feed","floor":16},{"not_picked":["Fire Breathing"],"picked":"SKIP","floor":18},{"not_picked":["Iron Wave"],"picked":"SKIP","floor":24},{"not_picked":["Sword Boomerang"],"picked":"SKIP","floor":27},{"not_picked":["Headbutt"],"picked":"SKIP","floor":28},{"not_picked":["Hemokinesis"],"picked":"SKIP","floor":30},{"not_picked":["Rupture+1"],"picked":"SKIP","floor":35},{"not_picked":["Clothesline+1"],"picked":"SKIP","floor":40},{"not_picked":["True Grit"],"picked":"SKIP","floor":42},{"not_picked":[],"picked":"Offering","floor":44},{"not_picked":["Sword Boomerang"],"picked":"SKIP","floor":45},{"not_picked":["Twin Strike+1"],"picked":"SKIP","floor":47},{"not_picked":["Armaments"],"picked":"SKIP","floor":48}],"player_experience":694071,"relics_obtained":[{"floor":9,"key":"Darkstone Periapt"},{"floor":26,"key":"Kunai"},{"floor":40,"key":"Potion Belt"},{"floor":43,"key":"Vajra"},{"floor":44,"key":"Strawberry"},{"floor":48,"key":"MawBank"}],"event_choices":[{"damage_healed":0,"gold_gain":0,"player_choice":"Entered Light","damage_taken":16,"max_hp_gain":0,"max_hp_loss":0,"event_name":"Shining Light","floor":2,"gold_loss":0,"cards_upgraded":["Defend_R","Defend_R"]},{"damage_healed":0,"gold_gain":175,"player_choice":"AGREE","damage_taken":0,"max_hp_gain":0,"max_hp_loss":0,"event_name":"Liars Game","floor":4,"gold_loss":0,"cards_obtained":["Doubt"]},{"damage_healed":0,"gold_gain":0,"player_choice":"Donut","damage_taken":0,"max_hp_gain":5,"max_hp_loss":0,"event_name":"Big Fish","floor":5,"gold_loss":0},{"damage_healed":0,"gold_gain":0,"player_choice":"Success","damage_taken":3,"relics_obtained":["Ornamental Fan"],"max_hp_gain":0,"max_hp_loss":0,"event_name":"Scrap Ooze","floor":13,"gold_loss":0},{"damage_healed":0,"gold_gain":0,"player_choice":"Ignored","damage_taken":0,"max_hp_gain":0,"max_hp_loss":0,"event_name":"Vampires","floor":19,"gold_loss":0},{"damage_healed":0,"gold_gain":0,"player_choice":"Opened","damage_taken":0,"relics_obtained":["Meat on the Bone"],"max_hp_gain":0,"max_hp_loss":0,"event_name":"The Mausoleum","floor":20,"gold_loss":0,"cards_obtained":["Writhe"]},{"cards_removed":["Strike_R"],"damage_healed":0,"gold_gain":0,"player_choice":"Elegance","damage_taken":0,"max_hp_gain":0,"max_hp_loss":0,"event_name":"Back to Basics","floor":22,"gold_loss":0},{"cards_removed":["Strike_R"],"damage_healed":0,"gold_gain":0,"player_choice":"Upgrade and Remove","damage_taken":0,"max_hp_gain":0,"max_hp_loss":0,"event_name":"Designer","floor":36,"gold_loss":90,"cards_upgraded":["Shrug It Off"]},{"cards_removed":["Defend_R"],"damage_healed":0,"gold_gain":0,"player_choice":"Offered Basic","damage_taken":0,"max_hp_gain":0,"max_hp_loss":0,"event_name":"Bonfire Elementals","floor":37,"gold_loss":0},{"damage_healed":0,"gold_gain":0,"player_choice":"Paid","damage_taken":0,"relics_obtained":["Red Mask"],"max_hp_gain":0,"max_hp_loss":0,"event_name":"Tomb of Lord Red Mask","floor":38,"gold_loss":32},{"damage_healed":0,"gold_gain":0,"player_choice":"Embrace Madness","damage_taken":15,"max_hp_gain":0,"max_hp_loss":0,"event_name":"Winding Halls","floor":39,"gold_loss":0,"cards_obtained":["Madness","Madness"]}],"is_beta":false,"boss_relics":[{"not_picked":["Snecko Eye","Philosopher\u0027s Stone"],"picked":"Busted Crown"},{"not_picked":["Orrery","Black Blood"],"picked":"Empty Cage"}],"items_purged_floors":[11,21,29],"is_endless":false,"potions_floor_spawned":[3,7,14,27,28,33,40,42,48],"ascension_level":0}