{"gold_per_floor":[115,115,135,135,62,62,62,95,95,110,133,157,6,42,42,166,166,182,182,281,304,304,344,344,394,442,472,517,140,156,156],"floor_reached":31,"playtime":2408,"items_purged":["Writhe"],"score":370,"play_id":"34be3edb-dff7-4d25-bab5-7d55961ebc88","local_time":"20181208132208","is_ascension_mode":true,"campfire_choices":[{"data":"Infinite Blades","floor":6,"key":"SMITH"},{"data":"Envenom","floor":15,"key":"SMITH"},{"data":"Noxious Fumes","floor":24,"key":"SMITH"}],"neow_cost":"NONE","seed_source_timestamp":1262819637002480,"circlet_count":0,"master_deck":["Defend_G","Defend_G","Defend_G","Defend_G","Defend_G","Strike_G+1","Strike_G","Strike_G+1","Strike_G+1","Strike_G+1","Survivor","Neutralize+1","Acrobatics","Infinite Blades+1","Dash","Blur","Dagger Throw","Cloak And Dagger","Dagger Spray","Envenom+1","Unload","Noxious Fumes+1","J.A.X.","Escape Plan","Terror+1","Writhe","Dagger Throw+1","Slice+1","Well Laid Plans","Noxious Fumes+1","Expertise"],"relics":["Ring of the Snake","NeowsBlessing","Golden Idol","Whetstone","Ornamental Fan","Vajra","Gremlin Horn","Cursed Key","The Courier","Molten Egg 2","MawBank","Strawberry","DollysMirror","Orichalcum"],"potions_floor_usage":[16,16,16,28,30],"damage_taken":[{"damage":0,"enemies":"Small Slimes","floor":1,"turns":1},{"damage":0,"enemies":"Jaw Worm","floor":3,"turns":1},{"damage":0,"enemies":"Gremlin Nob","floor":8,"turns":1},{"damage":0,"enemies":"2 Louse","floor":10,"turns":3},{"damage":6,"enemies":"Exordium Wildlife","floor":11,"turns":5},{"damage":4,"enemies":"3 Louse","floor":12,"turns":3},{"damage":8,"enemies":"3 Sentries","floor":14,"turns":5},{"damage":32,"enemies":"The Guardian","floor":16,"turns":8},{"damage":6,"enemies":"Shell Parasite","floor":18,"turns":4},{"damage":3,"enemies":"Chosen","floor":21,"turns":4},{"damage":8,"enemies":"Gremlin Leader","floor":23,"turns":5},{"damage":6,"enemies":"Snecko","floor":27,"turns":4},{"damage":30,"enemies":"Slavers","floor":28,"turns":4},{"damage":16,"enemies":"Snake Plant","floor":30,"turns":5},{"damage":12,"enemies":"Sentry and Sphere","floor":31,"turns":3}],"seed_played":"6909116782795921988","potions_obtained":[{"floor":10,"key":"Strength Potion"},{"floor":11,"key":"Energy Potion"},{"floor":14,"key":"Ancient Potion"},{"floor":18,"key":"LiquidBronze"},{"floor":28,"key":"SneckoOil"},{"floor":30,"key":"LiquidBronze"}],"is_trial":false,"path_per_floor":["M","?","M","?","$","R","?","E","T","M","M","M","$","E","R","B",null,"M","?","?","M","?","E","R","?","T","M","E","$","M","M"],"character_chosen":"THE_SILENT","items_purchased":["Dash","Vajra","Well Laid Plans","DollysMirror","Orichalcum"],"campfire_rested":0,"item_purchase_floors":[5,13,29,29,29],"current_hp_per_floor":[70,70,70,65,65,65,52,52,52,52,46,42,42,34,34,2,65,59,59,59,56,56,48,48,48,48,42,19,19,3,0],"gold":156,"neow_bonus":"THREE_ENEMY_KILL","is_prod":false,"is_daily":false,"chose_seed":false,"campfire_upgraded":3,"win_rate":0,"timestamp":1544293328,"path_taken":["M","?","M","?","$","R","?","E","T","M","M","M","$","E","R","BOSS","M","?","?","M","?","E","R","?","T","M","E","$","M","?"],"build_version":"2018-12-06","purchased_purges":1,"victory":false,"max_hp_per_floor":[70,70,70,65,65,65,65,65,65,65,65,65,65,65,65,65,65,65,65,65,65,65,65,65,65,65,65,72,72,72,72],"card_choices":[{"not_picked":["PiercingWail","Underhanded Strike"],"picked":"Acrobatics","floor":1},{"not_picked":["Deadly Poison","Leg Sweep"],"picked":"Infinite Blades","floor":3},{"not_picked":["Reflex","Deadly Poison"],"picked":"Blur","floor":8},{"not_picked":["Dodge and Roll","Deadly Poison"],"picked":"Dagger Throw","floor":10},{"not_picked":["Backflip","Concentrate"],"picked":"Cloak And Dagger","floor":11},{"not_picked":["Riddle With Holes","Outmaneuver"],"picked":"Dagger Spray","floor":12},{"not_picked":["Calculated Gamble","Infinite Blades"],"picked":"Envenom","floor":14},{"not_picked":["Malaise","Glass Knife"],"picked":"Unload","floor":16},{"not_picked":["Blur","Eviscerate+1"],"picked":"Noxious Fumes","floor":18},{"not_picked":["Sucker Punch","Bane"],"picked":"Escape Plan","floor":21},{"not_picked":["Cloak And Dagger","Masterful Stab"],"picked":"Terror+1","floor":23},{"not_picked":["Eviscerate+1","Reflex"],"picked":"Dagger Throw+1","floor":27},{"not_picked":["Deadly Poison","Backflip"],"picked":"Slice+1","floor":28},{"not_picked":["Blade Dance","Cloak And Dagger"],"picked":"Expertise","floor":30}],"player_experience":247024,"relics_obtained":[{"floor":8,"key":"Whetstone"},{"floor":9,"key":"Ornamental Fan"},{"floor":14,"key":"Gremlin Horn"},{"floor":23,"key":"Molten Egg 2"},{"floor":26,"key":"MawBank"},{"floor":28,"key":"Strawberry"}],"event_choices":[{"damage_healed":0,"gold_gain":0,"player_choice":"Grow","damage_taken":0,"max_hp_gain":0,"max_hp_loss":0,"event_name":"Living Wall","floor":2,"gold_loss":0,"cards_upgraded":["Neutralize"]},{"damage_healed":0,"gold_gain":0,"player_choice":"Lose Max HP","damage_taken":0,"relics_obtained":["Golden Idol"],"max_hp_gain":0,"max_hp_loss":5,"event_name":"Golden Idol","floor":4,"gold_loss":0},{"damage_healed":0,"gold_gain":0,"player_choice":"Entered Light","damage_taken":13,"max_hp_gain":0,"max_hp_loss":0,"event_name":"Shining Light","floor":7,"gold_loss":0,"cards_upgraded":["Strike_G","Strike_G"]},{"damage_healed":0,"gold_gain":0,"player_choice":"Obtain J.A.X.","damage_taken":0,"max_hp_gain":0,"max_hp_loss":0,"event_name":"Drug Dealer","floor":19,"gold_loss":0,"cards_obtained":["J.A.X."]},{"damage_healed":0,"gold_gain":99,"player_choice":"Stole From Cult","damage_taken":0,"max_hp_gain":0,"max_hp_loss":0,"event_name":"Nest","floor":20,"gold_loss":0},{"damage_healed":0,"gold_gain":0,"player_choice":"Opened","damage_taken":0,"relics_obtained":["The Courier"],"max_hp_gain":0,"max_hp_loss":0,"event_name":"The Mausoleum","floor":22,"gold_loss":0,"cards_obtained":["Writhe"]},{"damage_healed":0,"gold_gain":100,"player_choice":"Bet on Murderer","damage_taken":0,"max_hp_gain":0,"max_hp_loss":0,"event_name":"The Joust","floor":25,"gold_loss":50}],"is_beta":false,"boss_relics":[{"not_picked":["Empty Cage","Runic Dome"],"picked":"Cursed Key"}],"items_purged_floors":[29],"is_endless":false,"potions_floor_spawned":[10,11,14,18,28,30],"killed_by":"Sentry and Sphere","ascension_level":4}