{"gold_per_floor":[117,117,15,30,43,43,71,71,94,113,113,113,288,299,299,401,401,412,186,196,212,212],"floor_reached":22,"playtime":1981,"items_purged":[],"score":233,"play_id":"2a515038-d5b0-4d79-be59-0870e9715c42","local_time":"20190220212334","is_ascension_mode":true,"campfire_choices":[{"data":"Neutralize","floor":6,"key":"SMITH"},{"floor":8,"key":"REST"},{"floor":15,"key":"REST"}],"neow_cost":"CURSE","seed_source_timestamp":8585564604567,"circlet_count":0,"master_deck":["Defend_G","Defend_G","Defend_G","Defend_G+1","Defend_G","Strike_G","Strike_G","Strike_G","Strike_G","Survivor","Neutralize+1","Slice","Flying Knee","Cloak And Dagger","Predator","Cloak And Dagger","Tools of the Trade+1","Backflip","Terror","Doubt","Die Die Die","Die Die Die","PiercingWail","Infinite Blades","Impatience","Havoc"],"relics":["Ring of the Snake","Gambling Chip","Oddly Smooth Stone","Centennial Puzzle","HoveringKite","PrismaticShard"],"potions_floor_usage":[16],"damage_taken":[{"damage":2,"enemies":"Jaw Worm","floor":1,"turns":6},{"damage":1,"enemies":"Small Slimes","floor":4,"turns":4},{"damage":4,"enemies":"2 Louse","floor":5,"turns":2},{"damage":29,"enemies":"3 Sentries","floor":7,"turns":13},{"damage":4,"enemies":"Exordium Thugs","floor":10,"turns":4},{"damage":1,"enemies":"Lots of Slimes","floor":14,"turns":4},{"damage":16,"enemies":"Hexaghost","floor":16,"turns":10},{"damage":4,"enemies":"2 Thieves","floor":18,"turns":3},{"damage":9,"enemies":"Shell Parasite","floor":20,"turns":5},{"damage":12,"enemies":"Centurion and Healer","floor":21,"turns":5},{"damage":23,"enemies":"Snake Plant","floor":22,"turns":4}],"seed_played":"-6540350190369346825","potions_obtained":[{"floor":5,"key":"SteroidPotion"},{"floor":14,"key":"SpeedPotion"},{"floor":20,"key":"Strength Potion"},{"floor":21,"key":"Explosive Potion"}],"is_trial":false,"path_per_floor":["M","?","$","M","M","R","E","R","T","M","?","?","?","M","R","B",null,"M","$","M","M","M"],"character_chosen":"THE_SILENT","items_purchased":["Flying Knee","Cloak And Dagger","Infinite Blades","PrismaticShard"],"campfire_rested":2,"item_purchase_floors":[3,3,19,19],"current_hp_per_floor":[68,61,61,60,56,56,27,48,48,44,44,30,30,29,50,34,61,57,57,48,36,13],"gold":212,"neow_bonus":"ONE_RARE_RELIC","is_prod":false,"is_daily":false,"chose_seed":false,"campfire_upgraded":1,"win_rate":0,"timestamp":1550697814,"path_taken":["M","?","$","M","M","R","E","R","T","M","?","?","?","M","R","BOSS","M","$","M","M","M"],"build_version":"2019-01-23","purchased_purges":0,"victory":false,"max_hp_per_floor":[70,70,70,70,70,70,70,70,70,70,70,70,70,70,70,70,70,70,70,70,70,70],"card_choices":[{"not_picked":["Catalyst","Underhanded Strike"],"picked":"Slice","floor":1},{"not_picked":["Acrobatics","Well Laid Plans"],"picked":"Predator","floor":4},{"not_picked":["Calculated Gamble","Bane"],"picked":"Cloak And Dagger","floor":5},{"not_picked":["Sucker Punch","Deadly Poison"],"picked":"Tools of the Trade","floor":7},{"not_picked":["Riddle With Holes","Slice"],"picked":"Backflip","floor":10},{"not_picked":["Underhanded Strike","Quick Slash"],"picked":"Die Die Die","floor":14},{"not_picked":["Phantasmal Killer","Grand Finale"],"picked":"Die Die Die","floor":16},{"not_picked":["Blade Dance","All Out Attack"],"picked":"PiercingWail","floor":18},{"not_picked":["Aggregate+1","Go for the Eyes+1"],"picked":"Impatience","floor":20},{"not_picked":["Steam+1","Sentinel"],"picked":"Havoc","floor":21}],"player_experience":536180,"relics_obtained":[{"floor":7,"key":"Oddly Smooth Stone"},{"floor":9,"key":"Centennial Puzzle"}],"event_choices":[{"cards_removed":["Injury"],"damage_healed":0,"gold_gain":0,"player_choice":"Card Removal","damage_taken":7,"max_hp_gain":0,"max_hp_loss":0,"event_name":"Golden Wing","floor":2,"gold_loss":0},{"damage_healed":0,"gold_gain":0,"cards_transformed":["Strike_G"],"player_choice":"Change","damage_taken":0,"max_hp_gain":0,"max_hp_loss":0,"event_name":"Living Wall","floor":11,"gold_loss":0,"cards_obtained":["Terror"]},{"damage_healed":0,"gold_gain":0,"player_choice":"Entered Light","damage_taken":14,"max_hp_gain":0,"max_hp_loss":0,"event_name":"Shining Light","floor":12,"gold_loss":0,"cards_upgraded":["Defend_G","Tools of the Trade"]},{"damage_healed":0,"gold_gain":175,"player_choice":"AGREE","damage_taken":0,"max_hp_gain":0,"max_hp_loss":0,"event_name":"Liars Game","floor":13,"gold_loss":0,"cards_obtained":["Doubt"]}],"is_beta":false,"boss_relics":[{"not_picked":["Busted Crown","Philosopher\u0027s Stone"],"picked":"HoveringKite"}],"items_purged_floors":[],"is_endless":false,"potions_floor_spawned":[5,14,20,21],"killed_by":"Snake Plant","ascension_level":5}