{"gold_per_floor":[115,115,115,115,40,40,74,88,113,113,147,147,158,171,171,244,244,259,270,170,181,106,139,139,139],"floor_reached":25,"playtime":614,"items_purged":["Defend_R","Regret"],"score":558,"play_id":"4c9e20cd-7052-4eb6-b14f-5c6e92e92811","local_time":"20190303161559","is_ascension_mode":true,"campfire_choices":[{"data":"Inflame","floor":6,"key":"SMITH"},{"data":"Bash","floor":10,"key":"SMITH"},{"data":"Heavy Blade","floor":12,"key":"SMITH"},{"data":"Sword Boomerang","floor":15,"key":"SMITH"},{"data":"Limit Break","floor":24,"key":"SMITH"}],"neow_cost":"NONE","seed_source_timestamp":154541728772693,"circlet_count":0,"master_deck":["AscendersBane","Strike_R","Strike_R","Strike_R","Defend_R","Defend_R","Defend_R","Bash+1","Inflame+1","Spot Weakness","Heavy Blade+1","Sword Boomerang+1","Limit Break+1","Intimidate","Battle Trance"],"relics":["Burning Blood","NeowsBlessing","Oddly Smooth Stone","Omamori","Boot","Calling Bell","Bag of Marbles","Shuriken","FossilizedHelix","Shovel"],"potions_floor_usage":[16,18,23,23],"damage_taken":[{"damage":0,"enemies":"Small Slimes","floor":1,"turns":1},{"damage":0,"enemies":"Lagavulin","floor":7,"turns":1},{"damage":0,"enemies":"2 Louse","floor":8,"turns":1},{"damage":8,"enemies":"Gremlin Nob","floor":11,"turns":3},{"damage":7,"enemies":"Jaw Worm","floor":13,"turns":3},{"damage":4,"enemies":"2 Fungi Beasts","floor":14,"turns":3},{"damage":42,"enemies":"Hexaghost","floor":16,"turns":6},{"damage":21,"enemies":"3 Byrds","floor":18,"turns":4},{"damage":4,"enemies":"Shell Parasite","floor":19,"turns":3},{"damage":23,"enemies":"Centurion and Healer","floor":21,"turns":4},{"damage":22,"enemies":"Slavers","floor":23,"turns":3},{"damage":25,"enemies":"Cultist and Chosen","floor":25,"turns":3}],"seed_played":"8626979955614024140","potions_obtained":[{"floor":8,"key":"SneckoOil"},{"floor":11,"key":"PowerPotion"},{"floor":14,"key":"SkillPotion"},{"floor":16,"key":"Fire Potion"},{"floor":19,"key":"GamblersBrew"},{"floor":21,"key":"Energy Potion"}],"is_trial":false,"path_per_floor":["M","?","?","?","$","R","E","M","T","R","E","R","M","M","R","B",null,"M","M","$","M","?","E","R","M"],"character_chosen":"IRONCLAD","items_purchased":[],"campfire_rested":0,"item_purchase_floors":[],"current_hp_per_floor":[74,67,67,72,72,72,78,80,80,80,78,78,77,79,79,43,71,56,58,58,41,41,25,25,0],"gold":139,"neow_bonus":"THREE_ENEMY_KILL","is_prod":false,"is_daily":false,"chose_seed":false,"campfire_upgraded":5,"win_rate":0,"timestamp":1551597359,"path_taken":["M","?","?","?","?","R","E","M","T","R","E","R","M","M","R","BOSS","M","M","$","M","?","E","R","M"],"build_version":"2019-01-23","purchased_purges":2,"victory":false,"max_hp_per_floor":[75,75,75,80,80,80,80,80,80,80,80,80,80,80,80,80,80,80,80,80,80,80,80,80,80],"card_choices":[{"not_picked":["Perfected Strike","Sentinel"],"picked":"Inflame","floor":1},{"not_picked":["Reckless Charge","Bloodletting"],"picked":"Spot Weakness","floor":7},{"not_picked":["Armaments","Body Slam","Flex"],"picked":"SKIP","floor":8},{"not_picked":["Clash","True Grit"],"picked":"Heavy Blade","floor":11},{"not_picked":["Metallicize","Twin Strike"],"picked":"Sword Boomerang","floor":13},{"not_picked":["Anger","Clash","Armaments"],"picked":"SKIP","floor":14},{"not_picked":["Offering","Impervious"],"picked":"Limit Break","floor":16},{"not_picked":["True Grit","Anger+1","Shockwave"],"picked":"SKIP","floor":18},{"not_picked":["Clothesline","Evolve","Anger"],"picked":"SKIP","floor":19},{"not_picked":["Warcry","Sentinel"],"picked":"Intimidate","floor":21},{"not_picked":["Brutality","Flex"],"picked":"Battle Trance","floor":23}],"player_experience":1040067,"relics_obtained":[{"floor":7,"key":"Oddly Smooth Stone"},{"floor":9,"key":"Omamori"},{"floor":11,"key":"Boot"},{"floor":17,"key":"Bag of Marbles"},{"floor":17,"key":"Shuriken"},{"floor":17,"key":"FossilizedHelix"},{"floor":23,"key":"Shovel"}],"event_choices":[{"cards_removed":["Strike_R"],"damage_healed":0,"gold_gain":0,"player_choice":"Card Removal","damage_taken":7,"max_hp_gain":0,"max_hp_loss":0,"event_name":"Golden Wing","floor":2,"gold_loss":0},{"damage_healed":0,"gold_gain":0,"player_choice":"Ignored","damage_taken":0,"max_hp_gain":0,"max_hp_loss":0,"event_name":"Liars Game","floor":3,"gold_loss":0},{"damage_healed":0,"gold_gain":0,"player_choice":"Donut","damage_taken":0,"max_hp_gain":5,"max_hp_loss":0,"event_name":"Big Fish","floor":4,"gold_loss":0},{"cards_removed":["Strike_R"],"damage_healed":0,"gold_gain":0,"player_choice":"Gave Gold","damage_taken":0,"max_hp_gain":0,"max_hp_loss":0,"event_name":"Beggar","floor":22,"gold_loss":75}],"is_beta":false,"boss_relics":[{"not_picked":["Empty Cage","Fusion Hammer"],"picked":"Calling Bell"}],"items_purged_floors":[5,20],"is_endless":false,"potions_floor_spawned":[8,11,14,16,19,21],"killed_by":"Cultist and Chosen","ascension_level":20}