{"path_per_floor":["M","M","$","M","?","E","R","M","T","M","?","R","M","M","R","B",null,"M","?","M","M","M","R","M","R","T","M","$","R","M","M","R"],"character_chosen":"IRONCLAD","items_purchased":["Wild Strike","Shrug It Off","Flex"],"gold_per_floor":[112,126,1,14,189,216,216,232,232,242,242,242,259,272,272,368,368,382,282,255,273,288,288,302,302,302,314,121,121,137,156,156,156],"floor_reached":33,"campfire_rested":3,"playtime":1467,"current_hp_per_floor":[80,80,80,80,80,59,59,52,52,51,51,51,41,45,45,41,80,76,76,55,40,33,57,22,46,46,49,49,49,31,9,33,0],"items_purged":["Defend_R","Barricade"],"gold":156,"score":281,"play_id":"90f75dec-8a86-4582-bd4b-af811c571421","local_time":"20180412022432","is_prod":false,"is_daily":false,"is_ascension_mode":false,"campfire_upgraded":4,"timestamp":1523514272,"path_taken":["M","M","$","M","?","E","R","M","T","M","?","R","M","M","R","BOSS","M","?","?","M","?","R","M","R","T","M","?","R","M","M","R","BOSS"],"build_version":"2018-04-05v2","purchased_purges":2,"victory":false,"master_deck":["Strike_R","Strike_R","Strike_R+1","Strike_R+1","Strike_R","Bash","Twin Strike+1","Wild Strike+1","Doubt","Shrug It Off","Pommel Strike+1","Normality","Twin Strike","Pommel Strike+1","Fiend Fire","Corruption+1","Ghostly Armor+1","Flame Barrier+1","J.A.X.","Flex","Wild Strike","Spot Weakness","Cleave+1","Flex","Shrug It Off","Flex","Shrug It Off","Twin Strike","Shrug It Off"],"max_hp_per_floor":[80,80,80,80,80,80,80,80,80,80,80,80,80,80,80,80,80,80,80,80,80,80,80,80,80,80,80,80,80,80,80,80,80],"relics":["Burning Blood","NeowsBlessing","Dream Catcher","Whetstone","Oddly Smooth Stone","Astrolabe","Du-Vu Doll"],"card_choices":[{"not_picked":["Rampage","Spot Weakness"],"picked":"Twin Strike","floor":2},{"not_picked":["Pommel Strike","Bloodletting"],"picked":"Shrug It Off","floor":8},{"not_picked":["Disarm","Iron Wave"],"picked":"Pommel Strike","floor":10},{"not_picked":["Battle Trance","Clothesline"],"picked":"Twin Strike","floor":13},{"not_picked":["Exhume","Dropkick"],"picked":"Pommel Strike","floor":14},{"not_picked":["Impervious","Brutality"],"picked":"Fiend Fire","floor":16},{"not_picked":["Armaments","Heavy Blade"],"picked":"Flame Barrier","floor":18},{"not_picked":["Warcry","Heavy Blade"],"picked":"Flex","floor":21},{"not_picked":["Entrench","Infernal Blade"],"picked":"Wild Strike","floor":23},{"not_picked":["Twin Strike","True Grit"],"picked":"Spot Weakness","floor":24},{"not_picked":["Hemokinesis","Sever Soul"],"picked":"Cleave","floor":25},{"not_picked":["Body Slam","Wild Strike"],"picked":"Flex","floor":27},{"not_picked":["Wild Strike","Heavy Blade"],"picked":"Shrug It Off","floor":30},{"not_picked":["Thunderclap","Reckless Charge"],"picked":"Twin Strike","floor":31},{"not_picked":["Exhume","Rage"],"picked":"Shrug It Off","floor":32}],"player_experience":434552,"potions_floor_usage":[16,16,21,27,31,33],"damage_taken":[{"damage":0,"enemies":"2 Louse","floor":1,"turns":1},{"damage":0,"enemies":"Jaw Worm","floor":2,"turns":1},{"damage":0,"enemies":"Cultist","floor":4,"turns":1},{"damage":27,"enemies":"Gremlin Nob","floor":6,"turns":4},{"damage":13,"enemies":"Lots of Slimes","floor":8,"turns":4},{"damage":7,"enemies":"Blue Slaver","floor":10,"turns":3},{"damage":16,"enemies":"Gremlin Gang","floor":13,"turns":5},{"damage":2,"enemies":"Lots of Slimes","floor":14,"turns":4},{"damage":10,"enemies":"Slime Boss","floor":16,"turns":5},{"damage":10,"enemies":"Spheric Guardian","floor":18,"turns":3},{"damage":27,"enemies":"2 Thieves","floor":20,"turns":5},{"damage":21,"enemies":"Cultist and Chosen","floor":21,"turns":6},{"damage":13,"enemies":"Centurion and Healer","floor":22,"turns":7},{"damage":41,"enemies":"Sentry and Sphere","floor":24,"turns":6},{"damage":3,"enemies":"Chosen and Byrds","floor":27,"turns":4},{"damage":24,"enemies":"Snake Plant","floor":30,"turns":2},{"damage":28,"enemies":"Slaver and Parasite","floor":31,"turns":5},{"damage":34,"enemies":"Collector","floor":33,"turns":3}],"event_choices":[{"event_name":"Liars Game","player_choice":"agreed","floor":5,"damage_taken":0},{"event_name":"Accursed Blacksmith","player_choice":"Rummage","floor":11,"damage_taken":0},{"event_name":"Drug Dealer","player_choice":"Got JAXXED","floor":19,"damage_taken":0}],"boss_relics":[{"not_picked":["White Beast Statue","Snecko Eye"],"picked":"Astrolabe"}],"potions_floor_spawned":[1,6,8,10,14,18,21,24,31],"seed_played":"8255399119872581005","killed_by":"Collector","ascension_level":0,"is_trial":false}