{"gold_per_floor":[114,74,74,26,43,43,43,53,80,93,268,278,292,320,320,420,420,438,456,470,470,470,470,482,498,498,510,129,129],"floor_reached":29,"playtime":1672,"items_purged":["Strike_B"],"score":219,"play_id":"1261e2e4-e88c-4dea-a45a-8f255d6c022c","local_time":"20180626221252","is_ascension_mode":false,"campfire_choices":[{"data":"Heatsinks","floor":6,"key":"SMITH"},{"data":"Defragment","floor":15,"key":"SMITH"},{"floor":23,"key":"REST"}],"neow_cost":"NONE","seed_source_timestamp":1138284630803038,"circlet_count":0,"master_deck":["Strike_B","Strike_B","Defend_B","Defend_B","Zap+1","Dualcast","Cold Snap","Blizzard+1","Cold Snap","Heatsinks+1","Glacier","Sunder","Defragment+1","Cold Snap","Genetic Algorithm","Rainbow","Rip and Tear+1","Redo+1","Defragment+1","Gash+1","Hello World","Ball Lightning","Barrage","Chaos+1","Blizzard","Heatsinks"],"relics":["Cracked Core","Blood Vial","Omamori","Odd Mushroom","Astrolabe","Nilry\u0027s Codex","Du-Vu Doll","Bag of Preparation"],"potions_floor_usage":[24,27,29],"damage_taken":[{"damage":0,"enemies":"Small Slimes","floor":1,"turns":3},{"damage":2,"enemies":"2 Louse","floor":5,"turns":2},{"damage":0,"enemies":"Cultist","floor":8,"turns":3},{"damage":0,"enemies":"Blue Slaver","floor":10,"turns":4},{"damage":13,"enemies":"Red Slaver","floor":12,"turns":3},{"damage":1,"enemies":"2 Fungi Beasts","floor":13,"turns":3},{"damage":0,"floor":14,"turns":4},{"damage":21,"enemies":"Hexaghost","floor":16,"turns":15},{"damage":21,"enemies":"3 Byrds","floor":18,"turns":6},{"damage":22,"enemies":"Spheric Guardian","floor":19,"turns":4},{"damage":15,"enemies":"3 Cultists","floor":20,"turns":4},{"damage":0,"enemies":"Cultist and Chosen","floor":24,"turns":6},{"damage":10,"enemies":"Snake Plant","floor":25,"turns":4},{"damage":9,"enemies":"3 Cultists","floor":27,"turns":4},{"damage":34,"enemies":"Slaver and Parasite","floor":29,"turns":2}],"seed_played":"-1024937622393888432","potions_obtained":[{"floor":5,"key":"SteroidPotion"},{"floor":8,"key":"GamblersBrew"},{"floor":14,"key":"FairyPotion"},{"floor":19,"key":"AttackPotion"},{"floor":24,"key":"AttackPotion"}],"is_trial":false,"path_per_floor":["M","$","?","$","M","R","?","M","T","M","?","M","M","?","R","B",null,"M","M","M","?","?","R","M","M","T","M","$"],"character_chosen":"DEFECT","items_purchased":["Blizzard","Cold Snap","Blizzard","Bag of Preparation","Heatsinks"],"campfire_rested":1,"item_purchase_floors":[2,4,28,28,28],"current_hp_per_floor":[75,75,72,72,72,72,72,74,74,75,75,62,63,65,65,46,75,54,34,21,5,5,27,29,21,21,14,14,0],"gold":129,"neow_bonus":"UPGRADE_CARD","is_prod":false,"is_daily":false,"chose_seed":false,"campfire_upgraded":2,"win_rate":0,"timestamp":1530065572,"path_taken":["M","$","?","$","M","R","?","M","T","?","?","?","M","?","R","BOSS","M","M","?","?","?","R","M","M","T","?","$","M"],"build_version":"2018-06-21v2","purchased_purges":1,"victory":false,"max_hp_per_floor":[75,75,75,75,75,75,75,75,75,75,75,75,75,75,75,75,75,75,75,75,75,75,75,75,75,75,75,75,75],"card_choices":[{"not_picked":["Scrape","Compile Driver"],"picked":"Cold Snap","floor":1},{"not_picked":["Steam","White Noise"],"picked":"Heatsinks","floor":5},{"not_picked":["Blizzard","Hologram"],"picked":"Glacier","floor":8},{"not_picked":["Beam Cell","Chaos"],"picked":"Sunder","floor":10},{"not_picked":["Double Energy","Genetic Algorithm"],"picked":"Defragment","floor":12},{"not_picked":["Streamline","Lockon"],"picked":"Cold Snap","floor":13},{"not_picked":["Skim","FTL"],"picked":"Genetic Algorithm","floor":14},{"not_picked":["Seek","Buffer"],"picked":"Rainbow","floor":16},{"not_picked":["Sweeping Beam+1","Ball Lightning"],"picked":"Gash+1","floor":18},{"not_picked":["Stack","Ball Lightning"],"picked":"Hello World","floor":19},{"not_picked":["Auto Shields+1","Turbo"],"picked":"Ball Lightning","floor":20},{"not_picked":["Recycle+1","Rebound"],"picked":"Barrage","floor":24},{"not_picked":["Ball Lightning","Streamline+1"],"picked":"Chaos+1","floor":25},{"not_picked":["Streamline+1","Meteor Strike","Force Field"],"picked":"SKIP","floor":27}],"player_experience":527937,"relics_obtained":[{"floor":9,"key":"Omamori"},{"floor":14,"key":"Odd Mushroom"},{"floor":21,"key":"Nilry\u0027s Codex"},{"floor":26,"key":"Du-Vu Doll"}],"event_choices":[{"event_name":"Scrap Ooze","player_choice":"success","floor":3,"damage_taken":3},{"event_name":"Upgrade Shrine","player_choice":"Upgraded","floor":7,"damage_taken":0},{"event_name":"Liars Game","player_choice":"agreed","floor":11,"damage_taken":0},{"event_name":"Mushrooms","player_choice":"Fought Mushrooms","floor":14,"damage_taken":0},{"event_name":"Cursed Tome","player_choice":"Obtained Book","floor":21,"damage_taken":0},{"event_name":"Forgotten Altar","player_choice":"Smashed Altar","floor":22,"damage_taken":0}],"boss_relics":[{"not_picked":["White Beast Statue","Runic Pyramid"],"picked":"Astrolabe"}],"items_purged_floors":[28],"is_endless":false,"potions_floor_spawned":[5,8,14,19,20,24],"killed_by":"Slaver and Parasite","ascension_level":0}