{"path_per_floor":["M","?","$","M","?","E","M","M","T","R","M","R","$","M","R","B",null,"M","$","M","?","?","R","M","?","T","R","$","M","$","?","R","B",null,"M","?","$","M","?","R","M","R","T","M","?","M","R","$","R","B"],"character_chosen":"IRONCLAD","items_purchased":["Flex","Rupture","Inflame","Offering","Cleave"],"gold_per_floor":[112,112,26,36,36,67,78,89,139,139,150,150,75,85,85,188,188,204,31,51,51,51,51,62,62,62,62,62,76,76,76,76,176,176,187,187,25,35,0,0,17,17,17,36,36,51,51,5,5,5],"floor_reached":51,"campfire_rested":5,"playtime":1929,"current_hp_per_floor":[80,80,80,80,64,67,68,69,69,69,59,59,59,58,58,15,80,62,62,52,37,37,62,46,46,46,71,71,74,74,74,74,18,85,47,47,47,32,32,57,49,49,49,37,37,34,59,59,84,50],"items_purged":["Strike_R","Strike_R"],"gold":5,"score":571,"play_id":"31d88e66-a768-4d47-8f98-803617fea7a6","is_prod":false,"is_daily":false,"is_ascension_mode":false,"campfire_upgraded":5,"path_taken":["M","?","$","M","?","E","?","M","T","R","M","R","?","?","R","BOSS","M","$","M","?","?","R","?","?","T","R","$","M","$","?","R","BOSS","M","?","$","M","?","R","?","R","T","?","?","M","R","?","R","BOSS"],"build_version":"2018-02-15-PROD1","purchased_purges":3,"victory":true,"master_deck":["Strike_R","Strike_R+1","Strike_R","Defend_R+1","Defend_R","Defend_R","Defend_R","Bash","Heavy Blade","Regret","Flex","Rupture+1","Flex","Hemokinesis","Heavy Blade","Hemokinesis+1","Heavy Blade+1","Limit Break+1","Twin Strike","Inflame","Inflame+1","Warcry","Heavy Blade+1","Spot Weakness","Limit Break","Iron Wave+1","Offering","Warcry","Armaments+1","Shrug It Off+1","Inflame","Cleave+1"],"max_hp_per_floor":[80,80,80,80,80,80,80,80,80,80,80,80,80,80,80,80,80,80,80,80,85,85,85,85,85,85,85,85,85,85,85,85,85,85,85,85,85,85,85,85,85,85,85,85,85,85,85,85,85,85],"relics":["Burning Blood","NeowsBlessing","Omamori","Bottled Tornado","Bag of Preparation","Cursed Key","Centennial Puzzle","Mark of Pain","Red Mask","Molten Egg 2"],"card_choices":[{"not_picked":["Armaments","Clothesline"],"picked":"Heavy Blade"},{"not_picked":["Searing Blow","Anger"],"picked":"Flex"},{"not_picked":["Headbutt","Cleave"],"picked":"Hemokinesis"},{"not_picked":["Sentinel","Body Slam"],"picked":"Double Tap"},{"not_picked":["Reckless Charge","Clothesline"],"picked":"Heavy Blade"},{"not_picked":["Body Slam","True Grit"],"picked":"Hemokinesis"},{"not_picked":["Thunderclap","Headbutt"],"picked":"Heavy Blade"},{"not_picked":["Reaper","Berserk"],"picked":"Limit Break"},{"not_picked":["Seeing Red","Cleave"],"picked":"Twin Strike"},{"not_picked":["Thunderclap","Clash"],"picked":"Inflame"},{"not_picked":["Perfected Strike","Feel No Pain"],"picked":"Warcry"},{"not_picked":["Headbutt","Havoc"],"picked":"Spot Weakness"},{"not_picked":["Impervious","Dark Embrace"],"picked":"Limit Break"},{"not_picked":["Havoc","Flex"],"picked":"Iron Wave"},{"not_picked":["Sword Boomerang","Clothesline"],"picked":"Warcry"},{"not_picked":["Headbutt","Clash"],"picked":"Armaments"},{"not_picked":["Clash","Burning Pact"],"picked":"Shrug It Off"},{"not_picked":["Infernal Blade","Heavy Blade"],"picked":"Inflame"}],"player_experience":136062,"potions_floor_usage":[33,50,50],"damage_taken":[{"damage":0,"enemies":"Jaw Worm","floor":1,"turns":1},{"damage":0,"enemies":"Small Slimes","floor":4,"turns":1},{"damage":3,"enemies":"3 Sentries","floor":6,"turns":2},{"damage":5,"enemies":"2 Louse","floor":7,"turns":2},{"damage":5,"enemies":"Large Slime","floor":8,"turns":4},{"damage":16,"enemies":"Lots of Slimes","floor":11,"turns":4},{"damage":7,"enemies":"Exordium Thugs","floor":14,"turns":3},{"damage":49,"enemies":"The Guardian","floor":16,"turns":6},{"damage":24,"enemies":"2 Thieves","floor":18,"turns":3},{"damage":16,"enemies":"3 Byrds","floor":20,"turns":3},{"damage":22,"enemies":"Centurion and Healer","floor":24,"turns":4},{"damage":3,"enemies":"Sentry and Sphere","floor":29,"turns":2},{"damage":62,"enemies":"Automaton","floor":33,"turns":5},{"damage":44,"enemies":"3 Darklings","floor":35,"turns":3},{"damage":21,"enemies":"3 Shapes","floor":38,"turns":3},{"damage":14,"enemies":"Sphere and 2 Shapes","floor":41,"turns":3},{"damage":18,"enemies":"Maw","floor":44,"turns":5},{"damage":9,"enemies":"4 Shapes","floor":46,"turns":3},{"damage":40,"enemies":"Donu and Deca","floor":50,"turns":3}],"event_choices":[{"event_name":"Big Fish","player_choice":"Box","floor":2,"damage_taken":0},{"event_name":"Shining Light","player_choice":"Entered Light","floor":5,"damage_taken":0},{"event_name":"Forgotten Altar","player_choice":"Shed Blood","floor":21,"damage_taken":0},{"event_name":"Vampires","player_choice":"Ignored","floor":22,"damage_taken":0},{"event_name":"The Library","player_choice":"Read","floor":25,"damage_taken":0},{"event_name":"Addict","player_choice":"Ignored","floor":31,"damage_taken":0},{"event_name":"Tomb of Lord Red Mask","player_choice":"Paid","floor":39,"damage_taken":0},{"event_name":"Mysterious Sphere","player_choice":"Ignore","floor":45,"damage_taken":0}],"boss_relics":[{"not_picked":["Runic Cube","Philosopher\u0027s Stone"],"picked":"Cursed Key"},{"not_picked":["Snecko Eye","Question Card"],"picked":"Mark of Pain"}],"potions_floor_spawned":[6,7,8,14,16,24,29,35,41,46],"seed_played":"-8064973661781354195","ascension_level":0,"is_trial":false}