{"gold_per_floor":[117,117,129,141,114,114,144,160,186,197,209,209],"floor_reached":12,"playtime":524,"items_purged":[],"score":144,"play_id":"8b6175c4-37cf-4a8c-ae10-900eef06f8f2","local_time":"20190301162827","is_ascension_mode":true,"campfire_choices":[{"data":"Corruption","floor":6.0,"key":"SMITH"}],"neow_cost":"NONE","seed_source_timestamp":137695445464212,"circlet_count":0,"master_deck":["AscendersBane","Strike_R","Strike_R","Strike_R","Strike_R","Strike_R","Defend_R","Defend_R","Defend_R","Defend_R","Bash","Corruption+1","Rage","True Grit","Sever Soul","Spot Weakness","Carnage"],"special_seed":0,"relics":["Burning Blood","Ancient Tea Set","Omamori","Happy Flower"],"potions_floor_usage":[12],"damage_taken":[{"damage":10.0,"enemies":"Jaw Worm","floor":1.0,"turns":6.0},{"damage":0.0,"enemies":"Cultist","floor":3.0,"turns":3.0},{"damage":4.0,"enemies":"Small Slimes","floor":4.0,"turns":4.0},{"damage":44.0,"enemies":"3 Sentries","floor":7.0,"turns":13.0},{"damage":9.0,"enemies":"Exordium Wildlife","floor":8.0,"turns":4.0},{"damage":8.0,"enemies":"2 Fungi Beasts","floor":10.0,"turns":4.0},{"damage":19.0,"enemies":"Large Slime","floor":11.0,"turns":8.0},{"damage":22,"enemies":"Gremlin Nob","floor":12,"turns":3}],"seed_played":"6922606585886547786","potions_obtained":[{"floor":0.0,"key":"Weak Potion"},{"floor":0.0,"key":"GamblersBrew"},{"floor":0.0,"key":"AttackPotion"},{"floor":3.0,"key":"Swift Potion"}],"is_trial":false,"path_per_floor":["M","?","M","M","$","R","E","M","T","M","M","E"],"character_chosen":"IRONCLAD","items_purchased":["True Grit"],"campfire_rested":0,"item_purchase_floors":[5],"current_hp_per_floor":[64,64,70,72,72,72,34,31,31,29,16,0],"gold":209,"neow_bonus":"THREE_SMALL_POTIONS","is_prod":false,"is_daily":false,"chose_seed":false,"campfire_upgraded":1,"win_rate":0,"timestamp":1551479307,"path_taken":["M","?","M","?","$","R","E","M","T","M","?","E"],"build_version":"2019-01-23","purchased_purges":0,"victory":false,"max_hp_per_floor":[75,75,75,75,75,75,75,75,75,75,75,75],"card_choices":[{"not_picked":["Pommel Strike","Armaments"],"picked":"Ghostly Armor","floor":1.0},{"not_picked":["Cleave","Perfected Strike"],"picked":"Corruption","floor":3.0},{"not_picked":["Intimidate","Brutality"],"picked":"Rage","floor":4.0},{"not_picked":["Sword Boomerang","Iron Wave"],"picked":"Sever Soul","floor":7.0},{"not_picked":["Headbutt","Combust","Heavy Blade"],"picked":"SKIP","floor":8.0},{"not_picked":["Rage","Sword Boomerang"],"picked":"Spot Weakness","floor":10.0},{"not_picked":["Searing Blow","Cleave"],"picked":"Carnage","floor":11.0}],"player_experience":616877,"relics_obtained":[{"floor":7.0,"key":"Omamori"},{"floor":9.0,"key":"Happy Flower"}],"event_choices":[{"cards_removed":["Ghostly Armor"],"damage_healed":0.0,"max_hp_gain":0.0,"max_hp_loss":0.0,"gold_gain":0.0,"event_name":"WeMeetAgain","player_choice":"Gave Card","floor":2.0,"gold_loss":0.0,"damage_taken":0.0,"relics_obtained":["Ancient Tea Set"]}],"is_beta":false,"boss_relics":[],"items_purged_floors":[],"is_endless":false,"potions_floor_spawned":[1,3],"killed_by":"Gremlin Nob","ascension_level":15}