{"gold_per_floor":[116,127,1,17,33,33,47,222,222,222,54,54,77,77,77,77],"floor_reached":16,"playtime":1150,"items_purged":["Strike_R","Strike_R"],"score":90,"play_id":"a31c5b34-d405-4c0e-8507-e297aa41b696","local_time":"20190127163448","is_ascension_mode":false,"campfire_choices":[{"data":"Armaments","floor":6,"key":"SMITH"},{"data":"Bash","floor":10,"key":"SMITH"},{"data":"Exhume","floor":15,"key":"SMITH"}],"neow_cost":"NONE","seed_source_timestamp":623247330476695,"circlet_count":0,"master_deck":["Strike_R","Strike_R","Strike_R","Defend_R","Defend_R","Defend_R","Defend_R","Bash+1","Shrug It Off","Clothesline","Cleave","Armaments+1","Flame Barrier","Second Wind","Doubt","Reaper","Exhume+1"],"relics":["Burning Blood","Question Card","Odd Mushroom","Meat on the Bone"],"potions_floor_usage":[13],"damage_taken":[{"damage":0,"enemies":"Cultist","floor":1,"turns":3},{"damage":1,"enemies":"Small Slimes","floor":2,"turns":4},{"damage":0,"enemies":"2 Louse","floor":4,"turns":3},{"damage":2,"enemies":"Large Slime","floor":5,"turns":6},{"damage":2,"enemies":"Looter","floor":7,"turns":4},{"damage":21,"enemies":"The Mushroom Lair","floor":13,"turns":5},{"damage":95,"enemies":"Slime Boss","floor":16,"turns":14}],"seed_played":"5686762621997582381","potions_obtained":[{"floor":5,"key":"SteroidPotion"}],"is_trial":false,"path_per_floor":["M","M","$","M","M","R","M","?","T","R","$","?","?","T","R","B"],"character_chosen":"IRONCLAD","items_purchased":["Armaments","Reaper"],"campfire_rested":0,"item_purchase_floors":[3,11],"current_hp_per_floor":[80,80,80,80,80,80,80,80,80,80,80,85,80,80,80,0],"gold":77,"neow_bonus":"THREE_CARDS","is_prod":false,"is_daily":false,"chose_seed":false,"campfire_upgraded":3,"win_rate":0,"timestamp":1548606888,"path_taken":["M","M","?","M","M","R","M","?","T","R","$","?","?","?","R","BOSS"],"build_version":"2019-01-23","purchased_purges":2,"victory":false,"max_hp_per_floor":[80,80,80,80,80,80,80,80,80,80,80,85,85,85,85,85],"card_choices":[{"not_picked":["Perfected Strike","Cleave"],"picked":"Shrug It Off","floor":0},{"not_picked":["Anger","Heavy Blade"],"picked":"Clothesline","floor":1},{"not_picked":["Pommel Strike","Searing Blow"],"picked":"Cleave","floor":2},{"not_picked":["Iron Wave","Blood for Blood"],"picked":"Flame Barrier","floor":4},{"not_picked":["Anger","Corruption"],"picked":"Second Wind","floor":5},{"not_picked":["Body Slam","Rupture","Clothesline"],"picked":"SKIP","floor":7},{"not_picked":["Rampage","Shrug It Off","Flame Barrier"],"picked":"Exhume","floor":13}],"player_experience":361094,"relics_obtained":[{"floor":9,"key":"Question Card"},{"floor":13,"key":"Odd Mushroom"},{"floor":14,"key":"Meat on the Bone"}],"event_choices":[{"damage_healed":0,"gold_gain":175,"player_choice":"AGREE","damage_taken":0,"max_hp_gain":0,"max_hp_loss":0,"event_name":"Liars Game","floor":8,"gold_loss":0,"cards_obtained":["Doubt"]},{"damage_healed":0,"gold_gain":0,"player_choice":"Donut","damage_taken":0,"max_hp_gain":5,"max_hp_loss":0,"event_name":"Big Fish","floor":12,"gold_loss":0},{"damage_healed":0,"gold_gain":0,"player_choice":"Fought Mushrooms","damage_taken":0,"max_hp_gain":0,"max_hp_loss":0,"event_name":"Mushrooms","floor":13,"gold_loss":0}],"is_beta":false,"boss_relics":[],"items_purged_floors":[3,11],"is_endless":false,"potions_floor_spawned":[5],"killed_by":"Slime Boss","ascension_level":0}