{"gold_per_floor":[119,136,152,170,170,195,209,209,209,57,87,102,102,137,137,241,241,241,91,91,91,91,91,91,91],"floor_reached":25,"playtime":3907,"items_purged":[],"score":380,"play_id":"f7d34a56-acb1-498d-86ae-659ec248ebd6","local_time":"20190113005302","is_ascension_mode":true,"campfire_choices":[{"floor":8.0,"key":"REST"},{"floor":13,"key":"REST"},{"floor":15,"key":"REST"},{"floor":23,"key":"REST"}],"neow_cost":"NONE","seed_source_timestamp":40873418663820,"circlet_count":0,"master_deck":["AscendersBane","Defend_G+1","Defend_G","Defend_G","Defend_G","Defend_G+1","Strike_G","Strike_G","Strike_G","Strike_G","Strike_G","Survivor","Neutralize","Blur","Dodge and Roll","Crippling Poison","Deflect","Poisoned Stab","Predator","Deflect","Quick Slash","Corpse Explosion","Dodge and Roll","Crippling Poison","Caltrops","Infinite Blades+1"],"special_seed":0,"relics":["Ring of the Snake","Centennial Puzzle","Shuriken","Gremlin Horn","Bag of Preparation","War Paint","Lantern","Ectoplasm","Anchor","Frozen Egg 2"],"potions_floor_usage":[11,14,16,22,22,24],"damage_taken":[{"damage":1.0,"enemies":"Cultist","floor":1.0,"turns":5.0},{"damage":7.0,"enemies":"Jaw Worm","floor":2.0,"turns":6.0},{"damage":0.0,"enemies":"2 Louse","floor":3.0,"turns":5.0},{"damage":8.0,"enemies":"Blue Slaver","floor":4.0,"turns":6.0},{"damage":45.0,"enemies":"Gremlin Nob","floor":6.0,"turns":7.0},{"damage":8.0,"enemies":"Large Slime","floor":7.0,"turns":9.0},{"damage":16,"enemies":"Lagavulin","floor":11,"turns":9},{"damage":5,"enemies":"3 Louse","floor":12,"turns":3},{"damage":4,"enemies":"3 Sentries","floor":14,"turns":10},{"damage":45,"enemies":"Slime Boss","floor":16,"turns":19},{"damage":14,"enemies":"Spheric Guardian","floor":18,"turns":6},{"damage":14,"enemies":"Chosen","floor":20,"turns":5},{"damage":3,"enemies":"3 Cultists","floor":21,"turns":3},{"damage":2,"enemies":"Chosen and Byrds","floor":22,"turns":5},{"damage":50,"enemies":"Gremlin Leader","floor":24,"turns":10},{"damage":2,"enemies":"Shelled Parasite and Fungi","floor":25,"turns":2}],"seed_played":"-2506142669535788077","potions_obtained":[{"floor":1.0,"key":"EntropicBrew"},{"floor":6.0,"key":"GamblersBrew"},{"floor":7.0,"key":"Dexterity Potion"},{"floor":11,"key":"Energy Potion"},{"floor":14,"key":"Weak Potion"},{"floor":16,"key":"GhostInAJar"},{"floor":20,"key":"LiquidBronze"},{"floor":22,"key":"PowerPotion"}],"is_trial":false,"path_per_floor":["M","M","M","M","?","E","M","R","T","$","E","M","R","E","R","B",null,"M","$","M","M","M","R","E","M"],"character_chosen":"THE_SILENT","items_purchased":["Bag of Preparation","Anchor"],"campfire_rested":4,"item_purchase_floors":[10,19],"current_hp_per_floor":[69,62,62,54,54,24,16,39,39,39,23,18,41,37,60,15,62,48,48,34,31,29,52,2,0],"gold":91,"neow_bonus":"TEN_PERCENT_HP_BONUS","is_prod":false,"is_daily":false,"chose_seed":false,"campfire_upgraded":0,"win_rate":0,"timestamp":1547333582,"path_taken":["M","M","?","M","?","E","M","R","T","?","E","M","R","E","R","BOSS","M","$","M","M","M","R","E","M"],"build_version":"2019-01-10","purchased_purges":0,"victory":false,"max_hp_per_floor":[77,77,77,77,77,77,77,77,77,77,77,77,77,77,77,77,77,77,77,77,77,77,77,77,77],"card_choices":[{"not_picked":["Backflip","Blade Dance"],"picked":"Blur","floor":1.0},{"not_picked":["Outmaneuver","PiercingWail"],"picked":"Dodge and Roll","floor":2.0},{"not_picked":["Well Laid Plans","Dagger Throw"],"picked":"Crippling Poison","floor":3.0},{"not_picked":["Skewer","Cloak And Dagger"],"picked":"Deflect","floor":4.0},{"not_picked":["Acrobatics","Riddle With Holes"],"picked":"Poisoned Stab","floor":6.0},{"not_picked":["Bane","Well Laid Plans","Outmaneuver"],"picked":"SKIP","floor":7.0},{"not_picked":["Calculated Gamble","Bullet Time"],"picked":"Predator","floor":11},{"not_picked":["All Out Attack","Bane"],"picked":"Deflect","floor":12},{"not_picked":["Cloak And Dagger","Skewer"],"picked":"Quick Slash","floor":14},{"not_picked":["Night Terror","After Image"],"picked":"Corpse Explosion","floor":16},{"not_picked":["Poisoned Stab","Acrobatics+1"],"picked":"Dodge and Roll","floor":18},{"not_picked":["Slice","Predator"],"picked":"Crippling Poison","floor":20},{"not_picked":["Dodge and Roll","Bane"],"picked":"Caltrops","floor":21},{"not_picked":["Eviscerate+1","Acrobatics","Bane"],"picked":"SKIP","floor":22},{"not_picked":["Setup","Dash"],"picked":"Infinite Blades","floor":24}],"player_experience":258360,"relics_obtained":[{"floor":5.0,"key":"Centennial Puzzle"},{"floor":6.0,"key":"Shuriken"},{"floor":9.0,"key":"Gremlin Horn"},{"floor":11,"key":"War Paint"},{"floor":14,"key":"Lantern"},{"floor":24,"key":"Frozen Egg 2"}],"event_choices":[{"damage_healed":0.0,"max_hp_gain":0.0,"max_hp_loss":0.0,"gold_gain":0.0,"event_name":"Wheel of Change","player_choice":"Relic","floor":5.0,"gold_loss":0.0,"damage_taken":0.0}],"is_beta":false,"boss_relics":[{"not_picked":["WristBlade","Coffee Dripper"],"picked":"Ectoplasm"}],"items_purged_floors":[],"is_endless":false,"potions_floor_spawned":[1,6,7,11,14,16,20,22],"killed_by":"Shelled Parasite and Fungi","ascension_level":11}