{"gold_per_floor":[113,113,38,38,53,53,53,53,77,77,89,103,138,157,157,232,232,212,212,127,27,43,43,43],"floor_reached":24,"playtime":900,"items_purged":["Strike_R","Strike_R"],"score":388,"play_id":"eccba8f3-6a2f-4c07-9956-0b198d24b029","local_time":"20190303180154","is_ascension_mode":true,"campfire_choices":[{"data":"Juggernaut","floor":6.0,"key":"SMITH"},{"data":"Bash","floor":8.0,"key":"SMITH"},{"data":"Defend_R","floor":10.0,"key":"SMITH"},{"data":"Shrug It Off","floor":15.0,"key":"SMITH"},{"data":"Defend_R","floor":23,"key":"SMITH"}],"neow_cost":"NONE","seed_source_timestamp":0,"circlet_count":0,"master_deck":["AscendersBane","Strike_R+1","Strike_R+1","Defend_R","Defend_R","Defend_R+1","Defend_R+1","Bash+1","Juggernaut+1","Shrug It Off+1","Warcry","Impervious","Brutality"],"special_seed":0,"relics":["Burning Blood","Bronze Scales","Magic Flower","Eternal Feather","MutagenicStrength","Pen Nib"],"potions_floor_usage":[16,18,24],"damage_taken":[{"damage":7.0,"enemies":"Small Slimes","floor":1.0,"turns":4.0},{"damage":2.0,"enemies":"Cultist","floor":5.0,"turns":4.0},{"damage":7.0,"enemies":"Jaw Worm","floor":11.0,"turns":3.0},{"damage":5.0,"enemies":"Blue Slaver","floor":12.0,"turns":3.0},{"damage":16.0,"enemies":"Lagavulin","floor":13.0,"turns":7.0},{"damage":1.0,"enemies":"2 Fungi Beasts","floor":14.0,"turns":4.0},{"damage":15,"enemies":"The Guardian","floor":16,"turns":12},{"damage":44,"enemies":"2 Thieves","floor":18,"turns":4},{"damage":13,"enemies":"Spheric Guardian","floor":22,"turns":6},{"damage":27,"enemies":"Centurion and Healer","floor":24,"turns":10}],"seed_played":"-3181725927299745245","potions_obtained":[{"floor":5.0,"key":"SpeedPotion"},{"floor":14.0,"key":"Strength Potion"},{"floor":16,"key":"Fruit Juice"},{"floor":22,"key":"Swift Potion"}],"is_trial":false,"path_per_floor":["M","?","$","?","M","R","?","R","T","R","M","M","E","M","R","B",null,"M","?","?","$","M","R","M"],"character_chosen":"IRONCLAD","items_purchased":[],"campfire_rested":0,"item_purchase_floors":[],"current_hp_per_floor":[67,44,44,37,41,41,37,37,37,37,36,37,27,35,35,29,64,37,37,37,37,33,39,12],"gold":43,"neow_bonus":"ONE_RANDOM_RARE_CARD","is_prod":false,"is_daily":false,"chose_seed":false,"campfire_upgraded":5,"win_rate":0,"timestamp":1551603714,"path_taken":["M","?","$","?","M","R","?","R","T","R","M","M","E","M","R","BOSS","M","?","?","$","M","R","M"],"build_version":"2019-01-23","purchased_purges":2,"victory":false,"max_hp_per_floor":[75,75,75,75,75,75,75,75,75,75,75,75,75,75,75,75,75,80,80,80,80,80,80,80],"card_choices":[{"not_picked":["Clothesline","Twin Strike","Armaments"],"picked":"SKIP","floor":1.0},{"not_picked":["Thunderclap","Body Slam","Ghostly Armor"],"picked":"SKIP","floor":5.0},{"not_picked":["Twin Strike","Warcry"],"picked":"Shrug It Off","floor":11.0},{"not_picked":["Combust","True Grit"],"picked":"Warcry","floor":12.0},{"not_picked":["Rage","Havoc"],"picked":"Impervious","floor":13.0},{"not_picked":["Combust","Flex","Shrug It Off"],"picked":"SKIP","floor":14.0},{"not_picked":["Limit Break","Immolate"],"picked":"Brutality","floor":16},{"not_picked":["Shrug It Off","Sever Soul","Anger"],"picked":"SKIP","floor":18},{"not_picked":["Evolve","Iron Wave","Carnage"],"picked":"SKIP","floor":22}],"player_experience":1044885,"relics_obtained":[{"floor":9.0,"key":"Bronze Scales"},{"floor":13.0,"key":"Magic Flower"}],"event_choices":[{"damage_healed":0.0,"max_hp_gain":0.0,"max_hp_loss":0.0,"gold_gain":0.0,"event_name":"Shining Light","player_choice":"Entered Light","floor":2.0,"gold_loss":0.0,"damage_taken":23.0,"cards_upgraded":["Strike_R","Strike_R"]},{"cards_removed":["Strike_R"],"damage_healed":0.0,"max_hp_gain":0.0,"max_hp_loss":0.0,"gold_gain":0.0,"event_name":"Golden Wing","player_choice":"Card Removal","floor":4.0,"gold_loss":0.0,"damage_taken":7.0},{"damage_healed":0.0,"max_hp_gain":0.0,"max_hp_loss":0.0,"gold_gain":0.0,"event_name":"The Woman in Blue","player_choice":"Bought 0 Potions","floor":7.0,"gold_loss":0.0,"damage_taken":0.0},{"damage_healed":0,"gold_gain":0,"player_choice":"Inject Mutagens","damage_taken":0,"relics_obtained":["MutagenicStrength"],"max_hp_gain":0,"max_hp_loss":0,"event_name":"Drug Dealer","floor":19,"gold_loss":0},{"damage_healed":0,"gold_gain":0,"player_choice":"Obtained Relic","damage_taken":0,"relics_obtained":["Pen Nib"],"max_hp_gain":0,"max_hp_loss":0,"event_name":"Addict","floor":20,"gold_loss":85}],"is_beta":false,"boss_relics":[{"not_picked":["Empty Cage","Pandora\u0027s Box"],"picked":"Eternal Feather"}],"items_purged_floors":[3,21],"is_endless":false,"potions_floor_spawned":[5,14,16,22],"killed_by":"Centurion and Healer","ascension_level":20}