{"gold_per_floor":[117,130,141,141,141,141,174,174,174,192,192,205,216,248,248,343,343,343,343,343,15,15,15,15,15,15,15,15,15,15,15,15,15,15,15,15,0,0,0,0,0,0,0,0,0,0,0,0,0,0,0,0,0,0,0],"floor_reached":55,"playtime":1960,"items_purged":[],"score":925,"play_id":"16c7b3f6-5ba9-4dca-bfde-5b5698ab87ad","local_time":"20181208220514","is_ascension_mode":false,"campfire_choices":[{"data":"Neutralize","floor":6.0,"key":"SMITH"},{"data":"Sucker Punch","floor":8.0,"key":"SMITH"},{"data":"Backflip","floor":11.0,"key":"SMITH"},{"data":"Cloak And Dagger","floor":15.0,"key":"SMITH"},{"data":"Blade Dance","floor":24.0,"key":"SMITH"},{"data":"Blade Dance","floor":28.0,"key":"SMITH"},{"floor":32.0,"key":"REST"},{"data":"Cloak And Dagger","floor":40.0,"key":"SMITH"},{"data":"Infinite Blades","floor":45.0,"key":"SMITH"},{"floor":49.0,"key":"RECALL"},{"data":"Accuracy","floor":52.0,"key":"SMITH"}],"neow_cost":"NONE","seed_source_timestamp":43932971347655,"circlet_count":0,"master_deck":["Defend_G+1","Defend_G","Defend_G+1","Defend_G","Strike_G","Strike_G","Strike_G","Strike_G","Strike_G","Survivor","Neutralize+1","Flying Knee","Backflip+1","Sucker Punch+1","PiercingWail","Cloak And Dagger+1","Footwork","Glass Knife","Blade Dance+1","Blade Dance+1","Infinite Blades+1","Backflip+1","Accuracy+1","Escape Plan","Cloak And Dagger+1","Adrenaline","Quick Slash+1","Cloak And Dagger+1","Expertise+1","Dark Shackles","Accuracy+1","Heel Hook+1"],"special_seed":0,"relics":["Black Star","Paper Crane","Pantograph","Blue Candle","Mercury Hourglass","Sundial","Shuriken","Ectoplasm","Kunai","Du-Vu Doll","Thread and Needle","Omamori","Ancient Tea Set","Molten Egg 2","Letter Opener","War Paint","Sozu","Red Mask","Oddly Smooth Stone","MawBank","Ginger","Nunchaku","Potion Belt","Lantern","Centennial Puzzle"],"potions_floor_usage":[],"damage_taken":[{"damage":3.0,"enemies":"Cultist","floor":1.0,"turns":5.0},{"damage":0.0,"enemies":"Jaw Worm","floor":2.0,"turns":5.0},{"damage":2.0,"enemies":"Small Slimes","floor":3.0,"turns":6.0},{"damage":16.0,"enemies":"Gremlin Nob","floor":7.0,"turns":6.0},{"damage":2.0,"enemies":"Looter","floor":10.0,"turns":3.0},{"damage":9.0,"enemies":"Lots of Slimes","floor":12.0,"turns":2.0},{"damage":2.0,"enemies":"Blue Slaver","floor":13.0,"turns":4.0},{"damage":2.0,"enemies":"3 Sentries","floor":14.0,"turns":5.0},{"damage":21.0,"enemies":"The Guardian","floor":16.0,"turns":10.0},{"damage":0.0,"enemies":"Chosen","floor":18.0,"turns":4.0},{"damage":0.0,"enemies":"Shell Parasite","floor":20.0,"turns":5.0},{"damage":0.0,"enemies":"Gremlin Leader","floor":23.0,"turns":7.0},{"damage":12.0,"enemies":"Slavers","floor":25.0,"turns":5.0},{"damage":5.0,"enemies":"Shelled Parasite and Fungi","floor":27.0,"turns":4.0},{"damage":2.0,"enemies":"3 Cultists","floor":29.0,"turns":4.0},{"damage":10.0,"enemies":"Book of Stabbing","floor":30.0,"turns":5.0},{"damage":3.0,"enemies":"Snecko","floor":31.0,"turns":4.0},{"damage":3.0,"enemies":"Automaton","floor":33.0,"turns":8.0},{"damage":8.0,"enemies":"3 Shapes","floor":35.0,"turns":3.0},{"damage":0.0,"enemies":"3 Darklings","floor":36.0,"turns":4.0},{"damage":0.0,"enemies":"Maw","floor":38.0,"turns":6.0},{"damage":0.0,"enemies":"Nemesis","floor":41.0,"turns":7.0},{"damage":2.0,"enemies":"Writhing Mass","floor":46.0,"turns":6.0},{"damage":0.0,"enemies":"Mind Bloom Boss Battle","floor":47.0,"turns":4.0},{"damage":4.0,"enemies":"Reptomancer","floor":48.0,"turns":5.0},{"damage":41.0,"enemies":"Time Eater","floor":50.0,"turns":11.0},{"damage":0.0,"enemies":"Shield and Spear","floor":54.0,"turns":5.0},{"damage":68,"enemies":"The Heart","floor":55,"turns":5}],"seed_played":"-688481250030985443","potions_obtained":[{"floor":1.0,"key":"Explosive Potion"},{"floor":16.0,"key":"Poison Potion"},{"floor":18.0,"key":"Swift Potion"},{"floor":20.0,"key":"Dexterity Potion"},{"floor":31.0,"key":"PowerPotion"}],"is_trial":false,"path_per_floor":["M","M","M","T","?","R","E","R","T","M","R","M","M","E","R","B",null,"M","?","M","$","?","E","R","E","T","M","R","M","E","M","R","B",null,"M","M","?","M","?","R","E","?","T","?","R","M","?","E","R","B",null,"R","$","E","B"],"character_chosen":"THE_SILENT","items_purchased":["Kunai","Infinite Blades"],"campfire_rested":1,"item_purchase_floors":[21,21],"current_hp_per_floor":[67,67,65,65,65,65,49,49,49,47,47,38,36,34,34,38,70,70,70,70,70,70,70,70,58,58,53,53,51,41,38,59,67,70,62,62,62,62,62,62,62,62,62,62,62,60,66,62,62,25,66,66,66,66,0],"gold":0,"neow_bonus":"BOSS_RELIC","is_prod":false,"is_daily":false,"chose_seed":false,"campfire_upgraded":9,"win_rate":0,"timestamp":1544303114,"path_taken":["M","M","M","?","?","R","E","R","T","M","R","M","M","E","R","BOSS","M","?","M","$","?","E","R","E","T","M","R","?","E","M","R","BOSS","M","M","?","M","?","R","E","?","T","?","R","M","?","E","R","BOSS","R","$","E","BOSS"],"build_version":"2018-12-06","purchased_purges":0,"victory":false,"max_hp_per_floor":[70,70,70,70,70,70,70,70,70,70,70,70,70,70,70,70,70,70,70,70,70,70,70,70,70,70,70,70,70,70,70,70,70,70,70,70,70,70,70,70,70,66,66,66,66,66,66,66,66,66,66,66,66,66,66],"card_choices":[{"not_picked":["Concentrate","Deadly Poison"],"picked":"Flying Knee","floor":1.0},{"not_picked":["Prepared","Dodge and Roll"],"picked":"Backflip","floor":2.0},{"not_picked":["Masterful Stab","Accuracy"],"picked":"Sucker Punch","floor":3.0},{"not_picked":["Expertise","Outmaneuver","Setup"],"picked":"SKIP","floor":7.0},{"not_picked":["Choke","Blade Dance"],"picked":"PiercingWail","floor":10.0},{"not_picked":["Sucker Punch","Flying Knee","Riddle With Holes"],"picked":"SKIP","floor":12.0},{"not_picked":["PiercingWail","Flying Knee"],"picked":"Cloak And Dagger","floor":13.0},{"not_picked":["Backstab","Choke"],"picked":"Footwork","floor":14.0},{"not_picked":["Unload","Tools of the Trade"],"picked":"Glass Knife","floor":16.0},{"not_picked":["Bane","Outmaneuver+1","Tactician"],"picked":"SKIP","floor":18.0},{"not_picked":["Dagger Throw","Deflect"],"picked":"Blade Dance","floor":20.0},{"not_picked":["Grand Finale","Masterful Stab"],"picked":"Backflip+1","floor":23.0},{"not_picked":["Phantasmal Killer","Masterful Stab+1","Distraction"],"picked":"SKIP","floor":25.0},{"not_picked":["Bane+1","Catalyst"],"picked":"Accuracy+1","floor":27.0},{"not_picked":["Acrobatics+1","Crippling Poison+1"],"picked":"Escape Plan","floor":29.0},{"not_picked":["Riddle With Holes+1","Deadly Poison"],"picked":"Cloak And Dagger","floor":30.0},{"not_picked":["Expertise","Noxious Fumes+1","Flying Knee+1"],"picked":"SKIP","floor":31.0},{"not_picked":["Tools of the Trade","Glass Knife+1"],"picked":"Adrenaline","floor":33.0},{"not_picked":["Dagger Throw+1","Bouncing Flask+1","Outmaneuver+1"],"picked":"SKIP","floor":35.0},{"not_picked":["Reflex","Finisher+1"],"picked":"Quick Slash+1","floor":36.0},{"not_picked":["Poisoned Stab+1","Dagger Throw+1"],"picked":"Cloak And Dagger+1","floor":38.0},{"not_picked":["Dagger Spray+1","Caltrops+1"],"picked":"Expertise+1","floor":41.0},{"not_picked":["Bandage Up","Trip"],"picked":"Dark Shackles","floor":44.0},{"not_picked":["Caltrops+1","Deadly Poison+1","Backflip"],"picked":"SKIP","floor":46.0},{"not_picked":["Caltrops+1","Doppelganger"],"picked":"Accuracy","floor":48.0},{"not_picked":["Underhanded Strike+1","Bane+1"],"picked":"Heel Hook+1","floor":54.0}],"player_experience":495404,"relics_obtained":[{"floor":4.0,"key":"Paper Crane"},{"floor":7.0,"key":"Pantograph"},{"floor":7.0,"key":"Blue Candle"},{"floor":9.0,"key":"Mercury Hourglass"},{"floor":14.0,"key":"Sundial"},{"floor":14.0,"key":"Shuriken"},{"floor":23.0,"key":"Du-Vu Doll"},{"floor":23.0,"key":"Thread and Needle"},{"floor":25.0,"key":"Omamori"},{"floor":25.0,"key":"Ancient Tea Set"},{"floor":26.0,"key":"Molten Egg 2"},{"floor":30.0,"key":"Letter Opener"},{"floor":30.0,"key":"War Paint"},{"floor":41.0,"key":"Oddly Smooth Stone"},{"floor":41.0,"key":"MawBank"},{"floor":47.0,"key":"Ginger"},{"floor":48.0,"key":"Nunchaku"},{"floor":48.0,"key":"Potion Belt"},{"floor":54.0,"key":"Lantern"},{"floor":54.0,"key":"Centennial Puzzle"}],"event_choices":[{"damage_healed":0.0,"max_hp_gain":0.0,"max_hp_loss":0.0,"gold_gain":0.0,"event_name":"Shining Light","player_choice":"Ignored","floor":5.0,"gold_loss":0.0,"damage_taken":0.0},{"damage_healed":0.0,"max_hp_gain":0.0,"max_hp_loss":0.0,"gold_gain":0.0,"event_name":"The Library","player_choice":"Read","floor":19.0,"gold_loss":0.0,"damage_taken":0.0,"cards_obtained":["Blade Dance"]},{"damage_healed":0.0,"max_hp_gain":0.0,"max_hp_loss":0.0,"gold_gain":100.0,"event_name":"Golden Shrine","player_choice":"Pray","floor":22.0,"gold_loss":0.0,"damage_taken":0.0},{"damage_healed":0.0,"max_hp_gain":0.0,"max_hp_loss":0.0,"gold_gain":0.0,"event_name":"Tomb of Lord Red Mask","player_choice":"Paid","floor":37.0,"gold_loss":15.0,"damage_taken":0.0,"relics_obtained":["Red Mask"]},{"cards_removed":["Defend_G"],"damage_healed":0.0,"max_hp_gain":0.0,"max_hp_loss":0.0,"gold_gain":0.0,"event_name":"Falling","player_choice":"Removed Skill","floor":39.0,"gold_loss":0.0,"damage_taken":0.0},{"damage_healed":0.0,"max_hp_gain":0.0,"max_hp_loss":4.0,"gold_gain":0.0,"event_name":"Winding Halls","player_choice":"Max HP","floor":42.0,"gold_loss":0.0,"damage_taken":0.0},{"damage_healed":0.0,"max_hp_gain":0.0,"max_hp_loss":0.0,"gold_gain":0.0,"event_name":"SensoryStone","player_choice":"Memory 1","floor":44.0,"gold_loss":0.0,"damage_taken":0.0},{"damage_healed":0.0,"max_hp_gain":0.0,"max_hp_loss":0.0,"gold_gain":0.0,"event_name":"MindBloom","player_choice":"Fight","floor":47.0,"gold_loss":0.0,"damage_taken":0.0}],"is_beta":false,"boss_relics":[{"not_picked":["Astrolabe","Busted Crown"],"picked":"Ectoplasm"},{"not_picked":["Fusion Hammer","Velvet Choker"],"picked":"Sozu"}],"items_purged_floors":[],"is_endless":false,"potions_floor_spawned":[1,16,18,20,31,35,46,47,48],"killed_by":"The Heart","ascension_level":0}