{"gold_per_floor":[119,119,136,136,159,159,188,188,239,259,275,275,304,20,20,120,120,60,60,60,60,0,0,0,0,0,0,0,0,0,0,0,0],"floor_reached":33,"playtime":2398,"items_purged":["Strike_G"],"score":474,"play_id":"2b448855-112c-4851-b0b0-018836bc5cd2","local_time":"20190302172416","is_ascension_mode":true,"campfire_choices":[{"data":"Footwork","floor":6,"key":"SMITH"},{"data":"Neutralize","floor":8,"key":"SMITH"},{"data":"Dagger Spray","floor":15,"key":"SMITH"},{"data":"Night Terror","floor":23,"key":"SMITH"},{"data":"Master of Strategy","floor":25,"key":"SMITH"},{"data":"Masterful Stab","floor":27,"key":"SMITH"},{"data":"All Out Attack","floor":32,"key":"SMITH"}],"neow_cost":"NONE","seed_source_timestamp":250708595186234,"circlet_count":0,"master_deck":["AscendersBane","Defend_G","Defend_G","Defend_G","Defend_G","Strike_G+1","Strike_G","Strike_G","Survivor","Neutralize+1","Sucker Punch+1","Footwork+1","Heel Hook","Dagger Spray+1","Masterful Stab+1","Master of Strategy+1","Night Terror+1","Caltrops","Escape Plan","Necronomicurse","Heel Hook","Choke+1","All Out Attack+1","Catalyst"],"relics":["Ring of the Snake","Juzu Bracelet","Meat on the Bone","Smiling Mask","Matryoshka","Ectoplasm","Necronomicon","Ancient Tea Set","Pen Nib","Anchor","The Courier"],"potions_floor_usage":[13,16,16,18,20],"damage_taken":[{"damage":0,"enemies":"2 Louse","floor":1,"turns":3},{"damage":3,"enemies":"Jaw Worm","floor":3,"turns":4},{"damage":34,"enemies":"Lagavulin","floor":7,"turns":11},{"damage":0,"enemies":"Cultist","floor":10,"turns":4},{"damage":4,"enemies":"Large Slime","floor":11,"turns":7},{"damage":17,"enemies":"Gremlin Nob","floor":13,"turns":5},{"damage":27,"enemies":"The Guardian","floor":16,"turns":18},{"damage":0,"enemies":"2 Thieves","floor":18,"turns":4},{"damage":5,"enemies":"Chosen","floor":19,"turns":7},{"damage":8,"enemies":"3 Cultists","floor":20,"turns":4},{"damage":23,"enemies":"Snecko","floor":24,"turns":4},{"damage":0,"enemies":"Gremlin Leader","floor":29,"turns":5},{"damage":55,"enemies":"Collector","floor":33,"turns":6}],"seed_played":"-8013428296608657365","potions_obtained":[{"floor":7,"key":"SkillPotion"},{"floor":13,"key":"Energy Potion"},{"floor":16,"key":"GhostInAJar"},{"floor":18,"key":"LiquidBronze"},{"floor":29,"key":"Regen Potion"}],"is_trial":false,"path_per_floor":["M","?","M","?","T","R","E","R","T","M","M","?","E","$","R","B",null,"M","M","M","?","?","R","M","R","T","R","$","E","?","?","R","B"],"character_chosen":"THE_SILENT","items_purchased":["Master of Strategy","Swift Potion"],"campfire_rested":0,"item_purchase_floors":[14,14],"current_hp_per_floor":[70,55,52,52,52,52,18,18,18,30,38,38,33,33,33,18,62,62,57,49,33,33,33,22,22,22,22,22,34,34,34,34,0],"gold":0,"neow_bonus":"TEN_PERCENT_HP_BONUS","is_prod":false,"is_daily":false,"chose_seed":false,"campfire_upgraded":7,"win_rate":0,"timestamp":1551565456,"path_taken":["M","?","M","?","?","R","E","R","T","M","M","?","E","?","R","BOSS","M","M","M","?","?","R","M","R","T","R","?","E","?","?","R","BOSS"],"build_version":"2019-01-23","purchased_purges":1,"victory":false,"max_hp_per_floor":[77,77,77,77,77,77,77,77,77,77,77,77,77,77,77,77,77,77,77,77,77,77,77,77,77,77,77,77,77,77,77,77,77],"card_choices":[{"not_picked":["Finisher","Deadly Poison"],"picked":"Sucker Punch","floor":1},{"not_picked":["Prepared","Well Laid Plans"],"picked":"Footwork","floor":3},{"not_picked":["Backflip","Bouncing Flask"],"picked":"Heel Hook","floor":7},{"not_picked":["Dodge and Roll","Catalyst"],"picked":"Dagger Spray","floor":10},{"not_picked":["Dash","Calculated Gamble"],"picked":"Masterful Stab","floor":11},{"not_picked":["Dagger Throw","Noxious Fumes","Sucker Punch"],"picked":"SKIP","floor":13},{"not_picked":["Malaise","Corpse Explosion"],"picked":"Night Terror","floor":16},{"not_picked":["Backflip","Sucker Punch","Riddle With Holes"],"picked":"SKIP","floor":18},{"not_picked":["Crippling Poison","Predator"],"picked":"Caltrops","floor":19},{"not_picked":["Dagger Throw","Slice"],"picked":"Escape Plan","floor":20},{"not_picked":["Poisoned Stab","Dodge and Roll"],"picked":"Heel Hook","floor":24},{"not_picked":["Glass Knife","Footwork"],"picked":"Choke+1","floor":29}],"player_experience":341312,"relics_obtained":[{"floor":5,"key":"Juzu Bracelet"},{"floor":7,"key":"Meat on the Bone"},{"floor":9,"key":"Smiling Mask"},{"floor":13,"key":"Matryoshka"},{"floor":21,"key":"Necronomicon"},{"floor":26,"key":"Ancient Tea Set"},{"floor":26,"key":"Pen Nib"},{"floor":29,"key":"Anchor"}],"event_choices":[{"damage_healed":0,"gold_gain":0,"player_choice":"Entered Light","damage_taken":15,"max_hp_gain":0,"max_hp_loss":0,"event_name":"Shining Light","floor":2,"gold_loss":0,"cards_upgraded":["Strike_G","Sucker Punch"]},{"damage_healed":0,"gold_gain":0,"player_choice":"Ignored","damage_taken":0,"max_hp_gain":0,"max_hp_loss":0,"event_name":"Liars Game","floor":4,"gold_loss":0},{"damage_healed":0,"gold_gain":0,"player_choice":"Leave","damage_taken":0,"max_hp_gain":0,"max_hp_loss":0,"event_name":"FaceTrader","floor":12,"gold_loss":0},{"damage_healed":0,"gold_gain":0,"player_choice":"Obtained Book","damage_taken":16,"max_hp_gain":0,"max_hp_loss":0,"event_name":"Cursed Tome","floor":21,"gold_loss":0},{"damage_healed":0,"gold_gain":0,"player_choice":"Paid Fearfully","damage_taken":0,"max_hp_gain":0,"max_hp_loss":0,"event_name":"Masked Bandits","floor":22,"gold_loss":60},{"damage_healed":0,"gold_gain":0,"player_choice":"Gave Potion","damage_taken":0,"relics_obtained":["The Courier"],"max_hp_gain":0,"max_hp_loss":0,"event_name":"WeMeetAgain","floor":30,"gold_loss":0},{"damage_healed":0,"gold_gain":0,"cards_transformed":["Defend_G","Strike_G"],"player_choice":"Became Test Subject","damage_taken":0,"max_hp_gain":0,"max_hp_loss":0,"event_name":"Drug Dealer","floor":31,"gold_loss":0,"cards_obtained":["All Out Attack","Catalyst"]}],"is_beta":false,"boss_relics":[{"not_picked":["Snecko Eye","Philosopher\u0027s Stone"],"picked":"Ectoplasm"}],"items_purged_floors":[14],"is_endless":false,"potions_floor_spawned":[7,13,16,18,29],"killed_by":"Collector","ascension_level":12}