{"path_per_floor":["M","?","?","?","M","R","E","R","T","$","R","M","M","$","R","B",null,"M","?","M","$","M","R","M","R","T","M","M","?","?","M","R","B",null,"M","?","M","M","M","R","?","M","T","$","?","R","$","M","R"],"character_chosen":"THE_SILENT","items_purchased":["Bouncing Flask","Footwork","Lantern","Bouncing Flask","Caltrops","Blur","Caltrops","Footwork"],"gold_per_floor":[216,216,216,216,226,226,261,261,284,28,28,40,57,57,57,156,156,169,169,181,25,36,36,53,53,53,68,83,83,83,103,103,198,198,210,210,225,245,256,256,256,275,327,93,93,93,22,33,33,33],"floor_reached":50,"campfire_rested":6,"playtime":2976,"current_hp_per_floor":[65,65,51,51,51,51,18,39,39,39,39,39,36,36,57,57,67,48,48,44,44,40,40,21,42,42,35,27,27,50,47,68,50,65,54,54,51,28,28,40,40,26,26,26,26,59,59,32,65,0],"items_purged":["Decay"],"gold":33,"score":644,"play_id":"dba9b361-35aa-414a-979d-e53f4126b870","local_time":"20180406234142","is_prod":false,"is_daily":false,"is_ascension_mode":true,"campfire_upgraded":3,"timestamp":1523072502,"path_taken":["M","?","?","?","M","R","E","R","T","$","R","?","M","$","R","BOSS","M","?","M","$","M","R","M","R","T","M","M","?","?","?","R","BOSS","M","?","?","M","M","R","?","M","T","$","?","R","$","M","R","BOSS"],"build_version":"2018-04-05v2","purchased_purges":1,"victory":false,"master_deck":["Defend_G","Defend_G","Defend_G","Defend_G","Defend_G","Strike_G","Strike_G+1","Strike_G","Survivor","Neutralize","Tools of the Trade","Malaise+1","Poisoned Stab","Bouncing Flask+1","Footwork","After Image","Acrobatics","A Thousand Cuts+1","Dodge and Roll","Dodge and Roll","Bouncing Flask","Caltrops","Footwork","Leg Sweep","Parasite","Backflip","Footwork","Caltrops","A Thousand Cuts","Mind Blast","Footwork+1","Blur","Caltrops","Footwork"],"max_hp_per_floor":[70,70,70,70,70,70,70,70,70,70,70,70,70,70,70,70,70,70,70,70,70,70,70,70,70,70,70,70,70,70,70,70,70,70,70,70,70,70,70,70,70,70,70,70,70,70,70,70,70,70],"relics":["Ring of the Snake","Bronze Scales","Gremlin Horn","Vajra","Lantern","Cursed Key","Peace Pipe","Eternal Feather","Juzu Bracelet"],"card_choices":[{"not_picked":["Acrobatics","Slice"],"picked":"Tools of the Trade","floor":1.0},{"not_picked":["PiercingWail","Bane"],"picked":"Malaise","floor":5.0},{"not_picked":["Dagger Spray","Prepared"],"picked":"Poisoned Stab","floor":7.0},{"not_picked":["Backstab","Underhanded Strike"],"picked":"After Image","floor":12.0},{"not_picked":["Dagger Spray","Slice"],"picked":"Acrobatics","floor":13.0},{"not_picked":["Phantasmal Killer","Bullet Time"],"picked":"A Thousand Cuts","floor":16.0},{"not_picked":["Bane","Cloak And Dagger"],"picked":"Dodge and Roll","floor":18.0},{"not_picked":["Catalyst","Expertise"],"picked":"Dodge and Roll","floor":20.0},{"not_picked":["Dagger Spray","Outmaneuver"],"picked":"Footwork","floor":22.0},{"not_picked":["Acrobatics","Malaise"],"picked":"Leg Sweep","floor":24.0},{"not_picked":["Finisher","Masterful Stab"],"picked":"Backflip","floor":27.0},{"not_picked":["Cloak And Dagger","Dagger Spray"],"picked":"Footwork","floor":28.0},{"not_picked":["Deadly Poison","Adrenaline"],"picked":"Caltrops","floor":31.0},{"not_picked":["Night Terror","Grand Finale"],"picked":"A Thousand Cuts","floor":33.0},{"not_picked":["Dark Shackles","Purity"],"picked":"Mind Blast","floor":36},{"not_picked":["Terror","Underhanded Strike"],"picked":"Footwork","floor":42}],"player_experience":409602,"potions_floor_usage":[48,50],"damage_taken":[{"damage":5.0,"enemies":"Small Slimes","floor":1.0,"turns":5.0},{"damage":0.0,"enemies":"Cultist","floor":5.0,"turns":4.0},{"damage":33.0,"enemies":"Lagavulin","floor":7.0,"turns":9.0},{"damage":0.0,"enemies":"2 Louse","floor":12.0,"turns":2.0},{"damage":3.0,"enemies":"2 Fungi Beasts","floor":13.0,"turns":3.0},{"damage":0.0,"enemies":"Hexaghost","floor":16.0,"turns":9.0},{"damage":19.0,"enemies":"Shell Parasite","floor":18.0,"turns":5.0},{"damage":4.0,"enemies":"3 Byrds","floor":20.0,"turns":2.0},{"damage":4.0,"enemies":"Snake Plant","floor":22.0,"turns":4.0},{"damage":19.0,"enemies":"Centurion and Healer","floor":24.0,"turns":8.0},{"damage":7.0,"enemies":"3 Cultists","floor":27.0,"turns":5.0},{"damage":8.0,"enemies":"Sentry and Sphere","floor":28.0,"turns":6.0},{"damage":3.0,"enemies":"Snecko","floor":31.0,"turns":6.0},{"damage":18.0,"enemies":"Collector","floor":33.0,"turns":12.0},{"damage":11,"enemies":"Orb Walker","floor":35,"turns":5},{"damage":3,"enemies":"3 Shapes","floor":37,"turns":5},{"damage":23,"enemies":"Sphere and 2 Shapes","floor":38,"turns":7},{"damage":0,"enemies":"Maw","floor":39,"turns":9},{"damage":14,"enemies":"3 Darklings","floor":42,"turns":6},{"damage":27,"enemies":"4 Shapes","floor":48,"turns":9},{"damage":76,"enemies":"Donu and Deca","floor":50,"turns":6}],"event_choices":[{"event_name":"Purifier","player_choice":"One Purge","floor":2.0,"damage_taken":0.0},{"event_name":"Shining Light","player_choice":"Entered Light","floor":3.0,"damage_taken":0.0},{"event_name":"Big Fish","player_choice":"Box","floor":4.0,"damage_taken":0.0},{"event_name":"The Woman in Blue","player_choice":"Bought 0 Potions","floor":19.0,"damage_taken":0.0},{"event_name":"Drug Dealer","player_choice":"Ignored","floor":29.0,"damage_taken":0.0},{"event_name":"The Library","player_choice":"Heal","floor":30.0,"damage_taken":0.0},{"event_name":"SensoryStone","player_choice":"Memory 1","floor":36,"damage_taken":0},{"event_name":"Mysterious Sphere","player_choice":"Ignore","floor":41,"damage_taken":0}],"boss_relics":[{"not_picked":["Runic Pyramid","White Beast Statue"],"picked":"Eternal Feather"}],"potions_floor_spawned":[1,13,24,27,28,31,42,48],"seed_played":"-2206046825275942099","killed_by":"Donu and Deca","ascension_level":5,"is_trial":false}