{"path_per_floor":["M","M","M","M","?","E","M","R","T","R","M","M","R","E","R","B",null,"M","$","?","?","M","R","?","R","T","$","R","T","M","M","R","B",null,"M","$","?","?","M","R","M","M","T","M","$","R","M","M","R"],"character_chosen":"THE_SILENT","items_purchased":["Adrenaline","Flash of Steel+1","Snake Skull"],"gold_per_floor":[113,124,135,145,145,177,196,196,196,196,207,218,218,243,243,317,317,331,186,186,101,114,114,114,114,114,16,16,41,51,68,68,141,141,160,10,10,10,28,28,45,62,62,82,82,82,100,119,119,119],"floor_reached":50,"campfire_rested":2,"playtime":1783,"item_purchase_floors":[],"current_hp_per_floor":[54,54,53,49,49,20,20,20,20,20,9,4,23,10,10,6,51,44,44,44,44,44,44,44,44,44,44,44,44,32,30,30,8,52,51,51,51,66,46,46,40,36,36,36,36,36,32,20,39,0],"items_purged":["Strike_G"],"gold":119,"score":775,"play_id":"4d1eb619-886e-449e-b8ff-455521599993","local_time":"20180615163330","is_prod":false,"is_daily":false,"chose_seed":false,"is_ascension_mode":true,"campfire_upgraded":9,"win_rate":0,"timestamp":1529048010,"campfire_choices":[{"data":"Noxious Fumes","floor":8.0,"key":"SMITH"},{"data":"Footwork","floor":10.0,"key":"SMITH"},{"floor":13.0,"key":"REST"},{"data":"Noxious Fumes","floor":15.0,"key":"SMITH"},{"data":"Envenom","floor":23.0,"key":"SMITH"},{"data":"Crippling Poison","floor":25.0,"key":"SMITH"},{"data":"Neutralize","floor":28.0,"key":"SMITH"},{"data":"Backflip","floor":32.0,"key":"SMITH"},{"data":"Doppelganger","floor":40.0,"key":"SMITH"},{"data":"Adrenaline","floor":46.0,"key":"SMITH"},{"floor":49.0,"key":"REST"}],"path_taken":["M","?","M","M","?","E","M","R","T","R","M","M","R","E","R","BOSS","M","$","?","?","M","R","?","R","T","?","R","?","?","M","R","BOSS","M","$","?","?","M","R","M","?","T","M","?","R","M","M","R","BOSS"],"build_version":"2018-06-14v2","seed_source_timestamp":0,"purchased_purges":1,"victory":false,"master_deck":["Survivor","Neutralize+1","AscendersBane","Flying Knee","Noxious Fumes+1","Dash","Footwork+1","Flying Knee","All Out Attack","Noxious Fumes+1","Crippling Poison+1","Envenom+1","Adrenaline+1","Bane+1","Flash of Steel+1","Backflip+1","Doppelganger+1","Quick Slash+1","Choke+1","Outmaneuver","Quick Slash+1","Sucker Punch+1","Flying Knee+1","Bouncing Flask","Bane+1","Escape Plan"],"max_hp_per_floor":[66,66,66,66,66,66,66,66,66,66,66,66,66,66,66,66,66,66,66,66,66,66,66,66,66,66,66,66,66,66,66,66,66,66,66,66,66,66,66,66,66,66,66,66,66,66,66,66,66,66],"special_seed":0,"relics":["Ring of the Snake","Bag of Preparation","Question Card","Molten Egg 2","Busted Crown","Mercury Hourglass","Orichalcum","Bottled Flame","Pen Nib","Pandora\u0027s Box","Snake Skull","Mummified Hand"],"card_choices":[{"not_picked":["Backflip","Quick Slash"],"picked":"Flying Knee","floor":1.0},{"not_picked":["Dodge and Roll","Crippling Poison"],"picked":"Noxious Fumes","floor":2.0},{"not_picked":["Concentrate","Quick Slash"],"picked":"Dash","floor":3.0},{"not_picked":["Expertise","Outmaneuver"],"picked":"Footwork","floor":4.0},{"not_picked":["Eviscerate","Dagger Throw"],"picked":"All Out Attack","floor":6.0},{"not_picked":["Prepared","Calculated Gamble"],"picked":"Flying Knee","floor":7.0},{"not_picked":["Underhanded Strike","Deadly Poison","Slice"],"picked":"All Out Attack","floor":11.0},{"not_picked":["Venomology","Dagger Throw","Slice"],"picked":"Noxious Fumes","floor":12.0},{"not_picked":["Deadly Poison","Outmaneuver","Masterful Stab"],"picked":"Crippling Poison","floor":14.0},{"not_picked":["Night Terror","Tactician","Burst"],"picked":"Envenom","floor":16.0},{"not_picked":["Prepared","Quick Slash+1"],"picked":"SKIP","floor":18.0},{"not_picked":["PiercingWail"],"picked":"Bane+1","floor":22.0},{"not_picked":["Deadly Poison","Cloak And Dagger"],"picked":"SKIP","floor":30.0},{"not_picked":["Choke+1"],"picked":"Backflip","floor":31.0},{"not_picked":["Venomology"],"picked":"Doppelganger","floor":33.0},{"not_picked":["Backflip","Acrobatics+1"],"picked":"SKIP","floor":35.0},{"not_picked":["Skewer+1","Heel Hook+1"],"picked":"SKIP","floor":39.0},{"not_picked":["Cloak And Dagger","All Out Attack+1"],"picked":"SKIP","floor":41.0},{"not_picked":["Quick Slash+1","Infinite Blades"],"picked":"SKIP","floor":42.0},{"not_picked":["Skewer+1"],"picked":"Bane+1","floor":44.0},{"not_picked":["Finisher+1","Cloak And Dagger"],"picked":"SKIP","floor":47.0},{"not_picked":["Phantasmal Killer"],"picked":"Escape Plan","floor":48.0}],"player_experience":796079,"potions_floor_usage":[50,50],"damage_taken":[{"damage":5.0,"enemies":"Cultist","floor":1.0,"turns":4.0},{"damage":0.0,"enemies":"Small Slimes","floor":2.0,"turns":3.0},{"damage":1.0,"enemies":"Jaw Worm","floor":3.0,"turns":4.0},{"damage":4.0,"enemies":"Looter","floor":4.0,"turns":4.0},{"damage":29.0,"enemies":"3 Sentries","floor":6.0,"turns":9.0},{"damage":0.0,"enemies":"Red Slaver","floor":7.0,"turns":6.0},{"damage":11.0,"enemies":"Gremlin Gang","floor":11.0,"turns":3.0},{"damage":5.0,"enemies":"Blue Slaver","floor":12.0,"turns":4.0},{"damage":13.0,"enemies":"Gremlin Nob","floor":14.0,"turns":5.0},{"damage":4.0,"enemies":"Hexaghost","floor":16.0,"turns":9.0},{"damage":7.0,"enemies":"2 Thieves","floor":18.0,"turns":4.0},{"damage":0.0,"enemies":"Chosen","floor":22.0,"turns":4.0},{"damage":12.0,"enemies":"Snake Plant","floor":30.0,"turns":4.0},{"damage":2.0,"enemies":"3 Cultists","floor":31.0,"turns":3.0},{"damage":22.0,"enemies":"Collector","floor":33.0,"turns":8.0},{"damage":1.0,"enemies":"3 Shapes","floor":35.0,"turns":4.0},{"damage":20.0,"enemies":"3 Darklings","floor":39.0,"turns":3.0},{"damage":6.0,"enemies":"4 Shapes","floor":41.0,"turns":4.0},{"damage":4.0,"enemies":"Maw","floor":42.0,"turns":5.0},{"damage":0.0,"enemies":"Sphere and 2 Shapes","floor":44.0,"turns":4.0},{"damage":4.0,"enemies":"4 Shapes","floor":47.0,"turns":4.0},{"damage":12.0,"enemies":"3 Darklings","floor":48.0,"turns":3.0},{"damage":39,"enemies":"Donu and Deca","floor":50,"turns":5}],"relics_obtained":[{"floor":6.0,"key":"Bag of Preparation"},{"floor":9.0,"key":"Question Card"},{"floor":14.0,"key":"Molten Egg 2"},{"floor":26.0,"key":"Bottled Flame"},{"floor":29.0,"key":"Pen Nib"},{"floor":43.0,"key":"Mummified Hand"}],"event_choices":[{"event_name":"Purifier","player_choice":"One Purge","floor":5.0,"damage_taken":0.0},{"event_name":"The Mausoleum","player_choice":"Yes","floor":20.0,"damage_taken":0.0},{"event_name":"Addict","player_choice":"Obtained Relic","floor":21.0,"damage_taken":0.0},{"event_name":"Fountain of Cleansing","player_choice":"Removed Curse","floor":24.0,"damage_taken":0.0},{"event_name":"Falling","player_choice":"Removed Attack","floor":37.0,"damage_taken":0.0},{"event_name":"Bonfire Elementals","player_choice":"UNCOMMON","floor":38.0,"damage_taken":0.0}],"boss_relics":[{"not_picked":["Runic Dome","Calling Bell"],"picked":"Busted Crown"},{"not_picked":["Snecko Eye","Astrolabe"],"picked":"Pandora\u0027s Box"}],"items_purged_floors":[],"is_endless":false,"potions_floor_spawned":[3,7,11,16,30,41,44,47,48],"seed_played":"-6362164292292366670","killed_by":"Donu and Deca","ascension_level":14,"potions_obtained":[{"floor":3.0,"key":"GhostInAJar"},{"floor":7.0,"key":"GhostInAJar"},{"floor":16.0,"key":"SteroidPotion"},{"floor":30.0,"key":"Explosive Potion"},{"floor":41.0,"key":"SteroidPotion"},{"floor":44.0,"key":"Block Potion"},{"floor":48.0,"key":"SteroidPotion"}],"is_trial":false}