{"gold_per_floor":[119,119,136,152,171,171,196,196,196,225,241,241,241,255,255,358,358,376,376],"floor_reached":19,"playtime":684,"items_purged":[],"score":204,"play_id":"c0745b32-a516-4e0d-aa56-0c24519822e6","local_time":"20190223190257","is_ascension_mode":false,"campfire_choices":[{"data":"Bash","floor":6,"key":"SMITH"},{"data":"Defend_R","floor":8,"key":"SMITH"},{"data":"Defend_R","floor":13,"key":"SMITH"},{"floor":15,"key":"REST"}],"neow_cost":"NONE","seed_source_timestamp":690827393098214,"circlet_count":0,"master_deck":["Strike_R+1","Strike_R","Strike_R","Strike_R","Defend_R+1","Defend_R+1","Defend_R+1","Bash+1"],"relics":["Black Star","Red Skull","Mercury Hourglass","Happy Flower","Anchor","Potion Belt","Empty Cage"],"potions_floor_usage":[7,7],"damage_taken":[{"damage":5,"enemies":"Small Slimes","floor":1,"turns":3},{"damage":5,"enemies":"Jaw Worm","floor":3,"turns":4},{"damage":1,"enemies":"Cultist","floor":4,"turns":3},{"damage":22,"enemies":"Large Slime","floor":5,"turns":9},{"damage":0,"enemies":"Gremlin Nob","floor":7,"turns":3},{"damage":33,"enemies":"3 Sentries","floor":10,"turns":9},{"damage":0,"enemies":"Exordium Thugs","floor":11,"turns":3},{"damage":0,"enemies":"Red Slaver","floor":14,"turns":2},{"damage":8,"enemies":"Slime Boss","floor":16,"turns":8},{"damage":30,"enemies":"Spheric Guardian","floor":18,"turns":8}],"seed_played":"2347618267435847123","potions_obtained":[{"floor":1,"key":"SteroidPotion"},{"floor":3,"key":"GamblersBrew"},{"floor":4,"key":"EssenceOfSteel"},{"floor":7,"key":"SneckoOil"},{"floor":16,"key":"Regen Potion"},{"floor":18,"key":"Weak Potion"}],"is_trial":false,"path_per_floor":["M","?","M","M","M","R","E","R","T","E","M","?","R","M","R","B",null,"M","$"],"character_chosen":"IRONCLAD","items_purchased":[],"campfire_rested":1,"item_purchase_floors":[],"current_hp_per_floor":[75,80,75,74,52,52,52,52,52,19,19,2,2,2,27,19,85,55,55],"gold":376,"neow_bonus":"BOSS_RELIC","is_prod":false,"is_daily":false,"chose_seed":false,"campfire_upgraded":3,"win_rate":0,"timestamp":1550916177,"path_taken":["M","?","M","M","M","R","E","R","T","E","M","?","R","M","R","BOSS","M","$"],"build_version":"2019-01-23","purchased_purges":0,"victory":false,"max_hp_per_floor":[80,85,85,85,85,85,85,85,85,85,85,85,85,85,85,85,85,85,85],"card_choices":[{"not_picked":["Combust","Thunderclap","Iron Wave"],"picked":"SKIP","floor":1},{"not_picked":["Rampage","Clash","Sword Boomerang"],"picked":"SKIP","floor":3},{"not_picked":["Flame Barrier","Metallicize","Iron Wave"],"picked":"SKIP","floor":4},{"not_picked":["Metallicize","Rage","Spot Weakness"],"picked":"SKIP","floor":5},{"not_picked":["Iron Wave","Wild Strike","Fiend Fire"],"picked":"SKIP","floor":7},{"not_picked":["Armaments","Cleave","Headbutt"],"picked":"SKIP","floor":10},{"not_picked":["Pommel Strike","Sword Boomerang","Iron Wave"],"picked":"SKIP","floor":11},{"not_picked":["Searing Blow","True Grit","Twin Strike"],"picked":"SKIP","floor":14},{"not_picked":["Seeing Red","Rupture+1","Feel No Pain+1"],"picked":"SKIP","floor":18}],"player_experience":897934,"relics_obtained":[{"floor":7,"key":"Red Skull"},{"floor":7,"key":"Mercury Hourglass"},{"floor":9,"key":"Happy Flower"},{"floor":10,"key":"Anchor"},{"floor":10,"key":"Potion Belt"}],"event_choices":[{"damage_healed":0,"gold_gain":0,"player_choice":"Donut","damage_taken":0,"max_hp_gain":5,"max_hp_loss":0,"event_name":"Big Fish","floor":2,"gold_loss":0},{"damage_healed":0,"gold_gain":0,"player_choice":"Entered Light","damage_taken":17,"max_hp_gain":0,"max_hp_loss":0,"event_name":"Shining Light","floor":12,"gold_loss":0,"cards_upgraded":["Strike_R","Defend_R"]}],"is_beta":false,"boss_relics":[{"not_picked":["Busted Crown","Eternal Feather"],"picked":"Empty Cage"}],"items_purged_floors":[],"is_endless":false,"potions_floor_spawned":[1,3,4,7,16,18],"ascension_level":0}