{"gold_per_floor":[112,37,47,47,67,67,100,100,125,140,53,53,70,82,82,181,181,199,199,50,50,50,84,84,95,95,20,35,67,67,167,167,270,270,290,305,185,185],"floor_reached":38,"playtime":2125,"items_purged":["Strike_R","Strike_R"],"score":474,"play_id":"93ae1a40-5a31-4ed2-b3f0-ec185cd0e41f","local_time":"20181112221642","is_ascension_mode":true,"campfire_choices":[{"data":"Armaments","floor":6,"key":"SMITH"},{"data":"Body Slam","floor":8,"key":"SMITH"},{"data":"Good Instincts","floor":12,"key":"SMITH"},{"data":"True Grit","floor":15,"key":"SMITH"},{"data":"Barricade","floor":30,"key":"SMITH"},{"floor":32,"key":"REST"}],"neow_cost":"NONE","seed_source_timestamp":785920388037437,"circlet_count":0,"master_deck":["Strike_R","Strike_R","Strike_R","Defend_R","Defend_R","Defend_R","Defend_R","Bash","Impatience","Body Slam+1","Armaments+1","Iron Wave","Good Instincts+1","True Grit+1","Barricade+1","Iron Wave","Body Slam+1","Shrug It Off+1","Juggernaut","Body Slam","Armaments"],"relics":["Burning Blood","Happy Flower","Juzu Bracelet","Bag of Preparation","Cursed Key","PreservedInsect","Girya","The Courier","Meat on the Bone","White Beast Statue"],"potions_floor_usage":[7,28,29,35,36,38],"damage_taken":[{"damage":4,"enemies":"Small Slimes","floor":1,"turns":4},{"damage":1,"enemies":"Cultist","floor":3,"turns":4},{"damage":3,"enemies":"2 Louse","floor":5,"turns":3},{"damage":20,"enemies":"Lagavulin","floor":7,"turns":6},{"damage":17,"enemies":"Lots of Slimes","floor":10,"turns":5},{"damage":6,"enemies":"Looter","floor":13,"turns":2},{"damage":2,"enemies":"Red Slaver","floor":14,"turns":4},{"damage":52,"enemies":"Slime Boss","floor":16,"turns":16},{"damage":0,"enemies":"Chosen","floor":18,"turns":8},{"damage":47,"enemies":"Book of Stabbing","floor":23,"turns":7},{"damage":4,"enemies":"Shell Parasite","floor":25,"turns":5},{"damage":1,"enemies":"Centurion and Healer","floor":28,"turns":7},{"damage":5,"enemies":"Gremlin Leader","floor":29,"turns":6},{"damage":32,"enemies":"Collector","floor":33,"turns":13},{"damage":11,"enemies":"Orb Walker","floor":35,"turns":4},{"damage":15,"enemies":"3 Shapes","floor":36,"turns":4},{"damage":92,"enemies":"Jaw Worm Horde","floor":38,"turns":3}],"seed_played":"1047190317015119628","potions_obtained":[{"floor":1,"key":"Ancient Potion"},{"floor":5,"key":"Block Potion"},{"floor":13,"key":"LiquidBronze"},{"floor":16,"key":"SpeedPotion"},{"floor":23,"key":"Strength Potion"},{"floor":29,"key":"SpeedPotion"},{"floor":33,"key":"FearPotion"},{"floor":35,"key":"Fire Potion"},{"floor":36,"key":"PowerPotion"}],"is_trial":false,"path_per_floor":["M","$","M","?","M","R","E","R","T","M","$","R","M","M","R","B",null,"M","?","$","?","$","E","?","M","T","?","M","E","R","?","R","B",null,"M","M","$","M"],"character_chosen":"IRONCLAD","items_purchased":["Good Instincts","PreservedInsect","Armaments"],"campfire_rested":1,"item_purchase_floors":[11,20,37],"current_hp_per_floor":[80,80,80,80,80,80,66,66,66,55,55,55,55,59,59,13,80,80,72,72,72,72,31,31,33,33,33,38,39,39,39,63,49,80,75,66,66,0],"gold":185,"neow_bonus":"RANDOM_COLORLESS","is_prod":false,"is_daily":false,"chose_seed":false,"campfire_upgraded":5,"win_rate":0,"timestamp":1542079002,"path_taken":["M","$","M","?","M","R","E","R","T","M","?","R","M","M","R","BOSS","M","?","$","?","$","E","?","M","T","?","M","E","R","?","R","BOSS","M","M","$","M"],"build_version":"2018-11-08","purchased_purges":2,"victory":false,"max_hp_per_floor":[80,80,80,80,80,80,80,80,80,80,80,80,80,80,80,80,80,80,80,80,80,80,80,80,80,80,80,80,80,80,80,80,80,80,80,80,80,80],"card_choices":[{"not_picked":["Havoc","Rampage"],"picked":"Body Slam","floor":1},{"not_picked":["Clothesline","Wild Strike","Rage"],"picked":"SKIP","floor":3},{"not_picked":["Hemokinesis","Limit Break"],"picked":"Armaments","floor":5},{"not_picked":["Spot Weakness","Evolve"],"picked":"Iron Wave","floor":7},{"not_picked":["Heavy Blade","Uppercut","Cleave"],"picked":"SKIP","floor":10},{"not_picked":["Combust","Searing Blow"],"picked":"True Grit","floor":13},{"not_picked":["Twin Strike","Clash","Havoc"],"picked":"SKIP","floor":14},{"not_picked":["Berserk","Offering"],"picked":"Barricade","floor":16},{"not_picked":["Pommel Strike+1","Thunderclap"],"picked":"Iron Wave","floor":18},{"not_picked":["Bludgeon","Carnage","Sword Boomerang+1"],"picked":"SKIP","floor":23},{"not_picked":["Pommel Strike","Anger","Inflame"],"picked":"SKIP","floor":25},{"not_picked":["Clothesline","Sever Soul+1","Seeing Red"],"picked":"SKIP","floor":28},{"not_picked":["Pummel","Fire Breathing"],"picked":"Shrug It Off+1","floor":29},{"not_picked":["Berserk","Bludgeon"],"picked":"Juggernaut","floor":33},{"not_picked":["Flex","Headbutt","Sword Boomerang+1"],"picked":"SKIP","floor":35},{"not_picked":["Flame Barrier+1","Reckless Charge"],"picked":"Body Slam","floor":36}],"player_experience":805461,"relics_obtained":[{"floor":7,"key":"Juzu Bracelet"},{"floor":9,"key":"Bag of Preparation"},{"floor":23,"key":"Girya"},{"floor":26,"key":"The Courier"},{"floor":29,"key":"Meat on the Bone"}],"event_choices":[{"damage_healed":0,"gold_gain":0,"player_choice":"Gave Potion","damage_taken":0,"relics_obtained":["Happy Flower"],"max_hp_gain":0,"max_hp_loss":0,"event_name":"WeMeetAgain","floor":4,"gold_loss":0},{"damage_healed":0,"gold_gain":0,"player_choice":"Damaged","damage_taken":8,"max_hp_gain":0,"max_hp_loss":0,"event_name":"Wheel of Change","floor":19,"gold_loss":0},{"damage_healed":0,"gold_gain":0,"player_choice":"Ignored","damage_taken":0,"max_hp_gain":0,"max_hp_loss":0,"event_name":"Ghosts","floor":21,"gold_loss":0},{"damage_healed":0,"gold_gain":0,"player_choice":"Copied","damage_taken":0,"max_hp_gain":0,"max_hp_loss":0,"event_name":"Duplicator","floor":24,"gold_loss":0,"cards_obtained":["Body Slam"]},{"cards_removed":["Decay"],"damage_healed":0,"gold_gain":0,"player_choice":"Gave Gold","damage_taken":0,"max_hp_gain":0,"max_hp_loss":0,"event_name":"Beggar","floor":27,"gold_loss":75},{"damage_healed":0,"gold_gain":100,"player_choice":"Pray","damage_taken":0,"max_hp_gain":0,"max_hp_loss":0,"event_name":"Golden Shrine","floor":31,"gold_loss":0}],"is_beta":false,"boss_relics":[{"not_picked":["Runic Cube","Astrolabe"],"picked":"Cursed Key"},{"not_picked":["Coffee Dripper","Runic Dome"],"picked":"White Beast Statue"}],"items_purged_floors":[2,37],"is_endless":false,"potions_floor_spawned":[1,5,13,16,23,29,33,35,36],"killed_by":"Jaw Worm Horde","ascension_level":3}