{"gold_per_floor":[110,125,125,125,140,140,167,177,201,201],"floor_reached":10,"playtime":564,"items_purged":[],"score":92,"play_id":"27878745-8ebc-4f7d-b7ea-46ffd2f70ffb","local_time":"20181222103048","is_ascension_mode":true,"campfire_choices":[{"data":"Footwork","floor":6,"key":"SMITH"}],"neow_cost":"NONE","seed_source_timestamp":146215036069789,"circlet_count":0,"master_deck":["Defend_G","Defend_G","Defend_G","Defend_G","Defend_G","Strike_G","Strike_G","Strike_G","Strike_G","Strike_G","Survivor","Neutralize+1","Deadly Poison","Footwork+1","Escape Plan","Distraction","Deflect"],"relics":["Ring of the Snake","Strawberry","Potion Belt","Centennial Puzzle"],"potions_floor_usage":[7,7,8],"damage_taken":[{"damage":5,"enemies":"Small Slimes","floor":1,"turns":5},{"damage":0,"enemies":"Cultist","floor":2,"turns":3},{"damage":9,"enemies":"Jaw Worm","floor":5,"turns":4},{"damage":46,"enemies":"Gremlin Nob","floor":7,"turns":6},{"damage":2,"enemies":"Exordium Wildlife","floor":8,"turns":4},{"damage":14,"enemies":"Lagavulin","floor":10,"turns":14}],"seed_played":"7352041724142640470","potions_obtained":[{"floor":0,"key":"Block Potion"},{"floor":0,"key":"Swift Potion"},{"floor":0,"key":"FearPotion"},{"floor":1,"key":"Poison Potion"},{"floor":7,"key":"Fire Potion"}],"is_trial":false,"path_per_floor":["M","M","?","?","M","R","E","M","T","E"],"character_chosen":"THE_SILENT","items_purchased":[],"campfire_rested":0,"item_purchase_floors":[],"current_hp_per_floor":[58,58,58,65,56,56,10,8,8,0],"gold":201,"neow_bonus":"THREE_SMALL_POTIONS","is_prod":false,"is_daily":false,"chose_seed":false,"campfire_upgraded":1,"win_rate":0,"timestamp":1545492648,"path_taken":["M","M","?","?","?","R","E","M","T","E"],"build_version":"2018-12-20","purchased_purges":0,"victory":false,"max_hp_per_floor":[70,70,70,77,77,77,77,77,77,77],"card_choices":[{"not_picked":["Heel Hook","Escape Plan"],"picked":"Deadly Poison","floor":1},{"not_picked":["Blade Dance","Dagger Spray"],"picked":"Footwork","floor":2},{"not_picked":["Quick Slash","Sucker Punch"],"picked":"Escape Plan","floor":5},{"not_picked":["Glass Knife","Outmaneuver"],"picked":"Distraction","floor":7},{"not_picked":["Flying Knee","Dodge and Roll"],"picked":"Deflect","floor":8}],"player_experience":336810,"relics_obtained":[{"floor":7,"key":"Potion Belt"},{"floor":9,"key":"Centennial Puzzle"}],"event_choices":[{"damage_healed":0,"gold_gain":0,"player_choice":"Grow","damage_taken":0,"max_hp_gain":0,"max_hp_loss":0,"event_name":"Living Wall","floor":3,"gold_loss":0,"cards_upgraded":["Neutralize"]},{"damage_healed":0,"gold_gain":0,"player_choice":"Gave Potion","damage_taken":0,"relics_obtained":["Strawberry"],"max_hp_gain":0,"max_hp_loss":0,"event_name":"WeMeetAgain","floor":4,"gold_loss":0}],"is_beta":false,"boss_relics":[],"items_purged_floors":[],"is_endless":false,"potions_floor_spawned":[1,2,7],"killed_by":"Lagavulin","ascension_level":7}