{"path_per_floor":["M","T","M","M","$","R","M","E","T","M","?","R","E","M","R","B",null,"M","M","M","M","M","R","M","E","T"],"character_chosen":"DEFECT","items_purchased":[],"gold_per_floor":[118,118,136,156,81,81,91,120,147,165,195,195,220,238,238,337,337,353,369,380,399,410,410,421,455,508,508],"floor_reached":27,"campfire_rested":0,"playtime":2181,"item_purchase_floors":[],"current_hp_per_floor":[75,75,75,72,72,72,54,37,44,50,44,44,35,41,41,17,82,67,50,50,50,26,26,18,18,18,0],"items_purged":["Defend_B"],"gold":508,"score":261,"play_id":"88a2b100-6a98-4ad4-b1c5-0789ca54ca0a","local_time":"20180602201850","is_prod":false,"is_daily":false,"chose_seed":false,"is_ascension_mode":true,"campfire_upgraded":4,"win_rate":0.0,"timestamp":1527938330,"campfire_choices":[{"data":"Zap","floor":6,"key":"SMITH"},{"data":"Streamline","floor":12,"key":"SMITH"},{"data":"Redo","floor":15,"key":"SMITH"},{"data":"Reboot","floor":23,"key":"SMITH"}],"path_taken":["M","?","M","M","$","R","M","E","T","M","?","R","E","M","R","BOSS","M","M","M","M","M","R","?","E","T","E"],"build_version":"2018-05-31","seed_source_timestamp":858535880210176,"purchased_purges":1,"victory":false,"master_deck":["Strike_B","Strike_B","Strike_B","Strike_B","Defend_B","Defend_B","Defend_B","Zap+1","Dualcast","Streamline+1","Redo+1","Ball Lightning","FTL","Reboot+1","Rebound","Echo Form","Hologram+1","Fusion+1"],"max_hp_per_floor":[75,75,75,75,75,75,75,75,82,82,82,82,82,82,82,82,82,82,82,82,82,82,82,82,82,82,82],"relics":["Cracked Core","Shuriken","Meat on the Bone","Strawberry","Odd Mushroom","Darkstone Periapt","Nuclear Battery","Boot","Vajra"],"card_choices":[{"not_picked":["Redo","Rebound"],"picked":"Streamline","floor":1},{"not_picked":["Storm","Barrage"],"picked":"Redo","floor":3},{"not_picked":["Barrage","Scrape","Rebound"],"picked":"SKIP","floor":4},{"not_picked":["Scrape","Go for the Eyes"],"picked":"Ball Lightning","floor":7},{"not_picked":["Creative AI","Barrage","Steam"],"picked":"SKIP","floor":8},{"not_picked":["Stack","Self Repair"],"picked":"FTL","floor":10},{"not_picked":["Steam Power","FTL"],"picked":"Reboot","floor":13},{"not_picked":["Storm","Scrape"],"picked":"Rebound","floor":14},{"not_picked":["Rainbow","Reboot"],"picked":"Echo Form","floor":16},{"not_picked":["Defragment","Lockon"],"picked":"Hologram+1","floor":18},{"not_picked":["Ball Lightning","Fusion","Leap"],"picked":"SKIP","floor":19},{"not_picked":["Steam","Go for the Eyes","Cold Snap"],"picked":"SKIP","floor":20},{"not_picked":["Stack","Barrage","Hologram"],"picked":"SKIP","floor":21},{"not_picked":["Force Field","Sweeping Beam","Skim+1"],"picked":"SKIP","floor":22},{"not_picked":["Beam Cell","Rebound","Scrape"],"picked":"SKIP","floor":24},{"not_picked":["Scrape","Undo"],"picked":"Fusion+1","floor":25}],"player_experience":739396,"potions_floor_usage":[18,24,25,27,27,27],"damage_taken":[{"damage":0,"enemies":"Cultist","floor":1,"turns":4},{"damage":0,"enemies":"Small Slimes","floor":3,"turns":2},{"damage":3,"enemies":"Jaw Worm","floor":4,"turns":4},{"damage":18,"enemies":"Lots of Slimes","floor":7,"turns":4},{"damage":17,"enemies":"3 Sentries","floor":8,"turns":6},{"damage":6,"enemies":"3 Louse","floor":10,"turns":2},{"damage":18,"enemies":"The Mushroom Lair","floor":11,"turns":4},{"damage":21,"enemies":"Lagavulin","floor":13,"turns":6},{"damage":6,"enemies":"Exordium Thugs","floor":14,"turns":3},{"damage":36,"enemies":"Hexaghost","floor":16,"turns":6},{"damage":15,"enemies":"3 Byrds","floor":18,"turns":3},{"damage":17,"enemies":"Shell Parasite","floor":19,"turns":4},{"damage":0,"enemies":"Chosen and Byrds","floor":20,"turns":4},{"damage":0,"enemies":"Sentry and Sphere","floor":21,"turns":2},{"damage":36,"enemies":"Centurion and Healer","floor":22,"turns":5},{"damage":20,"enemies":"Snake Plant","floor":24,"turns":3},{"damage":12,"enemies":"Gremlin Leader","floor":25,"turns":5},{"damage":27,"enemies":"Slavers","floor":27,"turns":1}],"relics_obtained":[{"floor":2,"key":"Shuriken"},{"floor":8,"key":"Meat on the Bone"},{"floor":9,"key":"Strawberry"},{"floor":11,"key":"Odd Mushroom"},{"floor":13,"key":"Darkstone Periapt"},{"floor":25,"key":"Boot"},{"floor":26,"key":"Vajra"}],"event_choices":[{"event_name":"Mushrooms","player_choice":"Fought Mushrooms","floor":11,"damage_taken":0}],"boss_relics":[{"not_picked":["Tiny House","Black Star"],"picked":"Nuclear Battery"}],"items_purged_floors":[5],"potions_floor_spawned":[7,10,13,14,16,18,22,24,25],"seed_played":"1516200232066267539","killed_by":"Slavers","ascension_level":1,"potions_obtained":[{"floor":7,"key":"EssenceOfSteel"},{"floor":10,"key":"Swift Potion"},{"floor":13,"key":"Ancient Potion"},{"floor":14,"key":"Energy Potion"},{"floor":18,"key":"FocusPotion"},{"floor":22,"key":"Block Potion"},{"floor":24,"key":"Strength Potion"},{"floor":25,"key":"Explosive Potion"}],"is_trial":false}