{"gold_per_floor":[118,131,131,131,131,172,172,213,284,284,304,328,69,69,69,199,262,281,297,297,297,321,394,394,409,434,29,44,44,144,164,164,289,289,309,642,642,642,654,705,705,705,757,791,173,173,191,205,205,205],"floor_reached":51,"playtime":3079,"items_purged":[],"score":842,"play_id":"ae08b008-4660-4292-b276-4b917c50ea3b","local_time":"20181215150917","is_ascension_mode":true,"campfire_choices":[{"data":"Perfected Strike","floor":7,"key":"SMITH"},{"floor":10,"key":"REST"},{"data":"Perfected Strike","floor":15,"key":"SMITH"},{"data":"Flex","floor":24,"key":"SMITH"},{"data":"Jack Of All Trades","floor":32,"key":"SMITH"},{"data":"Demon Form","floor":42,"key":"SMITH"},{"data":"Enlightenment","floor":46,"key":"SMITH"},{"data":"Magnetism","floor":49,"key":"SMITH"}],"neow_cost":"PERCENT_DAMAGE","seed_source_timestamp":248136555262615,"circlet_count":0,"master_deck":["Strike_R","Strike_R","Strike_R","Strike_R+1","Strike_R","Defend_R","Defend_R","Defend_R","Bash","Perfected Strike+1","Perfected Strike+1","Flex+1","Perfected Strike","Cleave","Rage","Reaper+1","Flex","Jack Of All Trades+1","Reaper+1","Clothesline","Flex+1","Heavy Blade+1","Necronomicurse","Perfected Strike","Wild Strike","Armaments+1","Ghostly Armor","Intimidate+1","Demon Form+1","Heavy Blade+1","Bandage Up","Magnetism+1","Enlightenment+1","Flex+1","Shrug It Off+1","Shrug It Off+1"],"relics":["Burning Blood","Du-Vu Doll","Smiling Mask","Ginger","Blue Candle","Bottled Lightning","Tiny House","Necronomicon","Tiny Chest","Centennial Puzzle","Kunai","Orichalcum","Busted Crown","Incense Burner","Oddly Smooth Stone","Pear","Pen Nib","OrangePellets","Bottled Flame"],"potions_floor_usage":[8,16,16,16,16,16,23,23,40,50],"damage_taken":[{"damage":15,"enemies":"Jaw Worm","floor":1,"turns":5},{"damage":1,"enemies":"2 Louse","floor":2,"turns":2},{"damage":26,"enemies":"3 Sentries","floor":6,"turns":7},{"damage":21,"enemies":"Lagavulin","floor":8,"turns":4},{"damage":5,"enemies":"Small Slimes","floor":11,"turns":2},{"damage":0,"enemies":"2 Fungi Beasts","floor":12,"turns":2},{"damage":29,"enemies":"Hexaghost","floor":16,"turns":8},{"damage":45,"enemies":"Shell Parasite","floor":18,"turns":8},{"damage":30,"enemies":"3 Byrds","floor":19,"turns":6},{"damage":0,"enemies":"Snecko","floor":22,"turns":3},{"damage":26,"enemies":"Book of Stabbing","floor":23,"turns":5},{"damage":5,"enemies":"Cultist and Chosen","floor":25,"turns":3},{"damage":11,"enemies":"3 Cultists","floor":28,"turns":4},{"damage":0,"enemies":"Shelled Parasite and Fungi","floor":31,"turns":3},{"damage":78,"enemies":"Champ","floor":33,"turns":9},{"damage":13,"enemies":"3 Darklings","floor":35,"turns":4},{"damage":22,"enemies":"3 Shapes","floor":39,"turns":4},{"damage":44,"enemies":"Reptomancer","floor":40,"turns":5},{"damage":22,"enemies":"Nemesis","floor":44,"turns":5},{"damage":20,"enemies":"Spire Growth","floor":47,"turns":3},{"damage":10,"enemies":"Writhing Mass","floor":48,"turns":4},{"damage":62,"enemies":"Time Eater","floor":50,"turns":8}],"seed_played":"6892029680370720893","potions_obtained":[{"floor":1,"key":"Explosive Potion"},{"floor":6,"key":"SneckoOil"},{"floor":11,"key":"EntropicBrew"},{"floor":17,"key":"FairyPotion"},{"floor":19,"key":"Energy Potion"},{"floor":22,"key":"Block Potion"},{"floor":33,"key":"Swift Potion"},{"floor":39,"key":"Fire Potion"},{"floor":44,"key":"Regen Potion"}],"is_trial":false,"path_per_floor":["M","M","?","?","$","E","R","E","T","R","M","M","$","?","R","B",null,"M","M","?","?","M","E","R","M","T","$","M","$","?","M","R","B",null,"M","?","?","?","M","E","?","R","T","E","$","R","M","M","R","B",null],"character_chosen":"IRONCLAD","items_purchased":["Reaper","Flex","Jack Of All Trades","Kunai","Orichalcum","Pen Nib","OrangePellets","Bottled Flame"],"campfire_rested":1,"item_purchase_floors":[13,13,13,27,27,45,45,45],"current_hp_per_floor":[47,52,45,45,45,25,25,10,10,32,33,39,39,39,39,25,79,40,36,20,20,42,38,38,79,79,79,79,79,79,79,79,7,79,79,79,69,69,74,52,52,52,52,58,58,58,64,85,85,52],"gold":205,"neow_bonus":"ONE_RARE_RELIC","is_prod":false,"is_daily":false,"chose_seed":false,"campfire_upgraded":7,"win_rate":0,"timestamp":1544904557,"path_taken":["M","M","?","?","?","E","R","E","T","R","M","M","$","?","R","BOSS","M","M","?","?","M","E","R","?","T","$","M","$","?","?","R","BOSS","M","?","?","?","M","E","?","R","T","E","$","R","M","M","R","BOSS"],"build_version":"2018-12-13","purchased_purges":0,"victory":true,"max_hp_per_floor":[80,80,80,74,74,74,74,74,74,74,74,74,74,74,74,74,79,79,79,79,79,79,79,79,79,79,79,79,79,79,79,79,79,79,79,79,79,79,79,79,79,79,79,89,89,89,89,89,89,89],"card_choices":[{"not_picked":["Dropkick","Iron Wave"],"picked":"Perfected Strike","floor":1},{"not_picked":["Armaments","True Grit"],"picked":"Perfected Strike","floor":2},{"not_picked":["Clothesline","Havoc"],"picked":"Flex","floor":6},{"not_picked":["Evolve","Shrug It Off"],"picked":"Perfected Strike","floor":8},{"not_picked":["Rage","Dropkick"],"picked":"Cleave","floor":11},{"not_picked":["Reckless Charge","Carnage"],"picked":"Rage","floor":12},{"not_picked":["Impervious","Exhume"],"picked":"Reaper","floor":16},{"not_picked":["Headbutt","Cleave"],"picked":"Clothesline","floor":17},{"not_picked":["Twin Strike","Pommel Strike"],"picked":"Flex+1","floor":18},{"not_picked":["Shrug It Off","Dual Wield"],"picked":"Heavy Blade+1","floor":19},{"not_picked":["Blood for Blood","Warcry"],"picked":"Perfected Strike","floor":22},{"not_picked":["Carnage","Searing Blow"],"picked":"Wild Strike","floor":23},{"not_picked":["Flex","Body Slam+1"],"picked":"Armaments+1","floor":25},{"not_picked":["Blood for Blood","Metallicize"],"picked":"Ghostly Armor","floor":28},{"not_picked":["Seeing Red","Clothesline"],"picked":"Intimidate+1","floor":31},{"not_picked":["Fiend Fire","Feed"],"picked":"Demon Form","floor":33},{"not_picked":[],"picked":"Heavy Blade+1","floor":35},{"not_picked":[],"picked":"Bandage Up","floor":37},{"not_picked":[],"picked":"Magnetism","floor":37},{"not_picked":[],"picked":"Enlightenment","floor":37},{"not_picked":[],"picked":"Flex+1","floor":39},{"not_picked":["True Grit"],"picked":"SKIP","floor":40},{"not_picked":["Dropkick"],"picked":"SKIP","floor":44},{"not_picked":[],"picked":"Shrug It Off+1","floor":47},{"not_picked":[],"picked":"Shrug It Off+1","floor":48}],"player_experience":320869,"relics_obtained":[{"floor":6,"key":"Ginger"},{"floor":8,"key":"Blue Candle"},{"floor":9,"key":"Bottled Lightning"},{"floor":20,"key":"Necronomicon"},{"floor":23,"key":"Tiny Chest"},{"floor":26,"key":"Centennial Puzzle"},{"floor":40,"key":"Incense Burner"},{"floor":43,"key":"Oddly Smooth Stone"},{"floor":44,"key":"Pear"}],"event_choices":[{"damage_healed":0,"gold_gain":0,"player_choice":"Success","damage_taken":7,"relics_obtained":["Smiling Mask"],"max_hp_gain":0,"max_hp_loss":0,"event_name":"Scrap Ooze","floor":3,"gold_loss":0},{"damage_healed":0,"gold_gain":0,"player_choice":"Lose Max HP","damage_taken":0,"relics_obtained":["Golden Idol"],"max_hp_gain":0,"max_hp_loss":6,"event_name":"Golden Idol","floor":4,"gold_loss":0},{"damage_healed":0,"gold_gain":0,"player_choice":"Grow","damage_taken":0,"max_hp_gain":0,"max_hp_loss":0,"event_name":"Living Wall","floor":14,"gold_loss":0,"cards_upgraded":["Reaper"]},{"damage_healed":0,"gold_gain":0,"player_choice":"Obtained Book","damage_taken":16,"max_hp_gain":0,"max_hp_loss":0,"event_name":"Cursed Tome","floor":20,"gold_loss":0},{"damage_healed":0,"gold_gain":0,"player_choice":"Upgraded","damage_taken":0,"max_hp_gain":0,"max_hp_loss":0,"event_name":"Upgrade Shrine","floor":21,"gold_loss":0,"cards_upgraded":["Reaper"]},{"damage_healed":0,"gold_gain":100,"player_choice":"Pray","damage_taken":0,"max_hp_gain":0,"max_hp_loss":0,"event_name":"Golden Shrine","floor":30,"gold_loss":0},{"damage_healed":0,"gold_gain":333,"player_choice":"Gave Idol","damage_taken":0,"max_hp_gain":0,"max_hp_loss":0,"event_name":"The Moai Head","floor":36,"relics_lost":["Golden Idol"],"gold_loss":0},{"damage_healed":0,"gold_gain":0,"player_choice":"Memory 3","damage_taken":10,"max_hp_gain":0,"max_hp_loss":0,"event_name":"SensoryStone","floor":37,"gold_loss":0},{"damage_healed":0,"gold_gain":0,"player_choice":"Ignored","damage_taken":0,"max_hp_gain":0,"max_hp_loss":0,"event_name":"Tomb of Lord Red Mask","floor":38,"gold_loss":0},{"cards_removed":["Defend_R"],"damage_healed":0,"gold_gain":0,"player_choice":"Card Removal","damage_taken":0,"max_hp_gain":0,"max_hp_loss":0,"event_name":"Wheel of Change","floor":41,"gold_loss":0}],"is_beta":false,"boss_relics":[{"not_picked":["Sozu","Runic Pyramid"],"picked":"Tiny House"},{"not_picked":["Runic Dome","Fusion Hammer"],"picked":"Busted Crown"}],"items_purged_floors":[],"is_endless":false,"potions_floor_spawned":[1,6,11,19,22,33,39,44,47],"ascension_level":1}