{"gold_per_floor":[115,290,22,22,22,22,47,91,140,163,177,201,239,264,264,390,390,414,513,186,186,201,201,225,71,71,71,71,107,107],"floor_reached":30,"playtime":1512,"items_purged":["Doubt"],"score":295,"play_id":"540acaf4-6396-4fe0-87fc-10967e34c70d","local_time":"20181215154452","is_ascension_mode":true,"campfire_choices":[{"data":"Static Discharge","floor":6,"key":"SMITH"},{"data":"Echo Form","floor":15,"key":"SMITH"},{"data":"Biased Cognition","floor":23,"key":"SMITH"},{"data":"Lockon","floor":28,"key":"SMITH"}],"neow_cost":"NONE","seed_source_timestamp":251838584693202,"circlet_count":0,"master_deck":["Strike_B","Strike_B","Strike_B","Strike_B","Defend_B","Defend_B","Defend_B","Defend_B","Zap","Dualcast","Static Discharge+1","Ball Lightning","FTL","Ball Lightning","Conserve Battery","Echo Form+1","Steam","Streamline","Biased Cognition+1","BootSequence+1","Defragment","Streamline","Streamline","Defragment","Lockon+1","Writhe","Steam"],"relics":["Cracked Core","NeowsBlessing","ClockworkSouvenir","Golden Idol","Odd Mushroom","Cables","Smiling Mask","Bag of Preparation","Snecko Eye","Meat on the Bone","Nilry\u0027s Codex","Blood Vial","Ancient Tea Set","Bag of Marbles"],"potions_floor_usage":[13,16,16,16,22,22,24],"damage_taken":[{"damage":0,"enemies":"Jaw Worm","floor":1,"turns":1},{"damage":0,"enemies":"The Mushroom Lair","floor":7,"turns":2},{"damage":0,"enemies":"Lagavulin","floor":8,"turns":1},{"damage":14,"enemies":"2 Louse","floor":10,"turns":1},{"damage":0,"enemies":"Small Slimes","floor":11,"turns":2},{"damage":4,"enemies":"Exordium Wildlife","floor":12,"turns":3},{"damage":18,"enemies":"3 Sentries","floor":13,"turns":4},{"damage":13,"enemies":"3 Louse","floor":14,"turns":3},{"damage":13,"enemies":"Hexaghost","floor":16,"turns":6},{"damage":13,"enemies":"Chosen","floor":18,"turns":4},{"damage":7,"enemies":"Spheric Guardian","floor":22,"turns":3},{"damage":19,"enemies":"Centurion and Healer","floor":24,"turns":4},{"damage":26,"enemies":"Slavers","floor":29,"turns":3},{"damage":31,"enemies":"Shelled Parasite and Fungi","floor":30,"turns":3}],"seed_played":"-9150384530928201423","potions_obtained":[{"floor":1,"key":"Ancient Potion"},{"floor":10,"key":"Dexterity Potion"},{"floor":11,"key":"Regen Potion"},{"floor":13,"key":"Swift Potion"},{"floor":16,"key":"PowerPotion"},{"floor":18,"key":"AttackPotion"},{"floor":22,"key":"SkillPotion"},{"floor":24,"key":"LiquidBronze"}],"is_trial":false,"path_per_floor":["M","?","$","?","?","R","?","E","T","M","M","M","E","M","R","B",null,"M","?","$","?","M","R","M","$","T","?","R","E","M"],"character_chosen":"DEFECT","items_purchased":["Static Discharge","ClockworkSouvenir","Meat on the Bone","Defragment","Defragment","Lockon"],"campfire_rested":0,"item_purchase_floors":[3,3,20,20,25,25],"current_hp_per_floor":[75,75,75,75,69,69,69,69,69,55,55,51,45,32,32,19,69,56,56,56,40,45,45,38,38,38,38,38,26,0],"gold":107,"neow_bonus":"THREE_ENEMY_KILL","is_prod":false,"is_daily":false,"chose_seed":false,"campfire_upgraded":4,"win_rate":0,"timestamp":1544906692,"path_taken":["M","?","$","?","?","R","?","E","T","M","M","?","E","M","R","BOSS","M","?","$","?","M","R","M","?","T","?","R","E","M"],"build_version":"2018-12-13","purchased_purges":1,"victory":false,"max_hp_per_floor":[75,75,75,75,69,69,69,69,69,69,69,69,69,69,69,69,69,69,69,69,69,69,69,69,69,69,69,69,69,69],"card_choices":[{"not_picked":["Aggregate","Barrage","Rebound"],"picked":"SKIP","floor":1},{"not_picked":["Cold Snap","Undo"],"picked":"Ball Lightning","floor":7},{"not_picked":["Go for the Eyes","Meteor Strike"],"picked":"FTL","floor":8},{"not_picked":["Compile Driver","Redo"],"picked":"Ball Lightning","floor":10},{"not_picked":["Heatsinks","Beam Cell"],"picked":"Conserve Battery","floor":11},{"not_picked":["White Noise","Chaos"],"picked":"Echo Form","floor":12},{"not_picked":["Leap","Gash"],"picked":"Steam","floor":13},{"not_picked":["Reinforced Body","Barrage"],"picked":"Streamline","floor":14},{"not_picked":["All For One","Seek"],"picked":"Biased Cognition","floor":16},{"not_picked":["Hologram+1","Fusion"],"picked":"BootSequence+1","floor":18},{"not_picked":["Gash+1","Rebound"],"picked":"Streamline","floor":22},{"not_picked":["Sweeping Beam","Hologram"],"picked":"Streamline","floor":24},{"not_picked":["Undo","Beam Cell+1"],"picked":"Steam","floor":29}],"player_experience":324518,"relics_obtained":[{"floor":7,"key":"Odd Mushroom"},{"floor":8,"key":"Cables"},{"floor":9,"key":"Smiling Mask"},{"floor":13,"key":"Bag of Preparation"},{"floor":21,"key":"Nilry\u0027s Codex"},{"floor":26,"key":"Blood Vial"},{"floor":29,"key":"Bag of Marbles"}],"event_choices":[{"damage_healed":0,"gold_gain":175,"player_choice":"AGREE","damage_taken":0,"max_hp_gain":0,"max_hp_loss":0,"event_name":"Liars Game","floor":2,"gold_loss":0,"cards_obtained":["Doubt"]},{"damage_healed":0,"gold_gain":0,"player_choice":"Leave","damage_taken":0,"max_hp_gain":0,"max_hp_loss":0,"event_name":"The Cleric","floor":4,"gold_loss":0},{"damage_healed":0,"gold_gain":0,"player_choice":"Lose Max HP","damage_taken":0,"relics_obtained":["Golden Idol"],"max_hp_gain":0,"max_hp_loss":6,"event_name":"Golden Idol","floor":5,"gold_loss":0},{"damage_healed":0,"gold_gain":0,"player_choice":"Fought Mushrooms","damage_taken":0,"max_hp_gain":0,"max_hp_loss":0,"event_name":"Mushrooms","floor":7,"gold_loss":0},{"damage_healed":0,"gold_gain":99,"player_choice":"Stole From Cult","damage_taken":0,"max_hp_gain":0,"max_hp_loss":0,"event_name":"Nest","floor":19,"gold_loss":0},{"damage_healed":0,"gold_gain":0,"player_choice":"Obtained Book","damage_taken":16,"max_hp_gain":0,"max_hp_loss":0,"event_name":"Cursed Tome","floor":21,"gold_loss":0},{"damage_healed":0,"gold_gain":0,"player_choice":"Opened","damage_taken":0,"relics_obtained":["Ancient Tea Set"],"max_hp_gain":0,"max_hp_loss":0,"event_name":"The Mausoleum","floor":27,"gold_loss":0,"cards_obtained":["Writhe"]}],"is_beta":false,"boss_relics":[{"not_picked":["Orrery","FrozenCore"],"picked":"Snecko Eye"}],"items_purged_floors":[20],"is_endless":false,"potions_floor_spawned":[1,10,11,13,14,16,18,22,24],"killed_by":"Shelled Parasite and Fungi","ascension_level":1}