{"gold_per_floor":[117,117,192,210,33,67,67,98,167,185,185,155,173,5,5,78,78,78,78,78,3,3,3,3,3,3,3,3,3,3,3],"floor_reached":31,"playtime":1393,"items_purged":["Strike_G","Strike_G"],"score":558,"play_id":"da7df31a-bd24-4f6d-aea9-d5450976ede2","local_time":"20190301210108","is_ascension_mode":true,"campfire_choices":[{"data":"Neutralize","floor":7.0,"key":"SMITH"},{"data":"Footwork","floor":11.0,"key":"SMITH"},{"floor":15.0,"key":"REST"},{"data":"Noxious Fumes","floor":23.0,"key":"SMITH"},{"data":"Envenom","floor":25.0,"key":"SMITH"},{"data":"A Thousand Cuts","floor":27.0,"key":"SMITH"},{"floor":29.0,"key":"REST"}],"neow_cost":"NONE","seed_source_timestamp":1265521471393430,"circlet_count":0,"master_deck":["AscendersBane","Defend_G","Defend_G","Defend_G","Defend_G","Defend_G+1","Strike_G","Strike_G","Strike_G+1","Survivor","Neutralize+1","Caltrops","Dagger Spray","A Thousand Cuts+1","Footwork+1","Cloak And Dagger","Adrenaline","Noxious Fumes+1","Envenom+1","Blade Dance","Adrenaline","Terror"],"special_seed":0,"relics":["Ring of the Snake","NeowsBlessing","Snake Skull","PreservedInsect","Ornamental Fan","Ectoplasm","Vajra","Ancient Tea Set"],"potions_floor_usage":[],"damage_taken":[{"damage":0.0,"enemies":"Cultist","floor":1.0,"turns":1.0},{"damage":0.0,"enemies":"Small Slimes","floor":4.0,"turns":1.0},{"damage":0.0,"enemies":"Gremlin Nob","floor":6.0,"turns":1.0},{"damage":3.0,"enemies":"3 Sentries","floor":8.0,"turns":6.0},{"damage":0.0,"enemies":"Jaw Worm","floor":10.0,"turns":5.0},{"damage":3.0,"enemies":"Looter","floor":12.0,"turns":4.0},{"damage":26.0,"enemies":"Gremlin Gang","floor":13.0,"turns":5.0},{"damage":0.0,"enemies":"The Guardian","floor":16.0,"turns":11.0},{"damage":1.0,"enemies":"Shell Parasite","floor":18.0,"turns":5.0},{"damage":11.0,"enemies":"Colosseum Slavers","floor":19.0,"turns":5.0},{"damage":4.0,"enemies":"2 Thieves","floor":21.0,"turns":5.0},{"damage":5.0,"enemies":"Centurion and Healer","floor":22.0,"turns":7.0},{"damage":14.0,"enemies":"Snake Plant","floor":24.0,"turns":5.0},{"damage":2.0,"enemies":"Cultist and Chosen","floor":28.0,"turns":5.0},{"damage":28.0,"enemies":"Slavers","floor":30.0,"turns":3.0},{"damage":25,"enemies":"Snecko","floor":31,"turns":6}],"seed_played":"-1227703158679664596","potions_obtained":[{"floor":4.0,"key":"AttackPotion"},{"floor":16.0,"key":"SkillPotion"},{"floor":18.0,"key":"Swift Potion"},{"floor":24.0,"key":"Dexterity Potion"}],"is_trial":false,"path_per_floor":["M","?","?","M","$","E","R","E","T","M","R","M","M","$","R","B",null,"M","?","?","M","M","R","M","R","T","R","M","R","E","M"],"character_chosen":"THE_SILENT","items_purchased":["Dagger Spray","Dexterity Potion","Noxious Fumes"],"campfire_rested":2,"item_purchase_floors":[5,5,14],"current_hp_per_floor":[63,49,38,38,38,38,38,35,35,35,35,32,6,6,27,27,59,58,47,47,43,38,38,24,24,24,24,22,43,15,0],"gold":3,"neow_bonus":"THREE_ENEMY_KILL","is_prod":false,"is_daily":false,"chose_seed":false,"campfire_upgraded":5,"win_rate":0,"timestamp":1551470468,"path_taken":["M","?","?","M","$","E","R","E","T","M","R","M","M","$","R","BOSS","M","?","?","M","?","R","M","R","T","R","M","R","E","M"],"build_version":"2019-01-23","purchased_purges":2,"victory":false,"max_hp_per_floor":[70,70,70,70,70,70,70,70,70,70,70,70,70,70,70,70,70,70,70,70,70,70,70,70,70,70,70,70,70,70,70],"card_choices":[{"not_picked":["Acrobatics","Deflect"],"picked":"Caltrops","floor":1.0},{"not_picked":["Flechettes","Dodge and Roll","Underhanded Strike"],"picked":"SKIP","floor":4.0},{"not_picked":["Dodge and Roll","Riddle With Holes"],"picked":"A Thousand Cuts","floor":6.0},{"not_picked":["Predator","Endless Agony"],"picked":"Footwork","floor":8.0},{"not_picked":["Poisoned Stab","Dodge and Roll"],"picked":"Cloak And Dagger","floor":10.0},{"not_picked":["Underhanded Strike","Riddle With Holes"],"picked":"Adrenaline","floor":12.0},{"not_picked":["Prepared","Tactician","Calculated Gamble"],"picked":"SKIP","floor":13.0},{"not_picked":["A Thousand Cuts","Tools of the Trade"],"picked":"Envenom","floor":16.0},{"not_picked":["Slice","Backflip"],"picked":"Blade Dance","floor":18.0},{"not_picked":["Choke","Flying Knee","Outmaneuver"],"picked":"SKIP","floor":21.0},{"not_picked":["Deadly Poison","Dodge and Roll","Escape Plan"],"picked":"SKIP","floor":22.0},{"not_picked":["Terror","Skewer","Flying Knee+1"],"picked":"SKIP","floor":24.0},{"not_picked":["Skewer","Flying Knee+1"],"picked":"Terror","floor":24.0},{"not_picked":["Prepared","All Out Attack","Deflect"],"picked":"SKIP","floor":28.0},{"not_picked":["Slice","Expertise","Dagger Spray"],"picked":"SKIP","floor":30.0}],"player_experience":686888,"relics_obtained":[{"floor":6.0,"key":"Snake Skull"},{"floor":8.0,"key":"PreservedInsect"},{"floor":9.0,"key":"Ornamental Fan"},{"floor":26.0,"key":"Vajra"},{"floor":30.0,"key":"Ancient Tea Set"}],"event_choices":[{"damage_healed":0.0,"max_hp_gain":0.0,"max_hp_loss":0.0,"gold_gain":0.0,"event_name":"Shining Light","player_choice":"Entered Light","floor":2.0,"gold_loss":0.0,"damage_taken":14.0,"cards_upgraded":["Defend_G","Strike_G"]},{"damage_healed":0.0,"max_hp_gain":0.0,"max_hp_loss":0.0,"gold_gain":75.0,"event_name":"World of Goop","player_choice":"Gather Gold","floor":3.0,"gold_loss":0.0,"damage_taken":11.0},{"damage_healed":0.0,"max_hp_gain":0.0,"max_hp_loss":0.0,"gold_gain":0.0,"event_name":"Colosseum","player_choice":"Fight","floor":19.0,"gold_loss":0.0,"damage_taken":0.0},{"damage_healed":0.0,"max_hp_gain":0.0,"max_hp_loss":0.0,"gold_gain":0.0,"event_name":"Colosseum","player_choice":"Fled From Nobs","floor":19.0,"gold_loss":0.0,"damage_taken":0.0},{"damage_healed":0.0,"max_hp_gain":0.0,"max_hp_loss":0.0,"gold_gain":0.0,"event_name":"Duplicator","player_choice":"Copied","floor":20.0,"gold_loss":0.0,"damage_taken":0.0,"cards_obtained":["Adrenaline"]}],"is_beta":false,"boss_relics":[{"not_picked":["Coffee Dripper","Runic Dome"],"picked":"Ectoplasm"}],"items_purged_floors":[5,14],"is_endless":false,"potions_floor_spawned":[4,6,16,18,24],"killed_by":"Snecko","ascension_level":13}