{"path_per_floor":["M","?","?","$","M","E","R","M","T","M","E","M","M","M","R","B",null,"M","M","?","M","$","M","M","M","T","R","?","?","R","M","R","B",null,"M","M","?","?","M","R","M","M","T","R","M","R"],"character_chosen":"IRONCLAD","items_purchased":["Rampage","Flex","Rage"],"gold_per_floor":[117,192,192,42,61,89,89,103,126,138,171,188,199,212,212,310,310,329,343,343,356,165,184,204,218,218,218,143,143,143,159,159,255,255,273,291,291,0,17,17,31,41,41,41,58,58],"floor_reached":47,"campfire_rested":7,"playtime":4384,"current_hp_per_floor":[80,69,53,53,58,34,34,39,39,45,43,46,44,19,43,41,80,66,55,90,89,89,30,28,16,16,43,43,43,70,58,85,62,90,56,32,79,79,46,69,39,29,29,52,33,56],"items_purged":["Strike_R","Strike_R"],"gold":58,"score":420,"play_id":"375efe53-2ad3-49d3-943f-5518cdf83307","is_prod":false,"is_daily":false,"is_ascension_mode":false,"campfire_upgraded":1,"path_taken":["M","?","?","$","M","E","R","M","T","M","E","M","?","M","R","BOSS","M","M","?","M","$","M","M","M","T","R","?","?","R","M","R","BOSS","M","M","?","?","M","R","M","M","T","R","?","R","E"],"build_version":"2018-02-15-PROD1","purchased_purges":3,"victory":false,"master_deck":["Defend_R","Defend_R","Defend_R","Defend_R","Heavy Blade+1","Rampage+1","Cleave","Rampage","Berserk","Disarm","Clash","Armaments","Iron Wave+1","Headbutt","Clash","Flex","Rage","Spot Weakness","Flex","Inflame+1","Double Tap","Uppercut+1","Uppercut+1","Demon Form+1","Heavy Blade+1","Cleave+1","Thunderclap+1","Power Through+1"],"max_hp_per_floor":[80,80,80,80,80,80,80,80,80,80,80,80,80,80,80,80,80,80,80,90,90,90,90,90,90,90,90,90,90,90,90,90,90,90,90,90,79,79,79,79,79,79,79,79,79,79],"relics":["Black Blood","Shuriken","Happy Flower","Ornamental Fan","Orichalcum","Astrolabe","Red Mask","Shovel"],"card_choices":[{"not_picked":["Feel No Pain","Body Slam"],"picked":"Heavy Blade"},{"not_picked":["Perfected Strike","Metallicize"],"picked":"Cleave"},{"not_picked":["Feel No Pain","Battle Trance"],"picked":"Rampage"},{"not_picked":["Rupture","Cleave"],"picked":"Berserk"},{"not_picked":["True Grit","Second Wind"],"picked":"Disarm"},{"not_picked":["True Grit","Dark Embrace"],"picked":"Clash"},{"not_picked":["Iron Wave","Intimidate"],"picked":"Armaments"},{"not_picked":["Dark Embrace","Offering"],"picked":"Barricade"},{"not_picked":["Battle Trance","Perfected Strike"],"picked":"Iron Wave"},{"not_picked":["Sever Soul","Iron Wave"],"picked":"Headbutt"},{"not_picked":["Pommel Strike","Warcry"],"picked":"Clash"},{"not_picked":["Shrug It Off","Dual Wield"],"picked":"Spot Weakness"},{"not_picked":["Perfected Strike","Heavy Blade"],"picked":"Flex"},{"not_picked":["Headbutt","Shrug It Off"],"picked":"Inflame"},{"not_picked":["Impervious","Juggernaut"],"picked":"Double Tap"},{"not_picked":["Spot Weakness","Headbutt"],"picked":"Heavy Blade"},{"not_picked":["Dark Embrace","Anger"],"picked":"Cleave"},{"not_picked":["True Grit","Reckless Charge"],"picked":"Thunderclap"},{"not_picked":["Offering","Battle Trance"],"picked":"Power Through"}],"player_experience":92164,"potions_floor_usage":[11,11,19,33,33,35,35,36,42],"damage_taken":[{"damage":5,"enemies":"2 Louse","floor":1,"turns":4},{"damage":1,"enemies":"Jaw Worm","floor":5,"turns":4},{"damage":30,"enemies":"3 Sentries","floor":6,"turns":7},{"damage":1,"enemies":"Cultist","floor":8,"turns":3},{"damage":0,"enemies":"Exordium Wildlife","floor":10,"turns":3},{"damage":23,"enemies":"Lagavulin","floor":11,"turns":6},{"damage":3,"enemies":"Large Slime","floor":12,"turns":5},{"damage":8,"enemies":"Red Slaver","floor":13,"turns":3},{"damage":31,"enemies":"Exordium Thugs","floor":14,"turns":4},{"damage":8,"enemies":"Hexaghost","floor":16,"turns":8},{"damage":24,"enemies":"3 Byrds","floor":18,"turns":7},{"damage":21,"enemies":"2 Thieves","floor":19,"turns":5},{"damage":11,"enemies":"Snake Plant","floor":21,"turns":5},{"damage":69,"enemies":"Cultist and Chosen","floor":23,"turns":11},{"damage":12,"enemies":"Centurion and Healer","floor":24,"turns":5},{"damage":22,"enemies":"3 Cultists","floor":25,"turns":7},{"damage":22,"enemies":"Snake Plant","floor":31,"turns":4},{"damage":48,"enemies":"Collector","floor":33,"turns":9},{"damage":47,"enemies":"Orb Walker","floor":35,"turns":6},{"damage":34,"enemies":"3 Darklings","floor":36,"turns":6},{"damage":43,"enemies":"Maw","floor":39,"turns":6},{"damage":40,"enemies":"Sphere and 2 Shapes","floor":41,"turns":4},{"damage":20,"enemies":"4 Shapes","floor":42,"turns":7},{"damage":29,"enemies":"3 Darklings","floor":45,"turns":5},{"damage":40,"enemies":"2 Orb Walkers","floor":47,"turns":4}],"event_choices":[{"event_name":"World of Goop","player_choice":"Gather Gold","floor":2,"damage_taken":0},{"event_name":"Shining Light","player_choice":"Entered Light","floor":3,"damage_taken":0},{"event_name":"Bonfire Elementals","player_choice":"RARE","floor":20,"damage_taken":0},{"event_name":"Beggar","player_choice":"Gave Gold","floor":28,"damage_taken":0},{"event_name":"Vampires","player_choice":"Ignored","floor":29,"damage_taken":0},{"event_name":"The Moai Head","player_choice":"Heal","floor":37,"damage_taken":0},{"event_name":"Tomb of Lord Red Mask","player_choice":"Paid","floor":38,"damage_taken":0}],"boss_relics":[{"not_picked":["Orrery","Philosopher\u0027s Stone"],"picked":"Black Blood"},{"not_picked":["Sozu","Calling Bell"],"picked":"Astrolabe"}],"potions_floor_spawned":[1,8,10,14,18,25,31,33,35,41],"seed_played":"-4508911652184622498","killed_by":"2 Orb Walkers","ascension_level":0,"is_trial":false}