{"path_per_floor":["M","$","M","M","M","R","E","M","T","E","?","E","R","M","R","B",null,"M","M","?","M","M","R","$","R","T","R","E","R","E","?","R","B",null,"M","M","?","?","$","E","R","?","T","E","M","E","M","M","R","B"],"character_chosen":"IRONCLAD","items_purchased":["Master of Strategy","Shrug It Off"],"gold_per_floor":[119,44,57,74,91,91,120,130,130,161,161,188,188,199,199,270,270,289,302,302,315,326,326,44,44,44,44,69,69,99,99,99,172,172,190,201,201,201,25,58,58,108,108,138,149,175,193,213,213,213],"floor_reached":51,"campfire_rested":1,"playtime":4703,"current_hp_per_floor":[75,75,79,77,69,69,57,63,70,64,59,43,43,41,41,39,74,71,75,75,77,77,77,77,77,77,77,61,61,67,67,67,18,69,73,79,86,86,86,86,86,86,86,86,86,86,71,59,84,74],"items_purged":["Parasite","Strike_R","Writhe"],"gold":213,"score":1173,"play_id":"759a2826-dc33-4afb-98d3-1fce4e121299","local_time":"20180228155433","is_prod":false,"is_daily":false,"is_ascension_mode":true,"campfire_upgraded":9,"timestamp":1519862073,"path_taken":["M","$","M","M","M","R","E","?","T","E","?","E","R","M","R","BOSS","M","M","?","?","M","R","?","R","T","R","E","R","E","?","R","BOSS","M","M","?","?","$","E","R","?","T","E","M","E","?","M","R","BOSS"],"build_version":"2018-02-28-BETA1","purchased_purges":3,"victory":true,"master_deck":["Strike_R+1","Strike_R+1","Strike_R+1","Strike_R+1","Defend_R+1","Defend_R+1","Defend_R+1","Defend_R+1","Bash+1","Twin Strike+1","Flame Barrier+1","Inflame+1","Hemokinesis+1","Impervious+1","Thunderclap","Seeing Red+1","Limit Break+1","Ghostly Armor","Whirlwind+1","Havoc+1","Master of Strategy","Uppercut+1","True Grit+1","Shrug It Off","Heavy Blade+1","Headbutt+1","True Grit+1","Dual Wield+1","Flame Barrier+1"],"max_hp_per_floor":[82,79,79,79,79,79,79,79,86,86,86,86,86,86,86,86,86,86,86,86,86,86,86,86,86,86,86,86,86,86,86,86,86,86,86,86,86,86,86,86,86,86,86,86,86,86,86,86,86,86],"relics":["Burning Blood","Paper Frog","Strawberry","Bag of Marbles","Gambling Chip","War Paint","Cursed Key","Art of War","Dodecahedron","Snecko Eye","Prayer Wheel","Thread and Needle","Toxic Egg 2","Self Forming Clay"],"card_choices":[{"not_picked":["Ghostly Armor","Havoc"],"picked":"Twin Strike"},{"not_picked":["Entrench","Armaments"],"picked":"Flame Barrier"},{"not_picked":["Carnage","Intimidate"],"picked":"Inflame"},{"not_picked":["Thunderclap","Clothesline"],"picked":"Hemokinesis"},{"not_picked":["Intimidate","Thunderclap"],"picked":"Impervious"},{"not_picked":["Sword Boomerang","Anger"],"picked":"Thunderclap"},{"not_picked":["Heavy Blade","Power Through"],"picked":"Seeing Red"},{"not_picked":["Impervious","Double Tap"],"picked":"Limit Break"},{"not_picked":["Hemokinesis","Cleave"],"picked":"Ghostly Armor"},{"not_picked":["Clash","Rage"],"picked":"Whirlwind"},{"not_picked":["Wild Strike","Iron Wave"],"picked":"Havoc"},{"not_picked":["Havoc","Armaments"],"picked":"Uppercut"},{"not_picked":["Armaments","Clash"],"picked":"True Grit"},{"not_picked":["Shrug It Off","Battle Trance"],"picked":"Heavy Blade"},{"not_picked":["Warcry","Cleave"],"picked":"Headbutt"},{"not_picked":["Second Wind","Combust"],"picked":"True Grit"},{"not_picked":["Havoc","Searing Blow"],"picked":"Dual Wield"},{"not_picked":["Rampage","Wild Strike"],"picked":"Flame Barrier"}],"player_experience":246410,"potions_floor_usage":[16,22,28,33,50,50],"damage_taken":[{"damage":6,"enemies":"Cultist","floor":1,"turns":3},{"damage":2,"enemies":"Jaw Worm","floor":3,"turns":3},{"damage":8,"enemies":"Small Slimes","floor":4,"turns":6},{"damage":14,"enemies":"Exordium Wildlife","floor":5,"turns":5},{"damage":18,"enemies":"Gremlin Nob","floor":7,"turns":3},{"damage":0,"enemies":"2 Fungi Beasts","floor":8,"turns":5},{"damage":12,"enemies":"Lagavulin","floor":10,"turns":7},{"damage":22,"enemies":"3 Sentries","floor":12,"turns":6},{"damage":8,"enemies":"Lots of Slimes","floor":14,"turns":3},{"damage":8,"enemies":"Hexaghost","floor":16,"turns":7},{"damage":9,"enemies":"3 Byrds","floor":18,"turns":3},{"damage":2,"enemies":"Spheric Guardian","floor":19,"turns":3},{"damage":4,"enemies":"Centurion and Healer","floor":21,"turns":4},{"damage":6,"enemies":"Snake Plant","floor":22,"turns":4},{"damage":22,"enemies":"Gremlin Leader","floor":28,"turns":6},{"damage":0,"enemies":"Slavers","floor":30,"turns":1},{"damage":55,"enemies":"Collector","floor":33,"turns":9},{"damage":2,"enemies":"3 Shapes","floor":35,"turns":2},{"damage":0,"enemies":"Orb Walker","floor":36,"turns":2},{"damage":0,"enemies":"2 Orb Walkers","floor":40,"turns":2},{"damage":0,"enemies":"Mysterious Sphere","floor":42,"turns":6},{"damage":2,"enemies":"Nemesis","floor":44,"turns":3},{"damage":0,"enemies":"Flame Bruiser 2 Orb","floor":45,"turns":2},{"damage":0,"enemies":"2 Orb Walkers","floor":46,"turns":3},{"damage":21,"enemies":"4 Shapes","floor":47,"turns":7},{"damage":18,"enemies":"Sphere and 2 Shapes","floor":48,"turns":3},{"damage":16,"enemies":"Donu and Deca","floor":50,"turns":5}],"event_choices":[{"event_name":"Scrap Ooze","player_choice":"success","floor":11,"damage_taken":5},{"event_name":"Drug Dealer","player_choice":"Ignored","floor":20,"damage_taken":0},{"event_name":"Back to Basics","player_choice":"Simplicity","floor":31,"damage_taken":0},{"event_name":"Winding Halls","player_choice":"Writhe","floor":37,"damage_taken":0},{"event_name":"Tomb of Lord Red Mask","player_choice":"Ignored","floor":38,"damage_taken":0},{"event_name":"Mysterious Sphere","player_choice":"Fight","floor":42,"damage_taken":0}],"boss_relics":[{"not_picked":["Runic Pyramid","Mark of Pain"],"picked":"Cursed Key"},{"not_picked":["Lizard Tail","Tiny House"],"picked":"Snecko Eye"}],"potions_floor_spawned":[1,7,10,14,19,22,30,35,36,45],"seed_played":"-4998957333114281754","ascension_level":15,"is_trial":false}