{"gold_per_floor":[112,112,132,142,157,157,175,187,187,262,262,16,34,50,50,148,148,164,164,174,30,30,30,46,46,46,46,57,57,57,67,67,167,167,177,196,196,196],"floor_reached":38,"playtime":2965,"items_purged":["Strike_G"],"score":395,"play_id":"cb2512fd-9ece-48d9-93c0-aeb9f768282f","local_time":"20190107205857","is_ascension_mode":false,"campfire_choices":[{"floor":6,"key":"REST"},{"floor":15,"key":"REST"},{"data":"Envenom","floor":23,"key":"SMITH"},{"floor":27,"key":"REST"},{"floor":30,"key":"REST"},{"floor":32,"key":"REST"}],"neow_cost":"NONE","seed_source_timestamp":1526191473190022,"circlet_count":0,"master_deck":["Defend_G","Defend_G","Defend_G","Defend_G","Defend_G","Strike_G","Strike_G","Survivor","Neutralize","Backflip","Bouncing Flask","Dodge and Roll","Deflect","Deflect","Malaise","Slice","Slice","Accuracy","PiercingWail","Accuracy","After Image","Die Die Die","Catalyst","Escape Plan","Envenom+1","Deadly Poison","Catalyst","Deadly Poison","Noxious Fumes","A Thousand Cuts","Deadly Poison","Thinking Ahead"],"relics":["Ring of the Snake","Dodecahedron","Lantern","WristBlade","The Courier","Orichalcum","Eternal Feather"],"potions_floor_usage":[11,16,33,38],"damage_taken":[{"damage":0,"enemies":"2 Louse","floor":1,"turns":2},{"damage":0,"enemies":"Cultist","floor":3,"turns":4},{"damage":0,"enemies":"Jaw Worm","floor":4,"turns":4},{"damage":39,"enemies":"Gremlin Gang","floor":5,"turns":7},{"damage":0,"enemies":"Large Slime","floor":7,"turns":8},{"damage":0,"enemies":"Blue Slaver","floor":8,"turns":5},{"damage":7,"enemies":"2 Fungi Beasts","floor":13,"turns":5},{"damage":8,"enemies":"Exordium Wildlife","floor":14,"turns":7},{"damage":10,"enemies":"Hexaghost","floor":16,"turns":12},{"damage":0,"enemies":"Shell Parasite","floor":18,"turns":7},{"damage":7,"enemies":"3 Byrds","floor":20,"turns":7},{"damage":43,"enemies":"Sentry and Sphere","floor":24,"turns":9},{"damage":28,"enemies":"Centurion and Healer","floor":28,"turns":13},{"damage":18,"enemies":"Cultist and Chosen","floor":31,"turns":7},{"damage":23,"enemies":"Automaton","floor":33,"turns":11},{"damage":23,"enemies":"Orb Walker","floor":35,"turns":6},{"damage":9,"enemies":"3 Shapes","floor":36,"turns":6},{"damage":48,"enemies":"Jaw Worm Horde","floor":38,"turns":3}],"seed_played":"8295737311199514749","potions_obtained":[{"floor":3,"key":"Weak Potion"},{"floor":4,"key":"PowerPotion"},{"floor":11,"key":"Fruit Juice"},{"floor":14,"key":"SkillPotion"},{"floor":16,"key":"GhostInAJar"},{"floor":33,"key":"LiquidBronze"}],"is_trial":false,"path_per_floor":["M","?","M","M","M","R","M","M","T","?","?","$","M","M","R","B",null,"M","?","M","$","?","R","M","$","T","R","M","T","R","M","R","B",null,"M","M","?","M"],"character_chosen":"THE_SILENT","items_purchased":["Slice","Accuracy","PiercingWail","Envenom"],"campfire_rested":5,"item_purchase_floors":[12,12,12,21],"current_hp_per_floor":[70,63,63,63,24,45,45,45,45,34,39,39,32,24,46,36,75,75,75,68,68,68,68,25,25,25,47,19,19,41,23,45,22,75,52,43,43,0],"gold":196,"neow_bonus":"TRANSFORM_CARD","is_prod":false,"is_daily":false,"chose_seed":false,"campfire_upgraded":1,"win_rate":0,"timestamp":1546912737,"path_taken":["M","?","M","M","M","R","M","M","T","?","?","$","M","?","R","BOSS","M","?","?","$","?","R","M","$","T","R","M","?","R","M","R","BOSS","M","?","?","M"],"build_version":"2019-01-03v4","purchased_purges":1,"victory":false,"max_hp_per_floor":[70,70,70,70,70,70,70,70,70,70,75,75,75,75,75,75,75,75,75,75,75,75,75,75,75,75,75,75,75,75,75,75,75,75,75,75,75,75],"card_choices":[{"not_picked":["Acrobatics","Masterful Stab"],"picked":"Bouncing Flask","floor":1},{"not_picked":["Bane","PiercingWail"],"picked":"Dodge and Roll","floor":3},{"not_picked":["Outmaneuver","Distraction"],"picked":"Deflect","floor":4},{"not_picked":["Flying Knee","Tactician"],"picked":"Deflect","floor":5},{"not_picked":["Bane","Eviscerate"],"picked":"Malaise","floor":7},{"not_picked":["Acrobatics","Poisoned Stab"],"picked":"Slice","floor":8},{"not_picked":["Masterful Stab","Blade Dance"],"picked":"Accuracy","floor":13},{"not_picked":["Caltrops","Cloak And Dagger"],"picked":"After Image","floor":14},{"not_picked":["Malaise","Unload"],"picked":"Die Die Die","floor":16},{"not_picked":["Crippling Poison","Flying Knee"],"picked":"Catalyst","floor":18},{"not_picked":["Flying Knee","Heel Hook","Blur"],"picked":"SKIP","floor":20},{"not_picked":["Deflect","Poisoned Stab+1"],"picked":"Catalyst","floor":24},{"not_picked":["Bouncing Flask+1","Masterful Stab+1"],"picked":"Deadly Poison","floor":28},{"not_picked":["Deadly Poison+1","Finisher"],"picked":"Noxious Fumes","floor":31},{"not_picked":["After Image","Bullet Time"],"picked":"A Thousand Cuts","floor":33},{"not_picked":["Flechettes+1","Bane"],"picked":"Deadly Poison","floor":35},{"not_picked":["Tactician+1","Quick Slash","Dagger Spray"],"picked":"SKIP","floor":36},{"not_picked":["Jack Of All Trades","Discovery"],"picked":"Thinking Ahead","floor":37}],"player_experience":903705,"relics_obtained":[{"floor":9,"key":"Lantern"},{"floor":26,"key":"The Courier"},{"floor":29,"key":"Orichalcum"}],"event_choices":[{"damage_healed":0,"gold_gain":0,"player_choice":"Success","damage_taken":7,"relics_obtained":["Dodecahedron"],"max_hp_gain":0,"max_hp_loss":0,"event_name":"Scrap Ooze","floor":2,"gold_loss":0},{"damage_healed":0,"gold_gain":75,"player_choice":"Gather Gold","damage_taken":11,"max_hp_gain":0,"max_hp_loss":0,"event_name":"World of Goop","floor":10,"gold_loss":0},{"damage_healed":0,"gold_gain":0,"player_choice":"Got Potions","damage_taken":0,"max_hp_gain":0,"max_hp_loss":0,"event_name":"Lab","floor":11,"gold_loss":0},{"damage_healed":0,"gold_gain":0,"cards_transformed":["Strike_G"],"player_choice":"Transformed","damage_taken":0,"max_hp_gain":0,"max_hp_loss":0,"event_name":"Transmorgrifier","floor":19,"gold_loss":0,"cards_obtained":["Escape Plan"]},{"damage_healed":0,"gold_gain":0,"player_choice":"Read","damage_taken":0,"max_hp_gain":0,"max_hp_loss":0,"event_name":"The Library","floor":22,"gold_loss":0,"cards_obtained":["Deadly Poison"]},{"damage_healed":0,"gold_gain":0,"player_choice":"Memory 1","damage_taken":0,"max_hp_gain":0,"max_hp_loss":0,"event_name":"SensoryStone","floor":37,"gold_loss":0}],"is_beta":false,"boss_relics":[{"not_picked":["Snecko Eye","Astrolabe"],"picked":"WristBlade"},{"not_picked":["Coffee Dripper","Runic Dome"],"picked":"Eternal Feather"}],"items_purged_floors":[12],"is_endless":false,"potions_floor_spawned":[3,4,14,16,18,24,33,35],"killed_by":"Jaw Worm Horde","ascension_level":0}