{"gold_per_floor":[109,35,35,46,221,250,250,268,268,285,285,285,312,330,330,425,425,438,147,163,12,111,140,140,140,140,160,195,195,208,233,233,233],"floor_reached":33,"playtime":2999,"items_purged":["Regret"],"score":473,"play_id":"7f13dbb4-119b-40ab-9ee1-d8333f3224b2","local_time":"20181209104457","is_ascension_mode":true,"campfire_choices":[{"data":"Neutralize","floor":7,"key":"SMITH"},{"data":"Footwork","floor":11,"key":"SMITH"},{"data":"Choke","floor":15,"key":"SMITH"},{"floor":25,"key":"REST"},{"data":"Caltrops","floor":32,"key":"SMITH"}],"neow_cost":"NONE","seed_source_timestamp":1339206615670058,"circlet_count":0,"master_deck":["Defend_G","Defend_G+1","Defend_G","Defend_G+1","Defend_G","Strike_G","Strike_G","Strike_G+1","Strike_G","Strike_G+1","Survivor","Neutralize+1","Acrobatics","Footwork+1","Caltrops+1","Doubt","Choke+1","Escape Plan","Tools of the Trade","Dagger Throw","Venomology","Acrobatics+1","Well Laid Plans","Blur+1","Writhe","Finesse","Doppelganger","Escape Plan","Acrobatics","Ghostly","Ghostly","Ghostly","Ghostly","Ghostly","Skewer","Dash+1"],"relics":["Ring of the Snake","NeowsBlessing","Bronze Scales","Mummified Hand","Tingsha","War Paint","HoveringKite","Unceasing Top","Bag of Marbles","Ancient Tea Set","Meat on the Bone","Lantern"],"potions_floor_usage":[8,10,16,20,20,20,23,27,28,28,30,30,33,33,33,33],"damage_taken":[{"damage":0,"enemies":"2 Louse","floor":1,"turns":1},{"damage":0,"enemies":"Small Slimes","floor":4,"turns":1},{"damage":0,"enemies":"Lagavulin","floor":6,"turns":1},{"damage":0,"enemies":"Jaw Worm","floor":8,"turns":4},{"damage":5,"enemies":"Lots of Slimes","floor":10,"turns":2},{"damage":21,"enemies":"Gremlin Nob","floor":13,"turns":4},{"damage":3,"enemies":"Looter","floor":14,"turns":3},{"damage":7,"enemies":"The Guardian","floor":16,"turns":10},{"damage":0,"enemies":"Spheric Guardian","floor":18,"turns":3},{"damage":2,"enemies":"Shell Parasite","floor":20,"turns":1},{"damage":34,"enemies":"Slavers","floor":23,"turns":5},{"damage":0,"enemies":"Shelled Parasite and Fungi","floor":27,"turns":4},{"damage":15,"enemies":"Book of Stabbing","floor":28,"turns":4},{"damage":1,"enemies":"Centurion and Healer","floor":30,"turns":3},{"damage":21,"enemies":"Slavers","floor":31,"turns":5},{"damage":22,"enemies":"Automaton","floor":33,"turns":12}],"seed_played":"-6651804124985962592","potions_obtained":[{"floor":4,"key":"Block Potion"},{"floor":8,"key":"Fire Potion"},{"floor":10,"key":"Explosive Potion"},{"floor":13,"key":"EssenceOfSteel"},{"floor":20,"key":"SteroidPotion"},{"floor":27,"key":"SteroidPotion"},{"floor":28,"key":"Fire Potion"},{"floor":31,"key":"Weak Potion"}],"is_trial":false,"path_per_floor":["M","$","?","M","?","E","R","M","T","M","R","?","E","M","R","B",null,"M","$","M","$","?","E","?","R","T","M","E","?","M","E","R","B"],"character_chosen":"THE_SILENT","items_purchased":["Footwork","Unceasing Top","Well Laid Plans"],"campfire_rested":1,"item_purchase_floors":[2,19,21],"current_hp_per_floor":[70,70,56,56,56,56,56,56,56,51,51,51,30,27,27,20,58,58,58,56,56,56,22,22,43,43,43,28,28,27,18,18,0],"gold":233,"neow_bonus":"THREE_ENEMY_KILL","is_prod":false,"is_daily":false,"chose_seed":false,"campfire_upgraded":4,"win_rate":0,"timestamp":1544370297,"path_taken":["M","$","?","M","?","E","R","M","T","M","R","?","E","M","R","BOSS","M","$","M","$","?","E","?","R","T","?","E","?","M","E","R","BOSS"],"build_version":"2018-12-06","purchased_purges":1,"victory":false,"max_hp_per_floor":[70,70,70,70,70,70,70,70,70,70,70,70,70,70,70,70,70,70,70,70,70,70,70,70,70,70,70,70,35,35,35,35,35],"card_choices":[{"not_picked":["PiercingWail","Sucker Punch"],"picked":"Acrobatics","floor":1},{"not_picked":["Quick Slash","Finisher"],"picked":"Caltrops","floor":4},{"not_picked":["Flying Knee","Outmaneuver"],"picked":"Choke","floor":6},{"not_picked":["Poisoned Stab","Deflect"],"picked":"Escape Plan","floor":8},{"not_picked":["Crippling Poison","Blade Dance"],"picked":"Tools of the Trade","floor":10},{"not_picked":["Night Terror","Flying Knee"],"picked":"Dagger Throw","floor":13},{"not_picked":["Flying Knee","Predator","Quick Slash"],"picked":"SKIP","floor":14},{"not_picked":["Doppelganger","Wraith Form v2"],"picked":"Venomology","floor":16},{"not_picked":["Sucker Punch","Caltrops"],"picked":"Acrobatics+1","floor":18},{"not_picked":["Dagger Spray","Flechettes+1","Riddle With Holes"],"picked":"SKIP","floor":20},{"not_picked":["Terror+1","Wraith Form v2"],"picked":"Blur+1","floor":23},{"not_picked":["Cloak And Dagger","Deadly Poison"],"picked":"Escape Plan","floor":27},{"not_picked":["Setup","Concentrate+1"],"picked":"Acrobatics","floor":28},{"not_picked":["Dagger Throw","Slice"],"picked":"Skewer","floor":30},{"not_picked":["Cloak And Dagger","Bouncing Flask"],"picked":"Dash+1","floor":31}],"player_experience":274758,"relics_obtained":[{"floor":6,"key":"Bronze Scales"},{"floor":9,"key":"Mummified Hand"},{"floor":13,"key":"War Paint"},{"floor":23,"key":"Bag of Marbles"},{"floor":26,"key":"Ancient Tea Set"},{"floor":28,"key":"Meat on the Bone"},{"floor":31,"key":"Lantern"}],"event_choices":[{"damage_healed":0,"gold_gain":0,"player_choice":"Entered Light","damage_taken":14,"max_hp_gain":0,"max_hp_loss":0,"event_name":"Shining Light","floor":3,"gold_loss":0,"cards_upgraded":["Strike_G","Strike_G"]},{"damage_healed":0,"gold_gain":175,"player_choice":"AGREE","damage_taken":0,"max_hp_gain":0,"max_hp_loss":0,"event_name":"Liars Game","floor":5,"gold_loss":0,"cards_obtained":["Doubt"]},{"damage_healed":0,"gold_gain":0,"player_choice":"Box","damage_taken":0,"relics_obtained":["Tingsha"],"max_hp_gain":0,"max_hp_loss":0,"event_name":"Big Fish","floor":12,"gold_loss":0,"cards_obtained":["Regret"]},{"damage_healed":0,"gold_gain":99,"player_choice":"Stole From Cult","damage_taken":0,"max_hp_gain":0,"max_hp_loss":0,"event_name":"Nest","floor":22,"gold_loss":0},{"damage_healed":0,"gold_gain":0,"player_choice":"3 cards matched","damage_taken":0,"max_hp_gain":0,"max_hp_loss":0,"event_name":"Match and Keep!","floor":24,"gold_loss":0,"cards_obtained":["Writhe","Finesse","Doppelganger"]},{"damage_healed":0,"gold_gain":0,"player_choice":"Became a Ghost","damage_taken":0,"max_hp_gain":0,"max_hp_loss":35,"event_name":"Ghosts","floor":29,"gold_loss":0,"cards_obtained":["Ghostly","Ghostly","Ghostly","Ghostly","Ghostly"]}],"is_beta":false,"boss_relics":[{"not_picked":["Orrery","Tiny House"],"picked":"HoveringKite"}],"items_purged_floors":[21],"is_endless":false,"potions_floor_spawned":[4,8,10,13,20,27,28,31],"killed_by":"Automaton","ascension_level":5}