{"gold_per_floor":[114,114,74,74,92,92,40,40,64,14,39,60,74,98,98,224,224,248,264,189,189,35,35,54,54,54,54,79,119,132,157,157,157],"floor_reached":33,"playtime":2498,"items_purged":["Strike_R","Strike_R"],"score":311,"play_id":"e315cfc6-09c0-46d7-b499-7deace78f0b5","local_time":"20181121013753","is_ascension_mode":true,"campfire_choices":[{"data":"Body Slam","floor":6,"key":"SMITH"},{"data":"Armaments","floor":8,"key":"SMITH"},{"data":"Entrench","floor":15,"key":"SMITH"},{"floor":23,"key":"REST"},{"data":"Flame Barrier","floor":25,"key":"SMITH"},{"data":"Power Through","floor":27,"key":"SMITH"},{"floor":32,"key":"REST"}],"neow_cost":"CURSE","seed_source_timestamp":596653619799930,"circlet_count":0,"master_deck":["Strike_R","Defend_R","Defend_R","Defend_R","Defend_R","Bash","Cleave","Second Wind","Entrench+1","Body Slam+1","Armaments+1","Power Through+1","Shrug It Off","Reaper","Necronomicurse","Shrug It Off","Flame Barrier+1","Immolate+1"],"relics":["Burning Blood","MawBank","Golden Idol","Regal Pillow","Runic Cube","Necronomicon","Molten Egg 2","Bird Faced Urn"],"potions_floor_usage":[16,33,33,33,33,33],"damage_taken":[{"damage":8,"enemies":"2 Louse","floor":1,"turns":2},{"damage":10,"enemies":"Jaw Worm","floor":5,"turns":7},{"damage":3,"enemies":"Small Slimes","floor":11,"turns":4},{"damage":8,"enemies":"Blue Slaver","floor":12,"turns":3},{"damage":2,"enemies":"2 Fungi Beasts","floor":13,"turns":3},{"damage":3,"enemies":"Large Slime","floor":14,"turns":6},{"damage":53,"enemies":"Slime Boss","floor":16,"turns":19},{"damage":28,"enemies":"3 Byrds","floor":18,"turns":7},{"damage":24,"enemies":"Chosen","floor":19,"turns":9},{"damage":19,"enemies":"Snake Plant","floor":24,"turns":6},{"damage":26,"enemies":"Sentry and Sphere","floor":28,"turns":9},{"damage":42,"enemies":"Book of Stabbing","floor":29,"turns":8},{"damage":0,"enemies":"3 Cultists","floor":30,"turns":2},{"damage":12,"enemies":"Centurion and Healer","floor":31,"turns":3},{"damage":112,"enemies":"Automaton","floor":33,"turns":12}],"seed_played":"28086019069279799","potions_obtained":[{"floor":1,"key":"Ancient Potion"},{"floor":11,"key":"SpeedPotion"},{"floor":16,"key":"Energy Potion"},{"floor":28,"key":"Ancient Potion"},{"floor":29,"key":"EntropicBrew"}],"is_trial":false,"path_per_floor":["M","?","$","?","M","R","$","R","T","?","M","M","M","M","R","B",null,"M","M","$","?","$","R","M","R","T","R","M","E","M","M","R","B"],"character_chosen":"IRONCLAD","items_purchased":["Body Slam","Armaments","Shrug It Off"],"campfire_rested":2,"item_purchase_floors":[3,7,22],"current_hp_per_floor":[78,71,71,51,47,47,47,47,47,47,50,48,52,55,55,8,80,58,44,44,28,28,67,61,61,61,61,41,13,43,37,76,0],"gold":157,"neow_bonus":"TRANSFORM_TWO_CARDS","is_prod":false,"is_daily":false,"chose_seed":false,"campfire_upgraded":5,"win_rate":0,"timestamp":1542782273,"path_taken":["M","?","$","?","M","R","?","R","T","?","M","M","?","M","R","BOSS","M","M","$","?","$","R","M","R","T","R","M","E","M","M","R","BOSS"],"build_version":"2018-11-15","purchased_purges":2,"victory":false,"max_hp_per_floor":[80,80,80,80,80,80,80,80,80,80,80,80,80,80,80,80,80,80,80,80,80,80,80,80,80,80,80,80,80,80,80,80,80],"card_choices":[{"not_picked":["Warcry","Rupture"],"picked":"Entrench","floor":1},{"not_picked":["Infernal Blade","Clothesline","Whirlwind"],"picked":"SKIP","floor":5},{"not_picked":["Wild Strike","Bloodletting","Anger"],"picked":"SKIP","floor":11},{"not_picked":["Carnage","Reckless Charge","Sentinel"],"picked":"SKIP","floor":12},{"not_picked":["Uppercut","Twin Strike"],"picked":"Power Through","floor":13},{"not_picked":["Dropkick","Perfected Strike"],"picked":"Shrug It Off","floor":14},{"not_picked":["Limit Break","Double Tap"],"picked":"Reaper","floor":16},{"not_picked":["Hemokinesis","Flex","Thunderclap"],"picked":"SKIP","floor":18},{"not_picked":["Wild Strike","Pommel Strike","Cleave"],"picked":"SKIP","floor":19},{"not_picked":["Headbutt","Havoc"],"picked":"Flame Barrier","floor":24},{"not_picked":["Pommel Strike+1","Rage","Heavy Blade+1"],"picked":"SKIP","floor":28},{"not_picked":["Rage+1","Perfected Strike+1"],"picked":"Immolate+1","floor":29},{"not_picked":["Wild Strike+1","Burning Pact+1","Sentinel"],"picked":"SKIP","floor":30},{"not_picked":["Armaments","Perfected Strike+1","Searing Blow+1"],"picked":"SKIP","floor":31}],"player_experience":827665,"relics_obtained":[{"floor":9,"key":"Regal Pillow"},{"floor":21,"key":"Necronomicon"},{"floor":26,"key":"Molten Egg 2"},{"floor":29,"key":"Bird Faced Urn"}],"event_choices":[{"damage_healed":0,"gold_gain":0,"player_choice":"Success","damage_taken":7,"relics_obtained":["MawBank"],"max_hp_gain":0,"max_hp_loss":0,"event_name":"Scrap Ooze","floor":2,"gold_loss":0},{"damage_healed":0,"gold_gain":0,"player_choice":"Take Damage","damage_taken":20,"relics_obtained":["Golden Idol"],"max_hp_gain":0,"max_hp_loss":0,"event_name":"Golden Idol","floor":4,"gold_loss":0},{"cards_removed":["Writhe"],"damage_healed":0,"gold_gain":0,"player_choice":"Card Removal","damage_taken":0,"max_hp_gain":0,"max_hp_loss":0,"event_name":"The Cleric","floor":10,"gold_loss":50},{"damage_healed":0,"gold_gain":0,"player_choice":"Obtained Book","damage_taken":16,"max_hp_gain":0,"max_hp_loss":0,"event_name":"Cursed Tome","floor":21,"gold_loss":0}],"is_beta":false,"boss_relics":[{"not_picked":["Snecko Eye","Coffee Dripper"],"picked":"Runic Cube"}],"items_purged_floors":[20,22],"is_endless":false,"potions_floor_spawned":[1,11,16,28,29],"killed_by":"Automaton","ascension_level":4}