{"path_per_floor":["M","$","M","M","?","R","?","R","T","M","?","$","E","M","R","B",null,"M","M","$","?","?"],"character_chosen":"IRONCLAD","items_purchased":["Demon Form","Armaments","Heavy Blade","Twin Strike"],"gold_per_floor":[217,64,82,96,96,96,122,122,122,133,133,87,113,128,128,232,232,248,260,87,87,12],"floor_reached":23,"campfire_rested":1,"playtime":1620,"current_hp_per_floor":[76,76,71,68,61,61,40,40,40,26,26,26,12,9,33,22,80,44,19,19,19,19],"items_purged":["Pain"],"gold":12,"score":198,"play_id":"eeb5f825-89d0-483a-83fe-001af51b8df3","is_prod":false,"is_daily":false,"is_ascension_mode":true,"campfire_upgraded":2,"path_taken":["M","$","M","M","?","R","?","R","T","?","?","$","E","M","R","BOSS","M","M","$","?","?","E"],"build_version":"2018-02-15-PROD1","purchased_purges":1,"victory":false,"master_deck":["Strike_R","Strike_R","Strike_R","Strike_R","Defend_R","Defend_R","Defend_R","Defend_R","Bash","Demon Form+1","Warcry","True Grit+1","Sword Boomerang","Infernal Blade","Armaments+1","Shrug It Off+1","Battle Trance+1","Impervious+1","Parasite","Parasite","Cleave","Flame Barrier+1","Heavy Blade","Twin Strike"],"max_hp_per_floor":[80,80,80,80,80,80,80,80,80,80,80,80,80,80,80,80,80,80,80,80,80,80],"relics":["Burning Blood","Odd Mushroom","Blood Vial","Toxic Egg 2","Champion Belt","Calling Bell","Ancient Tea Set","Juzu Bracelet","Shuriken"],"card_choices":[{"not_picked":["Cleave","Clash"],"picked":"Warcry"},{"not_picked":["Fire Breathing","Shrug It Off"],"picked":"True Grit"},{"not_picked":["Entrench","Brutality"],"picked":"Sword Boomerang"},{"not_picked":["Anger","Clash"],"picked":"Infernal Blade"},{"not_picked":["Whirlwind","Wild Strike"],"picked":"Shrug It Off"},{"not_picked":["Intimidate","Clash"],"picked":"Battle Trance"},{"not_picked":["Bludgeon","Dark Embrace"],"picked":"Impervious"},{"not_picked":["Armaments","Feel No Pain"],"picked":"Cleave"},{"not_picked":["Headbutt","Bloodletting"],"picked":"Flame Barrier"}],"player_experience":175189,"potions_floor_usage":[7,16,16,16,23],"damage_taken":[{"damage":10,"enemies":"Small Slimes","floor":1,"turns":5},{"damage":11,"enemies":"Jaw Worm","floor":3,"turns":5},{"damage":9,"enemies":"2 Louse","floor":4,"turns":4},{"damage":27,"enemies":"The Mushroom Lair","floor":7,"turns":5},{"damage":22,"enemies":"Looter","floor":10,"turns":4},{"damage":22,"enemies":"3 Sentries","floor":13,"turns":10},{"damage":11,"enemies":"Exordium Thugs","floor":14,"turns":6},{"damage":19,"enemies":"The Guardian","floor":16,"turns":12},{"damage":42,"enemies":"3 Byrds","floor":18,"turns":7},{"damage":33,"enemies":"Chosen","floor":19,"turns":6},{"damage":23,"enemies":"Gremlin Leader","floor":23,"turns":8}],"event_choices":[{"event_name":"Golden Wing","player_choice":"Card Removal","floor":5,"damage_taken":0},{"event_name":"Mushrooms","player_choice":"Fought Mushrooms","floor":7,"damage_taken":0},{"event_name":"Big Fish","player_choice":"Box","floor":11,"damage_taken":0},{"event_name":"Drug Dealer","player_choice":"Ignored","floor":21,"damage_taken":0},{"event_name":"Beggar","player_choice":"Gave Gold","floor":22,"damage_taken":0}],"boss_relics":[{"not_picked":["Runic Pyramid","Snecko Eye"],"picked":"Calling Bell"}],"potions_floor_spawned":[1,7,13,14,16],"seed_played":"-1289876376527470010","killed_by":"Gremlin Leader","ascension_level":1,"is_trial":false}