{"gold_per_floor":[112,62,62,62,27,60,60,86,86,86,102,134,134,134,134,232,232,247,247,259,179,179,179,197,197,220,250,250,350,350,361,361,462,462,481,182,196,67,87,107,118,118,168,168,185,285,297,312,312,312],"floor_reached":50,"playtime":4856,"items_purged":["Juggernaut"],"score":684,"play_id":"44d22ab4-8b83-4131-9baf-050baaec0e15","local_time":"20190214200121","is_ascension_mode":true,"campfire_choices":[{"data":"Clothesline","floor":7.0,"key":"SMITH"},{"data":"Disarm","floor":10.0,"key":"SMITH"},{"data":"Shrug It Off","floor":13.0,"key":"SMITH"},{"floor":15.0,"key":"REST"},{"data":"True Grit","floor":23.0,"key":"SMITH"},{"data":"Rage","floor":25.0,"key":"SMITH"},{"floor":28.0,"key":"REST"},{"data":"Sword Boomerang","floor":30.0,"key":"SMITH"},{"floor":32.0,"key":"REST"},{"floor":44.0,"key":"REST"},{"floor":49.0,"key":"REST"}],"neow_cost":"NONE","seed_source_timestamp":0,"circlet_count":0,"master_deck":["Strike_R+1","Strike_R+1","Strike_R+1","Strike_R+1","Defend_R+1","Defend_R+1","Defend_R+1","Defend_R+1","Bash+1","Clothesline+1","Dropkick","Flex+1","Disarm+1","Spot Weakness+1","Shrug It Off+1","Demon Form","True Grit+1","Rage+1","Feed","Sword Boomerang+1","Headbutt","Whirlwind","Battle Trance+1","Heavy Blade","Rage+1","Shockwave+1","Entrench+1"],"special_seed":0,"relics":["Burning Blood","NeowsBlessing","FossilizedHelix","Kunai","Pantograph","Darkstone Periapt","Singing Bowl","Shuriken","Mark of Pain","War Paint","Strawberry","White Beast Statue","Nunchaku","Bag of Marbles","Shovel"],"potions_floor_usage":[50,50,50],"damage_taken":[{"damage":0.0,"enemies":"Cultist","floor":1.0,"turns":1.0},{"damage":0.0,"enemies":"3 Sentries","floor":6.0,"turns":2.0},{"damage":0.0,"enemies":"Gremlin Nob","floor":8.0,"turns":1.0},{"damage":0.0,"enemies":"2 Louse","floor":11.0,"turns":2.0},{"damage":42.0,"enemies":"3 Sentries","floor":12.0,"turns":9.0},{"damage":25.0,"enemies":"The Guardian","floor":16.0,"turns":11.0},{"damage":17.0,"enemies":"Spheric Guardian","floor":18.0,"turns":6.0},{"damage":9.0,"enemies":"3 Byrds","floor":20.0,"turns":6.0},{"damage":0.0,"enemies":"Colosseum Slavers","floor":22.0,"turns":5.0},{"damage":2.0,"enemies":"Snecko","floor":24.0,"turns":9.0},{"damage":81.0,"enemies":"Gremlin Leader","floor":27.0,"turns":10.0},{"damage":12.0,"enemies":"Shelled Parasite and Fungi","floor":31.0,"turns":7.0},{"damage":43.0,"enemies":"Champ","floor":33.0,"turns":10.0},{"damage":27.0,"enemies":"3 Darklings","floor":35.0,"turns":8.0},{"damage":0.0,"enemies":"Orb Walker","floor":37.0,"turns":2.0},{"damage":25.0,"enemies":"Transient","floor":39.0,"turns":5.0},{"damage":33.0,"enemies":"Sphere and 2 Shapes","floor":40.0,"turns":5.0},{"damage":27.0,"enemies":"Spire Growth","floor":41.0,"turns":5.0},{"damage":10.0,"enemies":"4 Shapes","floor":45.0,"turns":12.0},{"damage":0.0,"enemies":"Mind Bloom Boss Battle","floor":46.0,"turns":6.0},{"damage":43.0,"enemies":"Transient","floor":47.0,"turns":5.0},{"damage":25.0,"enemies":"3 Darklings","floor":48.0,"turns":4.0},{"damage":94,"enemies":"Donu and Deca","floor":50,"turns":9}],"seed_played":"9198161369807515451","potions_obtained":[{"floor":8.0,"key":"SteroidPotion"},{"floor":11.0,"key":"Energy Potion"},{"floor":12.0,"key":"Block Potion"},{"floor":18.0,"key":"Dexterity Potion"},{"floor":27.0,"key":"Regen Potion"},{"floor":35.0,"key":"EntropicBrew"},{"floor":37.0,"key":"Ancient Potion"},{"floor":39.0,"key":"SkillPotion"}],"is_trial":false,"path_per_floor":["M","?","?","?","$","E","R","E","T","R","M","E","R","T","R","B",null,"M","?","M","$","?","R","M","R","T","E","R","?","R","M","R","B",null,"M","$","M","$","M","M","M","?","T","R","M","?","M","M","R","B"],"character_chosen":"IRONCLAD","items_purchased":["Dropkick","Feed","Nunchaku","Heavy Blade"],"campfire_rested":5,"item_purchase_floors":[5,21,36,38],"current_hp_per_floor":[80,80,80,62,62,68,68,74,74,74,80,44,44,44,68,61,80,69,69,66,66,75,75,84,84,84,16,44,44,44,53,81,61,98,77,77,83,83,64,40,21,21,21,51,52,83,48,31,64,0],"gold":312,"neow_bonus":"THREE_ENEMY_KILL","is_prod":false,"is_daily":false,"chose_seed":false,"campfire_upgraded":6,"win_rate":0,"timestamp":1550174481,"path_taken":["M","?","?","?","$","E","R","E","T","R","M","E","R","?","R","BOSS","M","?","M","$","?","R","M","R","T","E","R","?","R","?","R","BOSS","M","$","M","$","M","M","M","?","T","R","M","?","M","M","R","BOSS"],"build_version":"2019-01-23","purchased_purges":1,"victory":false,"max_hp_per_floor":[80,80,80,80,80,80,80,80,80,80,80,80,80,80,80,80,80,80,80,80,80,83,83,88,88,88,95,95,95,95,95,95,98,98,98,98,98,98,98,101,103,103,103,103,108,108,110,112,112,112],"card_choices":[{"not_picked":["Body Slam","Headbutt"],"picked":"Clothesline","floor":1.0},{"not_picked":["Wild Strike","Uppercut"],"picked":"Flex","floor":6.0},{"not_picked":["Flame Barrier","Body Slam"],"picked":"Disarm","floor":8.0},{"not_picked":["Havoc","Armaments"],"picked":"Spot Weakness","floor":11.0},{"not_picked":["Ghostly Armor","Blood for Blood"],"picked":"Shrug It Off","floor":12.0},{"not_picked":["Barricade","Double Tap"],"picked":"Demon Form","floor":16.0},{"not_picked":["Twin Strike+1","Dual Wield+1"],"picked":"True Grit","floor":18.0},{"not_picked":["Perfected Strike+1","Flex"],"picked":"Rage","floor":20.0},{"not_picked":["Iron Wave","Corruption+1","Sever Soul"],"picked":"Singing Bowl","floor":24.0},{"not_picked":["Perfected Strike","Hemokinesis"],"picked":"Sword Boomerang","floor":27.0},{"not_picked":["Spot Weakness","Pommel Strike+1"],"picked":"Headbutt","floor":31.0},{"not_picked":["Offering","Bludgeon"],"picked":"Juggernaut","floor":33.0},{"not_picked":["Sentinel","Rampage"],"picked":"Whirlwind","floor":35.0},{"not_picked":["Cleave+1","True Grit"],"picked":"Battle Trance+1","floor":37.0},{"not_picked":["Ghostly Armor","Pommel Strike"],"picked":"Rage+1","floor":39.0},{"not_picked":["Headbutt+1","Warcry+1"],"picked":"Shockwave+1","floor":40.0},{"not_picked":["Uppercut+1","Armaments","Clash"],"picked":"Singing Bowl","floor":41.0},{"not_picked":["Immolate","Body Slam+1","Metallicize+1"],"picked":"Singing Bowl","floor":45.0},{"not_picked":["Spot Weakness","Headbutt+1"],"picked":"Entrench+1","floor":46.0},{"not_picked":["Sentinel+1","Second Wind+1","Pommel Strike"],"picked":"Singing Bowl","floor":47.0},{"not_picked":["Perfected Strike","Pommel Strike+1","Iron Wave"],"picked":"Singing Bowl","floor":48.0}],"player_experience":469773,"relics_obtained":[{"floor":6.0,"key":"Kunai"},{"floor":8.0,"key":"Pantograph"},{"floor":9.0,"key":"Darkstone Periapt"},{"floor":12.0,"key":"Singing Bowl"},{"floor":14.0,"key":"Shuriken"},{"floor":26.0,"key":"War Paint"},{"floor":27.0,"key":"Strawberry"},{"floor":43.0,"key":"Bag of Marbles"},{"floor":46.0,"key":"Shovel"}],"event_choices":[{"cards_removed":["Strike_R"],"damage_healed":0.0,"max_hp_gain":0.0,"max_hp_loss":0.0,"gold_gain":0.0,"event_name":"The Cleric","player_choice":"Card Removal","floor":2.0,"gold_loss":50.0,"damage_taken":0.0},{"damage_healed":0.0,"max_hp_gain":0.0,"max_hp_loss":0.0,"gold_gain":0.0,"event_name":"Living Wall","player_choice":"Grow","floor":3.0,"gold_loss":0.0,"damage_taken":0.0,"cards_upgraded":["Bash"]},{"damage_healed":0.0,"max_hp_gain":0.0,"max_hp_loss":0.0,"gold_gain":0.0,"event_name":"Scrap Ooze","player_choice":"Success","floor":4.0,"gold_loss":0.0,"damage_taken":18.0,"relics_obtained":["FossilizedHelix"]},{"damage_healed":0.0,"max_hp_gain":0.0,"max_hp_loss":0.0,"gold_gain":0.0,"event_name":"Back to Basics","player_choice":"Simplicity","floor":19.0,"gold_loss":0.0,"damage_taken":0.0,"cards_upgraded":["Strike_R","Strike_R","Strike_R","Strike_R","Defend_R","Defend_R","Defend_R","Defend_R"]},{"damage_healed":0.0,"max_hp_gain":0.0,"max_hp_loss":0.0,"gold_gain":0.0,"event_name":"Colosseum","player_choice":"Fight","floor":22.0,"gold_loss":0.0,"damage_taken":0.0},{"damage_healed":0.0,"max_hp_gain":0.0,"max_hp_loss":0.0,"gold_gain":0.0,"event_name":"Colosseum","player_choice":"Fled From Nobs","floor":22.0,"gold_loss":0.0,"damage_taken":0.0},{"damage_healed":0.0,"max_hp_gain":0.0,"max_hp_loss":0.0,"gold_gain":100.0,"event_name":"Golden Shrine","player_choice":"Pray","floor":29.0,"gold_loss":0.0,"damage_taken":0.0},{"damage_healed":0.0,"max_hp_gain":0.0,"max_hp_loss":0.0,"gold_gain":0.0,"event_name":"Tomb of Lord Red Mask","player_choice":"Ignored","floor":42.0,"gold_loss":0.0,"damage_taken":0.0},{"damage_healed":0.0,"max_hp_gain":0.0,"max_hp_loss":0.0,"gold_gain":0.0,"event_name":"MindBloom","player_choice":"Fight","floor":46.0,"gold_loss":0.0,"damage_taken":0.0}],"is_beta":false,"boss_relics":[{"not_picked":["Black Star","Sozu"],"picked":"Mark of Pain"},{"not_picked":["Tiny House","Philosopher\u0027s Stone"],"picked":"White Beast Statue"}],"items_purged_floors":[38],"is_endless":false,"potions_floor_spawned":[8,11,12,18,22,27,35,37,39,40,41,45,46,47,48],"killed_by":"Donu and Deca","ascension_level":4}