{"gold_per_floor":[117,134,147,166,166,166,197,197,270,270,300,300,335,352,352,450,450,462,462,462,182,198,198,224,244,244,278,278,310,290,303,303,406,406,422,441,454,454,454,481,481,501,501,531,546,546,578,59,59,59],"floor_reached":51,"playtime":3697,"items_purged":["Normality"],"score":1121,"play_id":"b120fdee-0ced-40fc-b033-514f10fce77d","local_time":"20180823184723","is_ascension_mode":true,"campfire_choices":[{"data":"Cloak And Dagger","floor":6,"key":"SMITH"},{"floor":8,"key":"REST"},{"data":"Blade Dance","floor":10,"key":"SMITH"},{"floor":12,"key":"REST"},{"data":"Backstab","floor":15,"key":"SMITH"},{"data":"Noxious Fumes","floor":23,"key":"SMITH"},{"data":"Adrenaline","floor":28,"key":"SMITH"},{"data":"Infinite Blades","floor":32,"key":"SMITH"},{"floor":46,"key":"REST"},{"floor":49,"key":"DIG"}],"neow_cost":"","seed_source_timestamp":937426515362107,"circlet_count":0,"master_deck":["Defend_G","Defend_G+1","Defend_G+1","Defend_G","Defend_G","Survivor+1","Neutralize","Backstab+1","Deflect","Cloak And Dagger+1","Blade Dance+1","Footwork","Endless Agony","Adrenaline+1","Deflect","Bite+1","Bite","Bite","Bite+1","Bite","Noxious Fumes+1","Catalyst+1","Acrobatics","Noxious Fumes","Infinite Blades+1","Phantasmal Killer","Choke+1","Cloak And Dagger","Cloak And Dagger+1","Dramatic Entrance","Secret Weapon","Terror"],"relics":["Ring of the Snake","Dead Branch","Gremlin Horn","Anchor","Pen Nib","WristBlade","ClockworkSouvenir","Gambling Chip","Whetstone","Darkstone Periapt","Mummified Hand","Cursed Key","Shovel","Shuriken","Vajra","Ancient Tea Set","War Paint","Girya"],"potions_floor_usage":[16,16,27,29,31,33,50,50,50],"damage_taken":[{"damage":4,"enemies":"Jaw Worm","floor":1,"turns":4},{"damage":0,"enemies":"2 Louse","floor":2,"turns":3},{"damage":0,"enemies":"Small Slimes","floor":3,"turns":3},{"damage":0,"enemies":"2 Fungi Beasts","floor":4,"turns":5},{"damage":8,"enemies":"3 Sentries","floor":7,"turns":10},{"damage":16,"enemies":"Gremlin Nob","floor":11,"turns":3},{"damage":4,"enemies":"3 Sentries","floor":13,"turns":6},{"damage":0,"enemies":"Blue Slaver","floor":14,"turns":2},{"damage":21,"enemies":"The Guardian","floor":16,"turns":8},{"damage":0,"enemies":"Chosen","floor":18,"turns":3},{"damage":0,"enemies":"2 Thieves","floor":22,"turns":2},{"damage":12,"enemies":"Slavers","floor":24,"turns":4},{"damage":5,"enemies":"Snecko","floor":25,"turns":3},{"damage":0,"enemies":"Book of Stabbing","floor":27,"turns":4},{"damage":0,"enemies":"Slavers","floor":29,"turns":4},{"damage":7,"enemies":"Snake Plant","floor":31,"turns":3},{"damage":13,"enemies":"Champ","floor":33,"turns":7},{"damage":0,"enemies":"Flame Bruiser 1 Orb","floor":35,"turns":2},{"damage":0,"enemies":"3 Darklings","floor":36,"turns":3},{"damage":1,"enemies":"Sphere and 2 Shapes","floor":37,"turns":2},{"damage":2,"enemies":"2 Orb Walkers","floor":40,"turns":2},{"damage":0,"enemies":"4 Shapes","floor":42,"turns":1},{"damage":29,"enemies":"Nemesis","floor":44,"turns":3},{"damage":0,"enemies":"Spire Growth","floor":45,"turns":2},{"damage":0,"enemies":"Giant Head","floor":47,"turns":5},{"damage":0,"enemies":"Donu and Deca","floor":50,"turns":2}],"seed_played":"2607350569929029992","potions_obtained":[{"floor":2,"key":"Ancient Potion"},{"floor":3,"key":"EssenceOfSteel"},{"floor":14,"key":"SteroidPotion"},{"floor":16,"key":"Block Potion"},{"floor":18,"key":"SpeedPotion"},{"floor":25,"key":"EssenceOfSteel"},{"floor":30,"key":"Strength Potion"},{"floor":31,"key":"Energy Potion"},{"floor":40,"key":"FearPotion"},{"floor":42,"key":"SteroidPotion"}],"is_trial":false,"path_per_floor":["M","M","M","M","?","R","E","R","T","R","E","R","E","M","R","B",null,"M","?","?","$","M","R","E","M","T","E","R","E","?","M","R","B",null,"M","M","M","?","?","E","?","M","T","E","M","R","E","$","R","B"],"character_chosen":"THE_SILENT","items_purchased":["ClockworkSouvenir","Noxious Fumes","War Paint","Secret Weapon","Terror"],"campfire_rested":3,"item_purchase_floors":[21,21,48,48,48],"current_hp_per_floor":[66,66,66,66,52,52,44,65,65,65,49,70,66,66,66,45,70,70,49,42,42,48,48,44,49,49,54,54,54,54,50,50,43,54,54,54,54,54,54,52,52,54,60,33,39,57,60,60,60,60],"gold":59,"neow_bonus":"","is_prod":false,"is_daily":false,"chose_seed":false,"campfire_upgraded":6,"win_rate":0,"timestamp":1535039243,"path_taken":["M","M","M","M","?","R","E","R","T","R","E","R","E","M","R","BOSS","M","?","?","$","M","R","E","?","T","E","R","E","?","?","R","BOSS","M","M","M","?","?","E","?","M","T","E","M","R","E","$","R","BOSS"],"build_version":"2018-08-16","purchased_purges":1,"victory":true,"max_hp_per_floor":[70,70,70,70,70,70,70,70,70,70,70,70,70,70,70,70,70,70,49,54,54,54,54,54,54,54,54,54,54,54,54,54,54,54,54,54,54,54,54,54,54,54,60,60,60,60,60,60,60,60],"card_choices":[{"not_picked":["Underhanded Strike","Dodge and Roll"],"picked":"Backstab","floor":1},{"not_picked":["Sucker Punch","Unload"],"picked":"Deflect","floor":2},{"not_picked":["Dodge and Roll","Accuracy"],"picked":"Cloak And Dagger","floor":3},{"not_picked":["Dodge and Roll","Blur"],"picked":"Blade Dance","floor":4},{"not_picked":["Quick Slash","Concentrate"],"picked":"Footwork","floor":7},{"not_picked":["Predator","Dodge and Roll","Dagger Throw"],"picked":"SKIP","floor":11},{"not_picked":["Dodge and Roll","Masterful Stab"],"picked":"Endless Agony","floor":13},{"not_picked":["PiercingWail","Dodge and Roll","Calculated Gamble"],"picked":"SKIP","floor":14},{"not_picked":["Burst","Wraith Form v2"],"picked":"Adrenaline","floor":16},{"not_picked":["Prepared","Sucker Punch"],"picked":"Deflect","floor":18},{"not_picked":["Skewer","Outmaneuver"],"picked":"Catalyst+1","floor":22},{"not_picked":["Cloak And Dagger+1","Dagger Spray+1"],"picked":"Backstab","floor":24},{"not_picked":["Dagger Throw","Outmaneuver"],"picked":"Acrobatics","floor":25},{"not_picked":["Setup+1","Grand Finale","Catalyst"],"picked":"SKIP","floor":27},{"not_picked":["Caltrops","Endless Agony+1"],"picked":"Noxious Fumes","floor":29},{"not_picked":["Backflip+1","Dagger Spray"],"picked":"Infinite Blades","floor":31},{"not_picked":["Die Die Die","Malaise"],"picked":"Phantasmal Killer","floor":33},{"not_picked":["Acrobatics+1","Setup"],"picked":"Choke+1","floor":35},{"not_picked":["Underhanded Strike+1","Outmaneuver"],"picked":"Cloak And Dagger","floor":36},{"not_picked":["Distraction","Flying Knee"],"picked":"Cloak And Dagger+1","floor":37},{"not_picked":["Choke+1","Deadly Poison","Heel Hook+1"],"picked":"SKIP","floor":40},{"not_picked":["Secret Technique","Trip"],"picked":"Dramatic Entrance","floor":41},{"not_picked":["Predator","Quick Slash+1","Poisoned Stab"],"picked":"SKIP","floor":42},{"not_picked":["Choke","Flechettes+1","Poisoned Stab+1"],"picked":"SKIP","floor":44},{"not_picked":["Dagger Spray+1","Dagger Throw","Tactician+1"],"picked":"SKIP","floor":45},{"not_picked":["Dagger Spray","Cloak And Dagger","Sucker Punch"],"picked":"SKIP","floor":47}],"player_experience":89064,"relics_obtained":[{"floor":7,"key":"Dead Branch"},{"floor":9,"key":"Gremlin Horn"},{"floor":11,"key":"Anchor"},{"floor":13,"key":"Pen Nib"},{"floor":24,"key":"Gambling Chip"},{"floor":26,"key":"Whetstone"},{"floor":27,"key":"Darkstone Periapt"},{"floor":29,"key":"Mummified Hand"},{"floor":40,"key":"Shovel"},{"floor":43,"key":"Shuriken"},{"floor":44,"key":"Vajra"},{"floor":47,"key":"Ancient Tea Set"},{"floor":49,"key":"Girya"}],"event_choices":[{"event_name":"Shining Light","player_choice":"Entered Light","floor":5,"damage_taken":0},{"event_name":"Vampires","player_choice":"Became a vampire","floor":19,"damage_taken":0},{"event_name":"Forgotten Altar","player_choice":"Shed Blood","floor":20,"damage_taken":0},{"event_name":"The Woman in Blue","player_choice":"Bought 1 Potion","floor":30,"damage_taken":0},{"event_name":"Falling","player_choice":"Removed Attack","floor":38,"damage_taken":0},{"event_name":"Wheel of Change","player_choice":"Full Heal","floor":39,"damage_taken":0},{"event_name":"SensoryStone","player_choice":"Memory 1","floor":41,"damage_taken":0}],"is_beta":false,"boss_relics":[{"not_picked":["Orrery","Tiny House"],"picked":"WristBlade"},{"not_picked":["Ring of the Serpent","Velvet Choker"],"picked":"Cursed Key"}],"items_purged_floors":[48],"is_endless":false,"potions_floor_spawned":[2,3,14,16,18,25,31,40,42,44],"ascension_level":4}