{"path_per_floor":["M","M","?","$","M","E","M","T","T","E","?","?","R","E","R","B",null,"M","?","T","M","?","R","E","M","T","R","M","E","R","?","R","B",null,"M","$","?","M","M","E","R","?","T","T"],"character_chosen":"IRONCLAD","items_purchased":["Bronze Scales","Thread and Needle"],"gold_per_floor":[147,166,166,15,34,98,115,115,115,141,141,141,141,171,171,270,270,286,286,336,350,350,350,382,402,425,425,441,467,467,467,467,569,569,584,200,200,220,236,271,271,323,323,323],"floor_reached":45,"campfire_rested":1,"playtime":3997,"current_hp_per_floor":[77,77,70,70,70,53,43,43,43,27,27,27,27,26,26,15,68,53,37,37,37,37,64,57,43,43,43,55,38,38,38,38,53,81,61,61,61,54,54,44,44,38,38,38],"items_purged":["Writhe"],"gold":323,"score":626,"play_id":"b0f4b808-4967-4661-a08b-e456d1146aae","is_prod":false,"is_daily":false,"is_ascension_mode":true,"campfire_upgraded":6,"path_taken":["M","M","?","$","M","E","?","?","T","E","?","?","R","E","R","BOSS","M","?","?","M","?","R","E","M","T","R","M","E","R","?","R","BOSS","M","$","?","M","M","E","R","?","T","?","E"],"build_version":"2018-02-08-BETA1","purchased_purges":1,"victory":false,"master_deck":["Strike_R+1","Strike_R+1","Strike_R","Strike_R","Strike_R","Defend_R","Defend_R+1","Defend_R+1","Bash","Shrug It Off+1","Iron Wave","Armaments+1","Limit Break+1","Inflame+1","Impervious","Shrug It Off+1","Spot Weakness","Double Tap","True Grit+1","Limit Break","Battle Trance+1","Rage+1"],"max_hp_per_floor":[85,85,85,85,85,85,85,85,85,85,85,85,85,85,85,85,85,85,90,90,90,90,90,90,90,90,90,90,90,90,90,90,90,90,90,90,90,90,90,90,90,90,90,90],"relics":["Tiny House","Bronze Scales","Tiny Chest","Champion Belt","Torii","Whetstone","Oddly Smooth Stone","Sozu","Juzu Bracelet","Meat on the Bone","Dream Catcher","Pantograph","War Paint","Philosopher\u0027s Stone","Thread and Needle","Bottled Tornado","Du-Vu Doll","Frozen Eye","Bag of Preparation"],"card_choices":[{"not_picked":["Body Slam","True Grit"],"picked":"Shrug It Off"},{"not_picked":["Sword Boomerang","Perfected Strike"],"picked":"Iron Wave"},{"not_picked":["Uppercut","Seeing Red"],"picked":"Armaments"},{"not_picked":["Twin Strike","Clash"],"picked":"Limit Break"},{"not_picked":["Clash","Headbutt"],"picked":"Inflame"},{"not_picked":["Perfected Strike","Power Through"],"picked":"Impervious"},{"not_picked":["Exhume","Clothesline"],"picked":"Shrug It Off"},{"not_picked":["Rampage","Disarm"],"picked":"Spot Weakness"},{"not_picked":["Berserk","Bludgeon"],"picked":"Double Tap"},{"not_picked":["Searing Blow","Rampage"],"picked":"True Grit"},{"not_picked":["Combust","Iron Wave"],"picked":"Headbutt"},{"not_picked":["Berserk","Immolate"],"picked":"Limit Break"},{"not_picked":["Anger","Bloodletting"],"picked":"Battle Trance"},{"not_picked":["Intimidate","Shockwave"],"picked":"Rage"}],"player_experience":116952,"potions_floor_usage":[10,14,16],"damage_taken":[{"damage":0,"enemies":"Small Slimes","floor":1,"turns":3},{"damage":0,"enemies":"Cultist","floor":2,"turns":3},{"damage":0,"enemies":"Blue Slaver","floor":5,"turns":4},{"damage":17,"enemies":"3 Sentries","floor":6,"turns":10},{"damage":10,"enemies":"Large Slime","floor":7,"turns":6},{"damage":16,"enemies":"Gremlin Nob","floor":10,"turns":5},{"damage":1,"enemies":"Lagavulin","floor":14,"turns":7},{"damage":11,"enemies":"The Guardian","floor":16,"turns":9},{"damage":15,"enemies":"Chosen","floor":18,"turns":5},{"damage":0,"enemies":"3 Byrds","floor":21,"turns":3},{"damage":7,"enemies":"Book of Stabbing","floor":24,"turns":6},{"damage":26,"enemies":"Snake Plant","floor":25,"turns":3},{"damage":0,"enemies":"Centurion and Healer","floor":28,"turns":7},{"damage":29,"enemies":"Gremlin Leader","floor":29,"turns":5},{"damage":22,"enemies":"Collector","floor":33,"turns":6},{"damage":20,"enemies":"3 Shapes","floor":35,"turns":5},{"damage":19,"enemies":"3 Darklings","floor":38,"turns":6},{"damage":0,"enemies":"Flame Bruiser 2 Orb","floor":39,"turns":6},{"damage":22,"enemies":"2 Orb Walkers","floor":40,"turns":5},{"damage":18,"enemies":"Mysterious Sphere","floor":42,"turns":6},{"damage":62,"enemies":"Nemesis","floor":45,"turns":6}],"event_choices":[{"event_name":"Golden Wing","player_choice":"Card Removal","floor":3,"damage_taken":0},{"event_name":"The Lab","player_choice":"Got Potions","floor":11,"damage_taken":0},{"event_name":"Scrap Ooze","player_choice":"unsuccessful","floor":12,"damage_taken":0},{"event_name":"Forgotten Altar","player_choice":"Shed Blood","floor":19,"damage_taken":0},{"event_name":"Drug Dealer","player_choice":"Ignored","floor":22,"damage_taken":0},{"event_name":"The Mausoleum","player_choice":"Yes","floor":31,"damage_taken":0},{"event_name":"Mysterious Sphere","player_choice":"Fight","floor":42,"damage_taken":0}],"boss_relics":[{"not_picked":["Runic Pyramid","Lizard Tail"],"picked":"Sozu"},{"not_picked":["Astrolabe","Runic Cube"],"picked":"Philosopher\u0027s Stone"}],"potions_floor_spawned":[5,6,10,16,28,33,38,39,40],"seed_played":"-2674641622389485790","killed_by":"Nemesis","ascension_level":8,"is_trial":false}