{"path_per_floor":["M","M","?","M","M","E","?","E","T","R","E","$","?","M","R","B",null,"M","$","?","?","M","E","M","R","T"],"character_chosen":"IRONCLAD","items_purchased":["Bloodletting","Rupture","Dual Wield"],"gold_per_floor":[114,129,129,141,161,187,187,213,213,213,243,168,168,186,186,289,289,309,27,27,27,41,72,82,82,105],"floor_reached":27,"campfire_rested":0,"playtime":2540,"current_hp_per_floor":[72,78,78,80,80,78,71,52,52,52,45,45,50,55,55,47,85,85,85,85,85,85,72,78,78,78],"items_purged":["Strike_R","Strike_R"],"gold":105,"play_id":"1a8a7f43-1e1b-44a9-a14e-ca031f2228c7","is_prod":false,"is_daily":false,"is_ascension_mode":true,"campfire_upgraded":3,"path_taken":["M","?","?","M","M","E","?","E","T","R","E","$","?","M","R","BOSS","M","$","?","?","M","E","M","R","T","E"],"build_version":"2018-01-25-PROD3","purchased_purges":3,"victory":false,"master_deck":["Strike_R","Strike_R+1","Strike_R+1","Defend_R","Defend_R","Defend_R","Bash","Bludgeon+1","Feel No Pain","Rupture","True Grit+1","Flame Barrier+1","Impervious","Shrug It Off","Bloodletting","Rupture","Dual Wield","Metallicize"],"max_hp_per_floor":[80,80,80,80,80,80,80,80,80,80,80,80,85,85,85,85,85,85,85,85,85,85,85,85,85,85],"relics":["Burning Blood","Happy Flower","Thread and Needle","Calipers","Whetstone","Frozen Eye","Bottled Tornado","Mark of Pain","Paper Frog","Lantern"],"card_choices":[{"not_picked":["True Grit","Havoc"],"picked":"Bludgeon"},{"not_picked":["Body Slam","Perfected Strike"],"picked":"Feel No Pain"},{"not_picked":["Battle Trance","Fire Breathing"],"picked":"Rupture"},{"not_picked":["Cleave","Clothesline"],"picked":"True Grit"},{"not_picked":["Thunderclap","Infernal Blade"],"picked":"Flame Barrier"},{"not_picked":["Immolate","Juggernaut"],"picked":"Impervious"},{"not_picked":["Thunderclap","Iron Wave"],"picked":"Shrug It Off"},{"not_picked":["Reckless Charge","Anger"],"picked":"Metallicize"}],"player_experience":412483,"potions_floor_usage":[6,22,23,27,27],"damage_taken":[{"damage":14,"enemies":"Blue Slaver","floor":1,"turns":5},{"damage":0,"enemies":"Cultist","floor":2,"turns":2},{"damage":2,"enemies":"Jaw Worm","floor":4,"turns":2},{"damage":0,"enemies":"Exordium Wildlife","floor":5,"turns":4},{"damage":8,"enemies":"3 Sentries","floor":6,"turns":6},{"damage":25,"enemies":"Gremlin Nob","floor":8,"turns":5},{"damage":13,"enemies":"Lagavulin","floor":11,"turns":5},{"damage":1,"enemies":"3 Louse","floor":14,"turns":5},{"damage":14,"enemies":"The Guardian","floor":16,"turns":8},{"damage":0,"enemies":"Shell Parasite","floor":18,"turns":5},{"damage":3,"enemies":"Chosen","floor":22,"turns":4},{"damage":19,"enemies":"Book of Stabbing","floor":23,"turns":5},{"damage":0,"enemies":"Snecko","floor":24,"turns":4},{"damage":83,"enemies":"Gremlin Leader","floor":27,"turns":7}],"event_choices":[{"event_name":"The Lab","player_choice":"Got Potions","floor":3,"damage_taken":0},{"event_name":"Scrap Ooze","player_choice":"success","floor":7,"damage_taken":7},{"event_name":"Big Fish","player_choice":"Donut","floor":13,"damage_taken":0},{"event_name":"Drug Dealer","player_choice":"Ignored","floor":20,"damage_taken":0},{"event_name":"Back to Basics","player_choice":"Elegance","floor":21,"damage_taken":0}],"boss_relics":[{"not_picked":["Philosopher\u0027s Stone","Black Blood"],"picked":"Mark of Pain"}],"potions_floor_spawned":[6,8,11,16,18,22],"seed_played":"-1145718427963079064","killed_by":"Gremlin Leader","ascension_level":2,"is_trial":false}