{"gold_per_floor":[115,115,115,133,133,133,152,152,152,168,91,56,56,76,76,197,197,212,237,237,237,247,247,247,247,270,299,145,175,175],"floor_reached":30,"playtime":1221,"items_purged":[],"score":320,"play_id":"4f20536c-9976-49bf-aae2-35f45b5e7281","local_time":"20190225003855","is_ascension_mode":true,"campfire_choices":[{"floor":6,"key":"REST"},{"data":"Beam Cell","floor":8,"key":"SMITH"},{"data":"Zap","floor":15,"key":"SMITH"},{"floor":23,"key":"REST"},{"floor":25,"key":"REST"}],"neow_cost":"NONE","seed_source_timestamp":3063735701895806,"circlet_count":0,"master_deck":["Strike_B","Strike_B","Strike_B","Defend_B+1","Defend_B+1","Defend_B","Defend_B","Zap+1","Dualcast","Beam Cell+1","Echo Form","Cold Snap","Gash","Self Repair","Fission","Rip and Tear","Cold Snap","Aggregate"],"relics":["Busted Crown","Boot","Bag of Preparation","Bloody Idol","Philosopher\u0027s Stone","Enchiridion","Art of War","Du-Vu Doll","Strawberry","War Paint"],"potions_floor_usage":[10,16,16,27,29],"damage_taken":[{"damage":0,"enemies":"2 Louse","floor":1,"turns":3},{"damage":7,"enemies":"Jaw Worm","floor":4,"turns":2},{"damage":0,"enemies":"Small Slimes","floor":7,"turns":3},{"damage":3,"enemies":"Exordium Thugs","floor":10,"turns":5},{"damage":21,"enemies":"Large Slime","floor":14,"turns":5},{"damage":18,"enemies":"Slime Boss","floor":16,"turns":9},{"damage":30,"enemies":"3 Byrds","floor":18,"turns":4},{"damage":22,"enemies":"Spheric Guardian","floor":19,"turns":5},{"damage":6,"enemies":"Centurion and Healer","floor":22,"turns":7},{"damage":55,"enemies":"Book of Stabbing","floor":27,"turns":6},{"damage":37,"enemies":"Slavers","floor":29,"turns":7},{"damage":28,"enemies":"Snake Plant","floor":30,"turns":2}],"seed_played":"1598508441678997307","potions_obtained":[{"floor":4,"key":"Strength Potion"},{"floor":10,"key":"Fruit Juice"},{"floor":14,"key":"Weak Potion"},{"floor":18,"key":"FearPotion"},{"floor":19,"key":"GamblersBrew"},{"floor":22,"key":"FearPotion"},{"floor":27,"key":"GamblersBrew"}],"is_trial":false,"path_per_floor":["M","?","?","M","?","R","M","R","T","M","$","?","?","M","R","B",null,"M","M","?","?","M","R","?","R","T","E","$","E","M"],"character_chosen":"DEFECT","items_purchased":["Self Repair","Strawberry"],"campfire_rested":3,"item_purchase_floors":[11,28],"current_hp_per_floor":[75,42,42,35,35,57,57,57,57,59,59,79,74,60,60,49,68,45,37,21,21,34,56,56,74,74,38,45,27,0],"gold":175,"neow_bonus":"BOSS_RELIC","is_prod":false,"is_daily":false,"chose_seed":false,"campfire_upgraded":2,"win_rate":0,"timestamp":1551076735,"path_taken":["M","?","?","M","?","R","M","R","T","?","$","?","?","M","R","BOSS","M","M","?","?","M","R","?","R","T","E","$","E","M"],"build_version":"2019-01-23","purchased_purges":0,"victory":false,"max_hp_per_floor":[75,75,75,75,75,75,75,75,75,80,80,80,74,74,74,74,74,74,74,74,74,74,74,74,74,74,74,81,81,81],"card_choices":[{"not_picked":["Compile Driver"],"picked":"SKIP","floor":1},{"not_picked":[],"picked":"Chill","floor":4},{"not_picked":[],"picked":"Cold Snap","floor":7},{"not_picked":[],"picked":"Gash","floor":10},{"not_picked":["Steam"],"picked":"SKIP","floor":14},{"not_picked":[],"picked":"Fission","floor":16},{"not_picked":[],"picked":"Rip and Tear","floor":18},{"not_picked":[],"picked":"Cold Snap","floor":19},{"not_picked":["Beam Cell"],"picked":"SKIP","floor":22},{"not_picked":["Aggregate"],"picked":"SKIP","floor":27},{"not_picked":[],"picked":"Aggregate","floor":29}],"player_experience":586813,"relics_obtained":[{"floor":9,"key":"Bag of Preparation"},{"floor":20,"key":"Enchiridion"},{"floor":26,"key":"Art of War"},{"floor":27,"key":"Du-Vu Doll"},{"floor":29,"key":"War Paint"}],"event_choices":[{"damage_healed":0,"gold_gain":0,"player_choice":"Success","damage_taken":33,"relics_obtained":["Boot"],"max_hp_gain":0,"max_hp_loss":0,"event_name":"Scrap Ooze","floor":2,"gold_loss":0},{"damage_healed":0,"gold_gain":0,"cards_transformed":["Strike_B"],"player_choice":"Change","damage_taken":0,"max_hp_gain":0,"max_hp_loss":0,"event_name":"Living Wall","floor":3,"gold_loss":0,"cards_obtained":["Beam Cell"]},{"damage_healed":0,"gold_gain":0,"cards_transformed":["Chill"],"player_choice":"Transformed","damage_taken":0,"max_hp_gain":0,"max_hp_loss":0,"event_name":"Transmorgrifier","floor":5,"gold_loss":0,"cards_obtained":["Echo Form"]},{"damage_healed":20,"gold_gain":0,"player_choice":"Healed","damage_taken":0,"max_hp_gain":0,"max_hp_loss":0,"event_name":"The Cleric","floor":12,"gold_loss":35},{"damage_healed":0,"gold_gain":0,"player_choice":"Lose Max HP","damage_taken":0,"relics_obtained":["Golden Idol"],"max_hp_gain":0,"max_hp_loss":6,"event_name":"Golden Idol","floor":13,"gold_loss":0},{"damage_healed":0,"gold_gain":0,"player_choice":"Obtained Book","damage_taken":16,"max_hp_gain":0,"max_hp_loss":0,"event_name":"Cursed Tome","floor":20,"gold_loss":0},{"damage_healed":0,"gold_gain":0,"player_choice":"Gave Idol","damage_taken":0,"relics_obtained":["Bloody Idol"],"max_hp_gain":0,"max_hp_loss":0,"event_name":"Forgotten Altar","floor":21,"relics_lost":["Golden Idol"],"gold_loss":0},{"damage_healed":0,"gold_gain":0,"player_choice":"Ignored","damage_taken":0,"max_hp_gain":0,"max_hp_loss":0,"event_name":"Ghosts","floor":24,"gold_loss":0}],"is_beta":false,"boss_relics":[{"not_picked":["Astrolabe","White Beast Statue"],"picked":"Philosopher\u0027s Stone"}],"items_purged_floors":[],"is_endless":false,"potions_floor_spawned":[4,10,14,18,19,22,27],"killed_by":"Snake Plant","ascension_level":5}