{"gold_per_floor":[109,123,123,298,49,49,81,81,81,95,95,126,144,161,161,233,233,245,256,256,23,33,58,58,58,85,85,112,112,131,166,166,237,237,257,15,15,34,51,51],"floor_reached":40,"playtime":3422,"items_purged":["Strike_R"],"score":772,"play_id":"caaa5540-ab2d-4eb6-a69b-b67a509e0b22","local_time":"20190224221248","is_ascension_mode":true,"campfire_choices":[{"data":"Anger","floor":6,"key":"SMITH"},{"floor":8,"key":"REST"},{"data":"True Grit","floor":15,"key":"SMITH"},{"data":"Demon Form","floor":25,"key":"SMITH"},{"data":"Headbutt","floor":27,"key":"SMITH"},{"floor":29,"key":"REST"},{"floor":32,"key":"REST"}],"neow_cost":"NONE","seed_source_timestamp":158516022073000,"circlet_count":0,"master_deck":["AscendersBane","Strike_R+1","Strike_R+1","Strike_R+1","Defend_R","Defend_R","Defend_R","Defend_R+1","Bash","Anger+1","Disarm","Shrug It Off","Immolate+1","Battle Trance","True Grit+1","Exhume","Headbutt+1","Demon Form+1","Sentinel","Feel No Pain","Twin Strike+1","Feed+1","Sword Boomerang+1","Shrug It Off+1","Heavy Blade+1"],"relics":["Burning Blood","Whetstone","Oddly Smooth Stone","Bronze Scales","Bag of Marbles","Lantern","Mark of Pain","Blood Vial","Molten Egg 2","Ancient Tea Set","Gambling Chip","Paper Frog","Empty Cage","Gremlin Horn"],"potions_floor_usage":[7,16,31,33,40],"damage_taken":[{"damage":7,"enemies":"Small Slimes","floor":1,"turns":4},{"damage":2,"enemies":"Jaw Worm","floor":2,"turns":3},{"damage":23,"enemies":"3 Sentries","floor":7,"turns":13},{"damage":0,"enemies":"Cultist","floor":10,"turns":3},{"damage":11,"enemies":"Lagavulin","floor":12,"turns":3},{"damage":0,"enemies":"Blue Slaver","floor":13,"turns":1},{"damage":10,"enemies":"Gremlin Gang","floor":14,"turns":3},{"damage":29,"enemies":"The Guardian","floor":16,"turns":15},{"damage":9,"enemies":"Chosen","floor":18,"turns":5},{"damage":0,"enemies":"3 Byrds","floor":19,"turns":2},{"damage":13,"enemies":"Cultist and Chosen","floor":22,"turns":7},{"damage":43,"enemies":"Slavers","floor":23,"turns":6},{"damage":53,"enemies":"Gremlin Leader","floor":28,"turns":9},{"damage":8,"enemies":"Centurion and Healer","floor":30,"turns":5},{"damage":17,"enemies":"Book of Stabbing","floor":31,"turns":8},{"damage":13,"enemies":"Champ","floor":33,"turns":8},{"damage":31,"enemies":"3 Darklings","floor":35,"turns":4},{"damage":21,"enemies":"Orb Walker","floor":38,"turns":4},{"damage":0,"enemies":"Jaw Worm Horde","floor":39,"turns":2},{"damage":65,"enemies":"Nemesis","floor":40,"turns":8}],"seed_played":"1883566588072702923","potions_obtained":[{"floor":1,"key":"EssenceOfSteel"},{"floor":2,"key":"SpeedPotion"},{"floor":12,"key":"Weak Potion"},{"floor":19,"key":"FairyPotion"},{"floor":28,"key":"Dexterity Potion"},{"floor":30,"key":"PowerPotion"},{"floor":33,"key":"FearPotion"},{"floor":39,"key":"Block Potion"}],"is_trial":false,"path_per_floor":["M","M","?","?","$","R","E","R","T","M","?","E","M","M","R","B",null,"M","M","?","$","M","E","?","R","T","R","E","R","M","E","R","B",null,"M","$","?","M","M","E"],"character_chosen":"IRONCLAD","items_purchased":["Oddly Smooth Stone","Shrug It Off","Blood Vial","Demon Form","Gremlin Horn"],"campfire_rested":3,"item_purchase_floors":[5,5,21,21,36],"current_hp_per_floor":[67,71,56,56,56,56,39,61,61,67,72,67,73,69,69,46,72,69,75,75,75,70,35,61,61,61,61,16,40,40,31,55,50,73,54,54,54,41,57,0],"gold":51,"neow_bonus":"RANDOM_COMMON_RELIC","is_prod":false,"is_daily":false,"chose_seed":false,"campfire_upgraded":4,"win_rate":0,"timestamp":1551064368,"path_taken":["M","M","?","?","$","R","E","R","T","M","?","E","M","M","R","BOSS","M","M","?","$","M","E","?","R","T","R","E","R","M","E","R","BOSS","M","$","?","?","M","E"],"build_version":"2019-01-23","purchased_purges":1,"victory":false,"max_hp_per_floor":[75,75,75,75,75,75,75,75,75,75,80,80,80,80,80,80,80,80,80,80,80,80,80,80,80,80,80,80,80,80,80,80,80,80,84,84,84,84,92,92],"card_choices":[{"not_picked":["Sever Soul","Combust"],"picked":"Anger","floor":1},{"not_picked":["Pommel Strike","Body Slam"],"picked":"Disarm","floor":2},{"not_picked":["Havoc","True Grit"],"picked":"Immolate","floor":7},{"not_picked":["Entrench","Cleave"],"picked":"Battle Trance","floor":10},{"not_picked":["Dark Embrace","Body Slam","Searing Blow"],"picked":"SKIP","floor":12},{"not_picked":["Dark Embrace","Body Slam","Searing Blow"],"picked":"SKIP","floor":12},{"not_picked":["Evolve","Whirlwind"],"picked":"True Grit","floor":13},{"not_picked":["Fire Breathing","Power Through","True Grit"],"picked":"SKIP","floor":14},{"not_picked":["Brutality","Double Tap"],"picked":"Exhume","floor":16},{"not_picked":["Wild Strike","Twin Strike"],"picked":"Headbutt","floor":18},{"not_picked":["Corruption+1","Twin Strike","Blood for Blood"],"picked":"SKIP","floor":19},{"not_picked":["Body Slam","Double Tap","Thunderclap"],"picked":"SKIP","floor":22},{"not_picked":["Hemokinesis","Clash"],"picked":"Sentinel","floor":23},{"not_picked":["Carnage+1","Anger+1","Body Slam+1"],"picked":"SKIP","floor":28},{"not_picked":["Body Slam+1","Searing Blow+1"],"picked":"Feel No Pain","floor":30},{"not_picked":["True Grit","Brutality"],"picked":"Twin Strike+1","floor":31},{"not_picked":["Bludgeon+1","Berserk"],"picked":"Feed+1","floor":33},{"not_picked":["Havoc","Flex"],"picked":"Sword Boomerang+1","floor":35},{"not_picked":["Rampage+1","Cleave+1"],"picked":"Shrug It Off+1","floor":38},{"not_picked":["True Grit","Uppercut+1"],"picked":"Heavy Blade+1","floor":39}],"player_experience":1326492,"relics_obtained":[{"floor":7,"key":"Bronze Scales"},{"floor":9,"key":"Bag of Marbles"},{"floor":12,"key":"Lantern"},{"floor":23,"key":"Molten Egg 2"},{"floor":26,"key":"Ancient Tea Set"},{"floor":28,"key":"Gambling Chip"},{"floor":31,"key":"Paper Frog"}],"event_choices":[{"damage_healed":0,"gold_gain":0,"player_choice":"Entered Light","damage_taken":15,"max_hp_gain":0,"max_hp_loss":0,"event_name":"Shining Light","floor":3,"gold_loss":0,"cards_upgraded":["Strike_R","Defend_R"]},{"damage_healed":0,"gold_gain":175,"player_choice":"AGREE","damage_taken":0,"max_hp_gain":0,"max_hp_loss":0,"event_name":"Liars Game","floor":4,"gold_loss":0,"cards_obtained":["Doubt"]},{"damage_healed":0,"gold_gain":0,"player_choice":"Donut","damage_taken":0,"max_hp_gain":5,"max_hp_loss":0,"event_name":"Big Fish","floor":11,"gold_loss":0},{"damage_healed":0,"gold_gain":0,"player_choice":"Ignored","damage_taken":0,"max_hp_gain":0,"max_hp_loss":0,"event_name":"Ghosts","floor":20,"gold_loss":0},{"damage_healed":26,"gold_gain":0,"player_choice":"Heal","damage_taken":0,"max_hp_gain":0,"max_hp_loss":0,"event_name":"The Library","floor":24,"gold_loss":0},{"damage_healed":0,"gold_gain":0,"player_choice":"Forge","damage_taken":0,"max_hp_gain":0,"max_hp_loss":0,"event_name":"Accursed Blacksmith","floor":37,"gold_loss":0,"cards_upgraded":["Immolate"]}],"is_beta":false,"boss_relics":[{"not_picked":["Runic Cube","Cursed Key"],"picked":"Mark of Pain"},{"not_picked":["Busted Crown","Velvet Choker"],"picked":"Empty Cage"}],"items_purged_floors":[5],"is_endless":false,"potions_floor_spawned":[1,2,12,19,28,30,33,39],"killed_by":"Nemesis","ascension_level":14}