{"path_per_floor":["M","$","?","M","M","E","R","E","T","R","$","$","?","M","R","B",null,"M","M","M","$","?","R"],"character_chosen":"THE_SILENT","items_purchased":["Accuracy","Poisoned Stab","Footwork","Deadly Poison"],"gold_per_floor":[111,18,18,31,44,70,70,104,104,104,104,25,25,42,42,137,137,148,114,132,7,107,107,107],"floor_reached":24,"campfire_rested":3,"playtime":1195,"current_hp_per_floor":[70,70,56,56,56,26,47,29,29,29,29,29,22,15,36,32,61,51,32,3,3,3,24,0],"items_purged":["Strike_G"],"gold":107,"score":255,"play_id":"4bc9c714-61ae-44f5-999b-771243b9dbe7","local_time":"20180407013328","is_prod":false,"is_daily":false,"is_ascension_mode":true,"campfire_upgraded":1,"timestamp":1523079208,"path_taken":["M","?","?","M","?","E","R","E","T","R","?","$","?","?","R","BOSS","M","M","M","$","?","R","E"],"build_version":"2018-04-05v2","purchased_purges":1,"victory":false,"master_deck":["Defend_G","Defend_G","Defend_G+1","Defend_G","Defend_G","Strike_G+1","Strike_G","Strike_G","Survivor","Neutralize+1","Noxious Fumes+1","Accuracy","Poisoned Stab+1","Deadly Poison","Dodge and Roll","Poisoned Stab","Prepared","Footwork","Dash","Corpse Explosion","Prepared","Cloak And Dagger","Deadly Poison"],"max_hp_per_floor":[70,70,70,70,70,70,70,70,70,70,70,70,70,70,70,70,70,70,70,70,70,70,70,70],"relics":["Ring of the Snake","NeowsBlessing","Whetstone","Toolbox","Torii","Lizard Tail"],"card_choices":[{"not_picked":["Footwork","Dodge and Roll"],"picked":"Noxious Fumes","floor":1},{"not_picked":["Dagger Spray","Dagger Throw"],"picked":"Deadly Poison","floor":4},{"not_picked":["Flechettes","Sucker Punch"],"picked":"Dodge and Roll","floor":5},{"not_picked":["Sucker Punch","Predator"],"picked":"Poisoned Stab","floor":6},{"not_picked":["Slice","Deflect"],"picked":"Prepared","floor":8},{"not_picked":["Slice","PiercingWail"],"picked":"Dash","floor":14},{"not_picked":["Tactician","A Thousand Cuts"],"picked":"Corpse Explosion","floor":16},{"not_picked":["Deflect","Backstab"],"picked":"Prepared","floor":18},{"not_picked":["Slice","Dodge and Roll"],"picked":"Cloak And Dagger","floor":20}],"player_experience":416673,"potions_floor_usage":[8,16,16,18,20],"damage_taken":[{"damage":0,"enemies":"Cultist","floor":1,"turns":1},{"damage":0,"enemies":"Jaw Worm","floor":4,"turns":1},{"damage":0,"enemies":"Small Slimes","floor":5,"turns":1},{"damage":30,"enemies":"3 Sentries","floor":6,"turns":8},{"damage":18,"enemies":"Lagavulin","floor":8,"turns":6},{"damage":7,"enemies":"Red Slaver","floor":14,"turns":5},{"damage":4,"enemies":"The Guardian","floor":16,"turns":9},{"damage":10,"enemies":"Chosen","floor":18,"turns":5},{"damage":19,"enemies":"2 Thieves","floor":19,"turns":5},{"damage":29,"enemies":"Sentry and Sphere","floor":20,"turns":5},{"damage":78,"enemies":"Gremlin Leader","floor":24,"turns":8}],"event_choices":[{"event_name":"Shining Light","player_choice":"Entered Light","floor":3,"damage_taken":0},{"event_name":"Golden Wing","player_choice":"Card Removal","floor":13,"damage_taken":0},{"event_name":"Golden Shrine","player_choice":"Pray","floor":22,"damage_taken":0}],"boss_relics":[{"not_picked":["White Beast Statue","Pandora\u0027s Box"],"picked":"Lizard Tail"}],"potions_floor_spawned":[1,4,14,16,19],"seed_played":"7563039396102173476","killed_by":"Gremlin Leader","ascension_level":5,"is_trial":false}