{"path_per_floor":["M","M","?","?","M","R","E","R","T","M","T","E","M","E","R","B",null,"M","?","$","M","M","R","E","R","T","R","M","E","?","E","R","B",null,"M","?","?","M","?"],"character_chosen":"IRONCLAD","items_purchased":["True Grit","Thinking Ahead","Finesse"],"gold_per_floor":[109,123,123,73,86,86,114,114,114,133,207,232,248,277,277,349,349,362,362,3,23,37,37,70,70,117,117,128,163,88,114,114,188,188,202,202,202,218,266],"floor_reached":40,"campfire_rested":1,"playtime":4467,"current_hp_per_floor":[65,65,65,65,64,64,54,54,54,60,60,46,50,55,55,26,60,62,48,48,49,46,46,33,59,59,59,56,60,60,71,71,62,86,68,98,98,96,89],"items_purged":["Strike_R"],"gold":266,"score":725,"play_id":"c6d59eb8-b6c3-4b09-ab36-6a05b859fa4c","is_prod":false,"is_daily":false,"is_ascension_mode":true,"campfire_upgraded":6,"path_taken":["M","M","?","?","M","R","E","R","T","M","?","E","?","E","R","BOSS","M","?","$","?","M","R","E","R","T","R","?","E","?","E","R","BOSS","M","?","?","M","?","E"],"build_version":"2018-02-07-BETA2","purchased_purges":1,"victory":false,"master_deck":["Strike_R","Defend_R+1","Defend_R","Defend_R","Defend_R","Bash+1","Cleave","Iron Wave+1","Dropkick","Spot Weakness+1","Evolve+1","Feed","Offering+1","Whirlwind+1","True Grit+1","Thinking Ahead+1","Finesse+1","Bloodletting+1","Reaper","Havoc+1","Headbutt","Metallicize+1","Exhume+1","Havoc+1","Writhe"],"max_hp_per_floor":[65,65,65,65,65,65,65,65,65,65,65,65,68,71,71,71,71,74,79,79,82,85,85,88,88,88,88,88,91,91,94,94,94,94,97,103,103,106,106],"relics":["Burning Blood","Vajra","Darkstone Periapt","Meat on the Bone","The Courier","Toxic Egg 2","Runic Dome","Calipers","Blood Vial","Champion Belt","Happy Flower","Cursed Key","Shovel"],"card_choices":[{"not_picked":["Warcry","Body Slam"],"picked":"Cleave"},{"not_picked":["Clothesline","Seeing Red"],"picked":"Iron Wave"},{"not_picked":["Sword Boomerang","Armaments"],"picked":"Dropkick"},{"not_picked":["Armaments","Blood for Blood"],"picked":"Spot Weakness"},{"not_picked":["Thunderclap","Havoc"],"picked":"Evolve"},{"not_picked":["Twin Strike","Shockwave"],"picked":"Feed"},{"not_picked":["Dark Embrace","Double Tap"],"picked":"Offering"},{"not_picked":["Clash","Dual Wield"],"picked":"Whirlwind"},{"not_picked":["Inflame","Clothesline"],"picked":"Bloodletting"},{"not_picked":["Inflame","Perfected Strike"],"picked":"Reaper"},{"not_picked":["Evolve","Body Slam"],"picked":"Havoc"},{"not_picked":["Twin Strike","Clash"],"picked":"Headbutt"},{"not_picked":["Perfected Strike","Feed"],"picked":"Metallicize"},{"not_picked":["Barricade","Double Tap"],"picked":"Exhume"},{"not_picked":["Body Slam","Spot Weakness"],"picked":"Havoc"}],"player_experience":763101,"potions_floor_usage":[7,16,24,28,29,31,40,40,40],"damage_taken":[{"damage":2,"enemies":"Small Slimes","floor":1,"turns":4},{"damage":0,"enemies":"2 Louse","floor":2,"turns":3},{"damage":7,"enemies":"Jaw Worm","floor":5,"turns":3},{"damage":16,"enemies":"3 Sentries","floor":7,"turns":10},{"damage":0,"enemies":"Large Slime","floor":10,"turns":3},{"damage":32,"enemies":"Lagavulin","floor":12,"turns":6},{"damage":5,"enemies":"Exordium Thugs","floor":13,"turns":4},{"damage":4,"enemies":"3 Sentries","floor":14,"turns":6},{"damage":47,"enemies":"Hexaghost","floor":16,"turns":9},{"damage":7,"enemies":"Shell Parasite","floor":18,"turns":3},{"damage":20,"enemies":"2 Thieves","floor":21,"turns":3},{"damage":24,"enemies":"Slaver and Parasite","floor":22,"turns":5},{"damage":34,"enemies":"Slavers","floor":24,"turns":3},{"damage":16,"enemies":"Snecko","floor":28,"turns":4},{"damage":7,"enemies":"Gremlin Leader","floor":29,"turns":4},{"damage":27,"enemies":"Slavers","floor":31,"turns":4},{"damage":48,"enemies":"Collector","floor":33,"turns":7},{"damage":52,"enemies":"3 Shapes","floor":35,"turns":5},{"damage":16,"enemies":"Orb Walker","floor":38,"turns":4},{"damage":25,"enemies":"Mysterious Sphere","floor":39,"turns":3},{"damage":112,"enemies":"Nemesis","floor":40,"turns":12}],"event_choices":[{"event_name":"Living Wall","player_choice":"Grow","floor":3,"damage_taken":0},{"event_name":"The Cleric","player_choice":"Card Removal","floor":4,"damage_taken":0},{"event_name":"Forgotten Altar","player_choice":"Shed Blood","floor":19,"damage_taken":0},{"event_name":"Beggar","player_choice":"Gave Gold","floor":30,"damage_taken":0},{"event_name":"Winding Halls","player_choice":"Writhe","floor":36,"damage_taken":0},{"event_name":"Tomb of Lord Red Mask","player_choice":"Ignored","floor":37,"damage_taken":0},{"event_name":"Mysterious Sphere","player_choice":"Fight","floor":39,"damage_taken":0}],"boss_relics":[{"not_picked":["Snecko Eye","Black Star"],"picked":"Runic Dome"},{"not_picked":["Calling Bell","Pandora\u0027s Box"],"picked":"Cursed Key"}],"potions_floor_spawned":[2,5,7,14,18,22,24,33,35,38],"seed_played":"-4645281520562943258","killed_by":"Nemesis","ascension_level":14,"is_trial":false}