{"gold_per_floor":[114,114,133,133,58,58,91,91,91,150,168,185,185,199,199,199],"floor_reached":16,"playtime":1291,"items_purged":["Strike_B"],"score":165,"play_id":"ef8ea25b-ab52-4290-a3ef-22a027531460","local_time":"20190130105610","is_ascension_mode":true,"campfire_choices":[{"data":"Zap","floor":6,"key":"SMITH"},{"floor":8,"key":"REST"},{"floor":13,"key":"REST"},{"floor":15,"key":"REST"}],"neow_cost":"NONE","seed_source_timestamp":892882984953177,"circlet_count":0,"master_deck":["AscendersBane","Strike_B","Strike_B","Defend_B","Defend_B","Defend_B","Defend_B","Zap+1","Dualcast","Streamline","Hologram","Gash","Cold Snap","Chaos","Defragment","Cold Snap","BootSequence","Blizzard","Rainbow"],"relics":["Cracked Core","Symbiotic Virus","GremlinMask","Dream Catcher","Blue Candle","Tiny Chest"],"potions_floor_usage":[10,12,16,16],"damage_taken":[{"damage":4,"enemies":"Jaw Worm","floor":1,"turns":3},{"damage":4,"enemies":"Small Slimes","floor":3,"turns":3},{"damage":22,"enemies":"Lagavulin","floor":7,"turns":7},{"damage":28,"enemies":"Gremlin Nob","floor":10,"turns":4},{"damage":0,"enemies":"Cultist","floor":11,"turns":3},{"damage":3,"enemies":"Gremlin Gang","floor":12,"turns":5},{"damage":0,"enemies":"Large Slime","floor":14,"turns":4},{"damage":68,"enemies":"Hexaghost","floor":16,"turns":11}],"seed_played":"8347467678809182458","potions_obtained":[{"floor":7,"key":"PowerPotion"},{"floor":11,"key":"PowerPotion"},{"floor":12,"key":"SpeedPotion"},{"floor":14,"key":"Ancient Potion"}],"is_trial":false,"path_per_floor":["M","?","M","?","$","R","E","R","T","E","M","M","R","M","R","B"],"character_chosen":"DEFECT","items_purchased":[],"campfire_rested":3,"item_purchase_floors":[],"current_hp_per_floor":[64,57,53,53,53,53,31,53,53,25,25,22,44,44,66,0],"gold":199,"neow_bonus":"TRANSFORM_CARD","is_prod":false,"is_daily":false,"chose_seed":false,"campfire_upgraded":1,"win_rate":0,"timestamp":1548863770,"path_taken":["M","?","M","?","$","R","E","R","T","E","?","M","R","M","R","BOSS"],"build_version":"2019-01-23","purchased_purges":1,"victory":false,"max_hp_per_floor":[75,75,75,75,75,75,75,75,75,75,75,75,75,75,75,75],"card_choices":[{"not_picked":["Go for the Eyes","Streamline"],"picked":"Hologram","floor":1},{"not_picked":["Compile Driver","Storm"],"picked":"Gash","floor":3},{"not_picked":["Thunder Strike","Barrage"],"picked":"Cold Snap","floor":7},{"not_picked":["Hyperbeam","Barrage"],"picked":"Chaos","floor":10},{"not_picked":["Stack","Redo"],"picked":"Defragment","floor":11},{"not_picked":["Coolheaded","Compile Driver"],"picked":"Cold Snap","floor":12},{"not_picked":["Cold Snap","Scrape"],"picked":"BootSequence","floor":13},{"not_picked":["Steam Power","Rebound"],"picked":"Blizzard","floor":14},{"not_picked":["Sweeping Beam","White Noise"],"picked":"Rainbow","floor":15}],"player_experience":1063668,"relics_obtained":[{"floor":7,"key":"Dream Catcher"},{"floor":9,"key":"Blue Candle"},{"floor":10,"key":"Tiny Chest"}],"event_choices":[{"damage_healed":0,"gold_gain":0,"player_choice":"Success","damage_taken":7,"relics_obtained":["Symbiotic Virus"],"max_hp_gain":0,"max_hp_loss":0,"event_name":"Scrap Ooze","floor":2,"gold_loss":0},{"damage_healed":0,"gold_gain":0,"player_choice":"Trade","damage_taken":0,"relics_obtained":["GremlinMask"],"max_hp_gain":0,"max_hp_loss":0,"event_name":"FaceTrader","floor":4,"gold_loss":0}],"is_beta":false,"boss_relics":[],"items_purged_floors":[5],"is_endless":false,"potions_floor_spawned":[7,11,12,14],"killed_by":"Hexaghost","ascension_level":10}