{"path_per_floor":["M","M","$","?","M","R","E","M","T","E","M","E","?","T","R","B",null,"M","?","M","M","$","E","R","$","T","M","$","M","M","E","R","B",null,"M","$","?","M","$","R","E","?","T","M","?","?","R","$","R","B"],"character_chosen":"IRONCLAD","items_purchased":["Regal Pillow","Corruption","Shrug It Off","Shrug It Off","Feel No Pain","Pen Nib","Dark Embrace","Shrug It Off","Warcry","Entrench","Shrug It Off","Anchor","Ornamental Fan"],"gold_per_floor":[210,227,1,1,25,25,63,78,78,117,130,166,194,242,242,338,338,357,397,411,432,326,362,362,310,310,331,42,58,79,118,118,212,212,233,108,108,127,104,104,148,148,175,195,528,579,579,53,53,53],"floor_reached":51,"campfire_rested":2,"playtime":4489,"current_hp_per_floor":[49,49,49,49,53,53,44,50,50,29,29,22,19,19,53,29,56,62,63,65,65,65,57,57,57,57,65,65,69,71,80,80,72,78,80,80,80,78,78,78,84,84,84,57,57,59,59,59,86,86],"items_purged":["Parasite","Strike_R"],"gold":53,"score":1203,"play_id":"27323f3a-3ca8-4196-98b6-1fb16a046296","is_prod":false,"is_daily":false,"is_ascension_mode":true,"campfire_upgraded":1,"path_taken":["M","M","$","?","M","R","E","M","T","E","M","E","?","?","R","BOSS","M","?","M","M","$","E","R","$","T","?","$","M","M","E","R","BOSS","M","$","?","?","$","R","E","?","T","M","?","?","R","?","R","BOSS"],"build_version":"2018-02-23-BETA1","purchased_purges":2,"victory":true,"master_deck":["Defend_R","Defend_R","Defend_R","Defend_R+1","Bash+1","Spot Weakness","Pommel Strike","Seeing Red+1","Headbutt","Armaments","Havoc","Feel No Pain","Burning Pact","Bludgeon","Heavy Blade","Double Tap","Corruption","Shrug It Off","Bludgeon","Shrug It Off","Feel No Pain","Bludgeon","Pommel Strike+1","Dark Embrace","Warcry","Shrug It Off+1","Entrench","Shrug It Off"],"max_hp_per_floor":[75,75,72,65,65,65,65,65,65,65,65,65,65,65,65,65,65,65,65,65,65,65,65,65,65,65,67,67,69,71,80,80,80,80,80,80,80,82,82,82,84,84,84,86,86,86,86,86,86,86],"relics":["Burning Blood","Regal Pillow","Mercury Hourglass","Peace Pipe","War Paint","Ancient Tea Set","Odd Mushroom","Art of War","Snecko Eye","Red Mask","Toolbox","Singing Bowl","Pen Nib","Strawberry","Sozu","Self Forming Clay","Lantern","Calipers","Anchor","Ornamental Fan"],"card_choices":[{"not_picked":["Blood for Blood","Clash"],"picked":"Spot Weakness"},{"not_picked":["Anger","Rampage"],"picked":"Pommel Strike"},{"not_picked":["Evolve","Pummel"],"picked":"Seeing Red"},{"not_picked":["Wild Strike","Seeing Red"],"picked":"Headbutt"},{"not_picked":["Thunderclap","Clothesline"],"picked":"Armaments"},{"not_picked":["Body Slam","Warcry"],"picked":"Havoc"},{"not_picked":["Exhume","Evolve"],"picked":"Feel No Pain"},{"not_picked":["Flex","Sentinel"],"picked":"Burning Pact"},{"not_picked":["Immolate","Berserk"],"picked":"Bludgeon"},{"not_picked":["Hemokinesis","Iron Wave"],"picked":"Heavy Blade"},{"not_picked":["Anger","Heavy Blade"],"picked":"Double Tap"},{"not_picked":["Infernal Blade","Flex"],"picked":"Bludgeon"},{"not_picked":["Double Tap","Brutality"],"picked":"Bludgeon"},{"not_picked":["Headbutt","Perfected Strike"],"picked":"Pommel Strike"},{"not_picked":["Clash","Flex"],"picked":"Shrug It Off"}],"player_experience":241921,"potions_floor_usage":[7,12,16,19,50],"damage_taken":[{"damage":25,"enemies":"Small Slimes","floor":1,"turns":5},{"damage":6,"enemies":"2 Louse","floor":2,"turns":2},{"damage":2,"enemies":"Jaw Worm","floor":5,"turns":3},{"damage":15,"enemies":"3 Sentries","floor":7,"turns":7},{"damage":0,"enemies":"3 Louse","floor":8,"turns":2},{"damage":27,"enemies":"Gremlin Nob","floor":10,"turns":4},{"damage":6,"enemies":"Blue Slaver","floor":11,"turns":3},{"damage":13,"enemies":"Lagavulin","floor":12,"turns":7},{"damage":9,"enemies":"The Mushroom Lair","floor":13,"turns":3},{"damage":30,"enemies":"Slime Boss","floor":16,"turns":8},{"damage":0,"enemies":"Chosen","floor":18,"turns":3},{"damage":5,"enemies":"Masked Bandits","floor":19,"turns":3},{"damage":0,"enemies":"Shell Parasite","floor":20,"turns":2},{"damage":3,"enemies":"Centurion and Healer","floor":21,"turns":3},{"damage":14,"enemies":"Slavers","floor":23,"turns":4},{"damage":0,"enemies":"Snake Plant","floor":27,"turns":2},{"damage":0,"enemies":"3 Cultists","floor":29,"turns":5},{"damage":0,"enemies":"Snecko","floor":30,"turns":2},{"damage":0,"enemies":"Book of Stabbing","floor":31,"turns":3},{"damage":14,"enemies":"Automaton","floor":33,"turns":6},{"damage":0,"enemies":"3 Darklings","floor":35,"turns":4},{"damage":10,"enemies":"3 Shapes","floor":38,"turns":3},{"damage":0,"enemies":"Giant Head","floor":41,"turns":5},{"damage":35,"enemies":"3 Darklings","floor":44,"turns":4},{"damage":4,"enemies":"Mysterious Sphere","floor":46,"turns":4},{"damage":0,"enemies":"Donu and Deca","floor":50,"turns":5}],"event_choices":[{"event_name":"Golden Idol","player_choice":"Lose Max HP","floor":4,"damage_taken":0},{"event_name":"Mushrooms","player_choice":"Fought Mushrooms","floor":13,"damage_taken":0},{"event_name":"Masked Bandits","player_choice":"Fought over 357 gold","floor":19,"damage_taken":0},{"event_name":"The Lab","player_choice":"Got Potions","floor":42,"damage_taken":0},{"event_name":"The Moai Head","player_choice":"Gave Idol","floor":45,"damage_taken":0},{"event_name":"Mysterious Sphere","player_choice":"Fight","floor":46,"damage_taken":0}],"boss_relics":[{"not_picked":["Pandora\u0027s Box","Philosopher\u0027s Stone"],"picked":"Snecko Eye"},{"not_picked":["White Beast Statue","Lizard Tail"],"picked":"Sozu"}],"potions_floor_spawned":[1,5,8,11,13,18,27,29,30,31,38,46],"seed_played":"3004638018272608058","ascension_level":15,"is_trial":false}