{"gold_per_floor":[111,126,126,201,217,217,261,261,314,387,405,206,206,247,247,375,375,395,241,241,181,181,181,222,222,222,222,222,147,173,188,188,312,312,328,260,281,295,628,628],"floor_reached":40,"playtime":1896,"items_purged":[],"score":478,"play_id":"c6377a41-0547-45f1-8bd4-91d986ea978a","local_time":"20190302183529","is_ascension_mode":true,"campfire_choices":[{"floor":6,"key":"REST"},{"data":"Noxious Fumes","floor":15,"key":"SMITH"},{"data":"Prepared","floor":23,"key":"SMITH"},{"data":"Phantasmal Killer","floor":25,"key":"SMITH"},{"floor":27,"key":"RECALL"},{"floor":32,"key":"REST"}],"neow_cost":"NONE","seed_source_timestamp":78217962892891,"circlet_count":0,"master_deck":["Survivor+1","Burst+1","Unload","Prepared+1","PiercingWail","Backstab","Footwork","Phantasmal Killer+1","Quick Slash","Predator","Noxious Fumes+1","Underhanded Strike","Adrenaline","Flying Knee","Bullet Time","Escape Plan","Choke","Backflip","Corpse Explosion","Flechettes+1","Well Laid Plans","Acrobatics"],"relics":["Pandora\u0027s Box","Orichalcum","Bronze Scales","Bottled Tornado","Tiny Chest","Blood Vial","Mango","HoveringKite","Juzu Bracelet","Oddly Smooth Stone","Pen Nib","Singing Bowl","Vajra","Black Star"],"potions_floor_usage":[11,33,35,38,40],"damage_taken":[{"damage":0,"enemies":"Jaw Worm","floor":1,"turns":2},{"damage":5,"enemies":"2 Louse","floor":2,"turns":2},{"damage":0,"enemies":"Small Slimes","floor":5,"turns":2},{"damage":4,"enemies":"Gremlin Nob","floor":7,"turns":3},{"damage":0,"enemies":"Looter","floor":11,"turns":3},{"damage":17,"enemies":"3 Sentries","floor":14,"turns":6},{"damage":1,"enemies":"Slime Boss","floor":16,"turns":6},{"damage":14,"enemies":"Spheric Guardian","floor":18,"turns":4},{"damage":20,"enemies":"Gremlin Leader","floor":24,"turns":5},{"damage":20,"enemies":"2 Thieves","floor":31,"turns":3},{"damage":44,"enemies":"Collector","floor":33,"turns":10},{"damage":18,"enemies":"Orb Walker","floor":35,"turns":4},{"damage":12,"enemies":"3 Darklings","floor":37,"turns":3},{"damage":20,"enemies":"Spire Growth","floor":38,"turns":4},{"damage":46,"enemies":"Giant Head","floor":40,"turns":6}],"seed_played":"7247104720486724775","potions_obtained":[{"floor":1,"key":"GamblersBrew"},{"floor":7,"key":"GhostInAJar"},{"floor":16,"key":"GamblersBrew"},{"floor":31,"key":"SkillPotion"},{"floor":33,"key":"Ancient Potion"},{"floor":37,"key":"Weak Potion"}],"is_trial":false,"path_per_floor":["M","M","?","?","M","R","E","?","T","T","M","$","?","E","R","B",null,"M","$","T","?","?","R","E","R","T","R","$","?","T","M","R","B",null,"M","$","M","M","?","E"],"character_chosen":"THE_SILENT","items_purchased":["Tiny Chest","Adrenaline","Juzu Bracelet","Well Laid Plans"],"campfire_rested":2,"item_purchase_floors":[12,12,19,36],"current_hp_per_floor":[70,65,48,37,37,58,54,40,40,40,40,40,40,39,39,40,84,70,70,70,70,70,70,52,52,52,52,52,52,52,34,59,17,84,66,66,56,40,40,0],"gold":628,"neow_bonus":"BOSS_RELIC","is_prod":false,"is_daily":false,"chose_seed":false,"campfire_upgraded":3,"win_rate":0,"timestamp":1551522929,"path_taken":["M","M","?","?","M","R","E","?","T","?","M","$","?","E","R","BOSS","M","$","?","?","?","R","E","R","T","R","$","?","?","M","R","BOSS","M","$","M","M","?","E"],"build_version":"2019-01-23","purchased_purges":0,"victory":false,"max_hp_per_floor":[70,70,70,70,70,70,70,70,70,70,70,70,70,84,84,84,84,84,84,84,84,84,84,84,84,84,84,84,84,84,84,84,84,84,84,84,84,86,86,86],"card_choices":[{"not_picked":["Blade Dance","Poisoned Stab","Slice"],"picked":"SKIP","floor":1},{"not_picked":["Outmaneuver","Accuracy"],"picked":"Predator","floor":2},{"not_picked":["Backstab","Quick Slash"],"picked":"Noxious Fumes","floor":5},{"not_picked":["Predator","Poisoned Stab","Dodge and Roll"],"picked":"SKIP","floor":7},{"not_picked":["Prepared","Reflex"],"picked":"Underhanded Strike","floor":11},{"not_picked":["Slice","Underhanded Strike"],"picked":"Flying Knee","floor":14},{"not_picked":["Wraith Form v2","Grand Finale"],"picked":"Doppelganger","floor":16},{"not_picked":["Slice","Dagger Throw","Outmaneuver"],"picked":"SKIP","floor":18},{"not_picked":["Backstab","Accuracy"],"picked":"Choke","floor":24},{"not_picked":["Prepared","Sucker Punch"],"picked":"Backflip","floor":31},{"not_picked":["Unload","Doppelganger"],"picked":"Corpse Explosion","floor":33},{"not_picked":["Prepared","Underhanded Strike"],"picked":"Flechettes+1","floor":35},{"not_picked":["Dagger Throw+1","Catalyst+1"],"picked":"Acrobatics","floor":37},{"not_picked":["Prepared+1","Slice+1","Eviscerate"],"picked":"Singing Bowl","floor":38}],"player_experience":306746,"relics_obtained":[{"floor":7,"key":"Orichalcum"},{"floor":9,"key":"Bronze Scales"},{"floor":10,"key":"Bottled Tornado"},{"floor":14,"key":"Mango"},{"floor":20,"key":"Oddly Smooth Stone"},{"floor":24,"key":"Pen Nib"},{"floor":26,"key":"Singing Bowl"},{"floor":30,"key":"Vajra"}],"event_choices":[{"damage_healed":0,"gold_gain":0,"player_choice":"Take Damage","damage_taken":17,"relics_obtained":["Golden Idol"],"max_hp_gain":0,"max_hp_loss":0,"event_name":"Golden Idol","floor":3,"gold_loss":0},{"damage_healed":0,"gold_gain":75,"player_choice":"Gather Gold","damage_taken":11,"max_hp_gain":0,"max_hp_loss":0,"event_name":"World of Goop","floor":4,"gold_loss":0},{"damage_healed":0,"gold_gain":0,"player_choice":"Entered Light","damage_taken":14,"max_hp_gain":0,"max_hp_loss":0,"event_name":"Shining Light","floor":8,"gold_loss":0,"cards_upgraded":["Survivor","Burst"]},{"damage_healed":0,"gold_gain":0,"player_choice":"Gave Potion","damage_taken":0,"relics_obtained":["Blood Vial"],"max_hp_gain":0,"max_hp_loss":0,"event_name":"WeMeetAgain","floor":13,"gold_loss":0},{"damage_healed":0,"gold_gain":0,"cards_transformed":["Quick Slash","Doppelganger"],"player_choice":"Transformed Cards","damage_taken":0,"max_hp_gain":0,"max_hp_loss":0,"event_name":"Designer","floor":21,"gold_loss":60,"cards_obtained":["Bullet Time","Escape Plan"]},{"cards_removed":["Prepared"],"damage_healed":0,"gold_gain":0,"player_choice":"Elegance","damage_taken":0,"max_hp_gain":0,"max_hp_loss":0,"event_name":"Back to Basics","floor":22,"gold_loss":0},{"cards_removed":["Neutralize"],"damage_healed":0,"gold_gain":0,"player_choice":"Gave Gold","damage_taken":0,"max_hp_gain":0,"max_hp_loss":0,"event_name":"Beggar","floor":29,"gold_loss":75},{"damage_healed":0,"gold_gain":333,"player_choice":"Gave Idol","damage_taken":0,"max_hp_gain":0,"max_hp_loss":0,"event_name":"The Moai Head","floor":39,"relics_lost":["Golden Idol"],"gold_loss":0}],"is_beta":false,"boss_relics":[{"not_picked":["WristBlade","White Beast Statue"],"picked":"HoveringKite"},{"not_picked":["Lizard Tail","Astrolabe"],"picked":"Black Star"}],"items_purged_floors":[],"is_endless":false,"potions_floor_spawned":[1,7,16,31,33,37],"killed_by":"Giant Head","ascension_level":1}