{"path_per_floor":["M","?","M","$","?","R","E","R","T","M","?","E","M","M","R","B",null,"M","?","M","M","?","R","M","$","T","M","M","$","?","M","R","B",null,"M","$","?","T","M","R","E","$","T","M","R","M","M","M","R","B"],"character_chosen":"IRONCLAD","items_purchased":["Rampage","Vajra","Bag of Marbles","Pommel Strike","Strength Potion"],"gold_per_floor":[211,211,234,54,54,54,95,95,95,111,111,144,162,182,182,302,302,323,323,339,351,351,351,370,295,295,311,322,72,72,92,92,195,195,207,29,0,24,44,44,74,25,110,122,122,142,159,170,170,170],"floor_reached":51,"campfire_rested":3,"playtime":2261,"current_hp_per_floor":[80,74,74,74,74,74,52,74,74,71,71,58,53,59,59,38,80,55,55,28,11,17,17,57,57,57,62,37,37,68,44,72,11,94,56,56,56,56,61,61,15,15,15,25,54,94,105,107,107,45],"items_purged":["Decay","Defend_R","Defend_R"],"gold":170,"play_id":"8e069d78-0a3c-4583-b907-a44f89e42073","is_prod":false,"is_daily":false,"is_ascension_mode":false,"campfire_upgraded":5,"path_taken":["M","?","M","$","?","R","E","R","T","M","?","E","M","?","R","BOSS","M","?","M","M","?","R","M","$","T","?","M","$","?","?","R","BOSS","M","$","?","?","M","R","E","$","T","?","R","M","M","M","R","BOSS"],"build_version":"2018-02-01-PROD3","purchased_purges":3,"victory":true,"master_deck":["Strike_R","Strike_R","Strike_R","Strike_R","Strike_R","Defend_R+1","Defend_R+1","Bash+1","Rampage+1","Feed+1","Battle Trance","Limit Break+1","Flex+1","Cleave","Offering+1","Thunderclap+1","Pommel Strike","Infernal Blade+1","Uppercut+1"],"max_hp_per_floor":[80,74,74,74,74,74,74,74,74,74,74,74,77,80,80,80,80,80,80,84,84,90,90,90,90,90,94,94,94,94,94,94,94,94,94,94,94,94,94,94,94,94,94,98,98,102,106,110,110,114],"relics":["Burning Blood","Vajra","War Paint","Magic Flower","Darkstone Periapt","Lizard Tail","Nloth\u0027s Gift","Thread and Needle","Bag of Marbles","White Beast Statue","Red Mask","Oddly Smooth Stone","Bag of Preparation","Tiny Chest"],"card_choices":[{"not_picked":["Clash","Sword Boomerang"],"picked":"Feed"},{"not_picked":["Sever Soul","Infernal Blade"],"picked":"Battle Trance"},{"not_picked":["Double Tap","Dark Embrace"],"picked":"Limit Break"},{"not_picked":["Heavy Blade","Inflame"],"picked":"Flex"},{"not_picked":["Power Through","Body Slam"],"picked":"Cleave"},{"not_picked":["Bludgeon","Feed"],"picked":"Offering"},{"not_picked":["Clothesline","Double Tap"],"picked":"Thunderclap"},{"not_picked":["Warcry","Twin Strike"],"picked":"Infernal Blade"},{"not_picked":["Headbutt","Body Slam"],"picked":"Uppercut"}],"player_experience":235335,"potions_floor_usage":[50,50,50],"damage_taken":[{"damage":6.0,"enemies":"Cultist","floor":1.0,"turns":3.0},{"damage":5.0,"enemies":"2 Louse","floor":3.0,"turns":3.0},{"damage":28.0,"enemies":"3 Sentries","floor":7.0,"turns":8.0},{"damage":12.0,"enemies":"Blue Slaver","floor":10.0,"turns":3.0},{"damage":22.0,"enemies":"Gremlin Nob","floor":12.0,"turns":4.0},{"damage":19.0,"enemies":"2 Fungi Beasts","floor":13.0,"turns":3.0},{"damage":8.0,"enemies":"Exordium Thugs","floor":14.0,"turns":4.0},{"damage":30.0,"enemies":"Hexaghost","floor":16.0,"turns":8.0},{"damage":34.0,"enemies":"Shell Parasite","floor":18.0,"turns":5.0},{"damage":42.0,"enemies":"3 Byrds","floor":20.0,"turns":6.0},{"damage":26.0,"enemies":"Snake Plant","floor":21.0,"turns":5.0},{"damage":42.0,"enemies":"Snecko","floor":24.0,"turns":6.0},{"damage":10.0,"enemies":"Centurion and Healer","floor":27.0,"turns":4.0},{"damage":34.0,"enemies":"Sentry and Sphere","floor":28.0,"turns":6.0},{"damage":33.0,"enemies":"Snecko","floor":31.0,"turns":5.0},{"damage":70.0,"enemies":"Automaton","floor":33.0,"turns":10.0},{"damage":47.0,"enemies":"3 Darklings","floor":35.0,"turns":6.0},{"damage":4.0,"enemies":"Orb Walker","floor":39.0,"turns":2.0},{"damage":55.0,"enemies":"Nemesis","floor":41.0,"turns":6.0},{"damage":5.0,"enemies":"Maw","floor":44.0,"turns":4.0},{"damage":7.0,"enemies":"Sphere and 2 Shapes","floor":46.0,"turns":3.0},{"damage":4.0,"enemies":"3 Darklings","floor":47.0,"turns":2.0},{"damage":13,"enemies":"4 Shapes","floor":48,"turns":2},{"damage":77,"enemies":"Donu and Deca","floor":50,"turns":7}],"event_choices":[{"event_name":"Golden Idol","player_choice":"Lose Max HP","floor":2.0,"damage_taken":0.0},{"event_name":"Living Wall","player_choice":"Grow","floor":5.0,"damage_taken":0.0},{"event_name":"Liars Game","player_choice":"disagreed","floor":11.0,"damage_taken":0.0},{"event_name":"N\u0027loth","player_choice":"Traded a Golden Idol","floor":19.0,"damage_taken":0.0},{"event_name":"Forgotten Altar","player_choice":"Smashed Altar","floor":22.0,"damage_taken":0.0},{"event_name":"The Library","player_choice":"Heal","floor":30.0,"damage_taken":0.0},{"event_name":"Tomb of Lord Red Mask","player_choice":"Paid","floor":37.0,"damage_taken":0.0}],"boss_relics":[],"potions_floor_spawned":[1,3,7,16,20,24,28,35,39,41,44,46,47,48],"seed_played":"7139008189083006613","ascension_level":0,"is_trial":false}