{"gold_per_floor":[113,12,22,40,58,86,86,112,112,138,168,168,185,204,204,275,275,289,302,319,339,339,339,374,374,374,374,374],"floor_reached":28,"playtime":2827,"items_purged":[],"score":442,"play_id":"59c9f36c-a692-4da4-958f-371af5ee29c7","local_time":"20190224140323","is_ascension_mode":true,"campfire_choices":[{"floor":7,"key":"REST"},{"floor":12,"key":"REST"},{"floor":15,"key":"REST"},{"floor":23,"key":"REST"},{"floor":25,"key":"REST"}],"neow_cost":"PERCENT_DAMAGE","seed_source_timestamp":129748226878900,"circlet_count":0,"master_deck":["AscendersBane","Strike_R","Strike_R","Strike_R+1","Strike_R","Strike_R","Defend_R","Defend_R","Defend_R","Defend_R","Bash","Entrench","Metallicize","Shrug It Off","Headbutt","Anger","Iron Wave+1","Intimidate","Rage","Whirlwind","True Grit","Juggernaut","Inflame","Rampage+1","Rage","Feel No Pain+1","Parasite"],"relics":["Burning Blood","Peace Pipe","PreservedInsect","Pen Nib","Lantern","Bottled Lightning","Odd Mushroom","Cursed Key","Whetstone","Gremlin Horn"],"potions_floor_usage":[8,11,11,19,20],"damage_taken":[{"damage":1,"enemies":"Cultist","floor":1,"turns":4},{"damage":1,"enemies":"2 Louse","floor":3,"turns":4},{"damage":9,"enemies":"Small Slimes","floor":4,"turns":4},{"damage":9,"enemies":"Looter","floor":5,"turns":5},{"damage":26,"enemies":"Gremlin Nob","floor":6,"turns":5},{"damage":6,"enemies":"3 Sentries","floor":8,"turns":8},{"damage":14,"enemies":"Lagavulin","floor":10,"turns":6},{"damage":45,"enemies":"The Mushroom Lair","floor":11,"turns":7},{"damage":3,"enemies":"Blue Slaver","floor":13,"turns":4},{"damage":0,"enemies":"Gremlin Gang","floor":14,"turns":6},{"damage":35,"enemies":"The Guardian","floor":16,"turns":18},{"damage":3,"enemies":"Chosen","floor":18,"turns":5},{"damage":0,"enemies":"Spheric Guardian","floor":19,"turns":3},{"damage":16,"enemies":"Centurion and Healer","floor":20,"turns":7},{"damage":48,"enemies":"3 Cultists","floor":21,"turns":7},{"damage":29,"enemies":"Gremlin Leader","floor":24,"turns":7},{"damage":20,"enemies":"Colosseum Slavers","floor":27,"turns":5},{"damage":37,"enemies":"Slavers","floor":28,"turns":2}],"seed_played":"2922123267277261125","potions_obtained":[{"floor":1,"key":"LiquidBronze"},{"floor":6,"key":"EssenceOfSteel"},{"floor":10,"key":"EssenceOfSteel"},{"floor":16,"key":"Explosive Potion"},{"floor":19,"key":"GamblersBrew"}],"is_trial":false,"path_per_floor":["M","$","M","M","M","E","R","E","T","E","?","R","M","M","R","B",null,"M","M","M","M","?","R","E","R","T","?","E"],"character_chosen":"IRONCLAD","items_purchased":["Metallicize","Shrug It Off"],"campfire_rested":5,"item_purchase_floors":[2,2],"current_hp_per_floor":[55,55,60,57,54,34,56,56,56,48,9,31,34,40,62,33,65,68,74,64,22,22,44,21,43,43,29,0],"gold":374,"neow_bonus":"ONE_RARE_RELIC","is_prod":false,"is_daily":false,"chose_seed":false,"campfire_upgraded":0,"win_rate":0,"timestamp":1551035003,"path_taken":["M","$","M","M","?","E","R","E","T","E","?","R","M","M","R","BOSS","M","M","M","M","?","R","E","R","T","?","E"],"build_version":"2019-01-23","purchased_purges":0,"victory":false,"max_hp_per_floor":[75,75,75,75,75,75,75,75,75,75,75,75,75,75,75,75,75,75,75,75,75,75,75,75,75,75,75,75],"card_choices":[{"not_picked":["Wild Strike","Flex"],"picked":"Entrench","floor":1},{"not_picked":["Wild Strike","Warcry"],"picked":"Headbutt","floor":3},{"not_picked":["Rupture","Pommel Strike","Twin Strike"],"picked":"SKIP","floor":4},{"not_picked":["Thunderclap","Cleave"],"picked":"Anger","floor":5},{"not_picked":["Power Through","Bloodletting"],"picked":"Iron Wave","floor":6},{"not_picked":["Thunderclap","Anger"],"picked":"Intimidate","floor":8},{"not_picked":["Clash","Reckless Charge"],"picked":"Rage","floor":10},{"not_picked":["Pummel","Clash"],"picked":"Whirlwind","floor":11},{"not_picked":["Feel No Pain","Blood for Blood"],"picked":"True Grit","floor":13},{"not_picked":["Dark Embrace","Wild Strike","Warcry"],"picked":"SKIP","floor":14},{"not_picked":["Dark Embrace","Brutality"],"picked":"Juggernaut","floor":16},{"not_picked":["Second Wind","Blood for Blood","Anger"],"picked":"SKIP","floor":18},{"not_picked":["Carnage","Anger+1"],"picked":"Inflame","floor":19},{"not_picked":["Havoc","Blood for Blood"],"picked":"Rampage+1","floor":20},{"not_picked":["Cleave","Fiend Fire"],"picked":"Rage","floor":21},{"not_picked":["Pommel Strike","Disarm+1"],"picked":"Feel No Pain+1","floor":24}],"player_experience":1323665,"relics_obtained":[{"floor":6,"key":"PreservedInsect"},{"floor":8,"key":"Pen Nib"},{"floor":9,"key":"Lantern"},{"floor":10,"key":"Bottled Lightning"},{"floor":11,"key":"Odd Mushroom"},{"floor":24,"key":"Whetstone"},{"floor":26,"key":"Gremlin Horn"}],"event_choices":[{"damage_healed":0,"gold_gain":0,"player_choice":"Fought Mushrooms","damage_taken":0,"max_hp_gain":0,"max_hp_loss":0,"event_name":"Mushrooms","floor":11,"gold_loss":0},{"damage_healed":0,"gold_gain":0,"player_choice":"Ignored","damage_taken":0,"max_hp_gain":0,"max_hp_loss":0,"event_name":"Vampires","floor":22,"gold_loss":0},{"damage_healed":0,"gold_gain":0,"player_choice":"Fight","damage_taken":0,"max_hp_gain":0,"max_hp_loss":0,"event_name":"Colosseum","floor":27,"gold_loss":0},{"damage_healed":0,"gold_gain":0,"player_choice":"Fled From Nobs","damage_taken":0,"max_hp_gain":0,"max_hp_loss":0,"event_name":"Colosseum","floor":27,"gold_loss":0}],"is_beta":false,"boss_relics":[{"not_picked":["Tiny House","Busted Crown"],"picked":"Cursed Key"}],"items_purged_floors":[],"is_endless":false,"potions_floor_spawned":[1,6,10,16,19,27],"killed_by":"Slavers","ascension_level":14}