{"gold_per_floor":[113,113,113,38,3,3,3,28,28,28,28,41,116,116,116,191,191,172,272,172,172,186,186,186,200,200,200,200,210,210,210],"floor_reached":31,"playtime":975,"items_purged":["Strike_R","Defend_R"],"score":409,"play_id":"8c8b69fd-10f5-4ea1-8c97-8949deb73907","local_time":"20190224222415","is_ascension_mode":true,"campfire_choices":[{"data":"Heavy Blade","floor":6.0,"key":"SMITH"},{"data":"Demon Form","floor":10.0,"key":"SMITH"},{"floor":15.0,"key":"REST"},{"data":"Flex","floor":23.0,"key":"SMITH"},{"data":"J.A.X.","floor":28.0,"key":"SMITH"},{"data":"Reaper","floor":30.0,"key":"SMITH"}],"neow_cost":"PERCENT_DAMAGE","seed_source_timestamp":0,"circlet_count":0,"master_deck":["AscendersBane","Strike_R+1","Strike_R","Strike_R","Defend_R","Defend_R","Defend_R","Bash+1","Demon Form+1","Heavy Blade+1","Reaper+1","Flex+1","J.A.X.+1","Metallicize+1"],"special_seed":0,"relics":["Burning Blood","Pen Nib","Magic Flower","Coffee Dripper","StoneCalendar","Ornamental Fan","Singing Bowl"],"potions_floor_usage":[31],"damage_taken":[{"damage":2.0,"enemies":"2 Louse","floor":1.0,"turns":4.0},{"damage":45.0,"enemies":"3 Sentries","floor":8.0,"turns":7.0},{"damage":0.0,"enemies":"Jaw Worm","floor":12.0,"turns":4.0},{"damage":29.0,"enemies":"Slime Boss","floor":16.0,"turns":8.0},{"damage":34.0,"enemies":"2 Thieves","floor":18.0,"turns":4.0},{"damage":39.0,"enemies":"Colosseum Slavers","floor":19.0,"turns":5.0},{"damage":64.0,"enemies":"Colosseum Nobs","floor":19.0,"turns":7.0},{"damage":1.0,"enemies":"Spheric Guardian","floor":22.0,"turns":3.0},{"damage":21.0,"enemies":"Snecko","floor":25.0,"turns":4.0},{"damage":34.0,"enemies":"Sentry and Sphere","floor":29.0,"turns":4.0},{"damage":23,"enemies":"Book of Stabbing","floor":31,"turns":2}],"seed_played":"4706612336307780510","potions_obtained":[{"floor":12.0,"key":"EssenceOfSteel"},{"floor":19.0,"key":"Swift Potion"}],"is_trial":false,"path_per_floor":["M","?","?","$","?","R","$","E","T","R","$","M","?","?","R","B",null,"M","?","$","?","M","R","?","M","T","?","R","M","R","E"],"character_chosen":"IRONCLAD","items_purchased":[],"campfire_rested":1,"item_purchase_floors":[],"current_hp_per_floor":[54,31,31,31,49,49,49,10,10,10,10,19,8,8,30,10,59,57,20,20,20,28,28,28,45,45,45,45,20,20,0],"gold":210,"neow_bonus":"THREE_RARE_CARDS","is_prod":false,"is_daily":false,"chose_seed":false,"campfire_upgraded":5,"win_rate":0,"timestamp":1551014655,"path_taken":["M","?","?","$","?","R","?","E","T","R","$","?","?","?","R","BOSS","M","?","$","?","M","R","?","M","T","?","R","M","R","E"],"build_version":"2019-01-23","purchased_purges":2,"victory":false,"max_hp_per_floor":[75,75,75,75,75,75,75,75,75,75,75,75,75,75,75,75,75,75,75,75,75,75,75,75,75,75,75,75,75,75,75],"card_choices":[{"not_picked":["Limit Break","Barricade"],"picked":"Demon Form","floor":0.0},{"not_picked":["True Grit","Sever Soul"],"picked":"Heavy Blade","floor":1.0},{"not_picked":["Pommel Strike","Clash","Perfected Strike"],"picked":"SKIP","floor":8.0},{"not_picked":["Pummel","Sword Boomerang","Anger"],"picked":"SKIP","floor":12.0},{"not_picked":["Exhume","Impervious"],"picked":"Reaper","floor":16.0},{"not_picked":["Havoc","Dual Wield","Cleave"],"picked":"SKIP","floor":18.0},{"not_picked":["Twin Strike","Cleave"],"picked":"Flex","floor":22.0},{"not_picked":["Sword Boomerang","Reckless Charge","Wild Strike"],"picked":"SKIP","floor":25.0},{"not_picked":["Uppercut","Hemokinesis"],"picked":"Metallicize+1","floor":29.0}],"player_experience":931584,"relics_obtained":[{"floor":8.0,"key":"Pen Nib"},{"floor":9.0,"key":"Magic Flower"},{"floor":19.0,"key":"StoneCalendar"},{"floor":19.0,"key":"Ornamental Fan"},{"floor":26.0,"key":"Singing Bowl"}],"event_choices":[{"damage_healed":0.0,"max_hp_gain":0.0,"max_hp_loss":0.0,"gold_gain":0.0,"event_name":"Shining Light","player_choice":"Entered Light","floor":2.0,"gold_loss":0.0,"damage_taken":23.0,"cards_upgraded":["Strike_R","Bash"]},{"cards_removed":["Strike_R"],"damage_healed":0.0,"max_hp_gain":0.0,"max_hp_loss":0.0,"gold_gain":0.0,"event_name":"Living Wall","player_choice":"Forget","floor":3.0,"gold_loss":0.0,"damage_taken":0.0},{"damage_healed":18.0,"max_hp_gain":0.0,"max_hp_loss":0.0,"gold_gain":0.0,"event_name":"The Cleric","player_choice":"Healed","floor":5.0,"gold_loss":35.0,"damage_taken":0.0},{"damage_healed":0.0,"max_hp_gain":0.0,"max_hp_loss":0.0,"gold_gain":75.0,"event_name":"World of Goop","player_choice":"Gather Gold","floor":13.0,"gold_loss":0.0,"damage_taken":11.0},{"damage_healed":0.0,"max_hp_gain":0.0,"max_hp_loss":0.0,"gold_gain":0.0,"event_name":"Liars Game","player_choice":"Ignored","floor":14.0,"gold_loss":0.0,"damage_taken":0.0},{"damage_healed":0.0,"max_hp_gain":0.0,"max_hp_loss":0.0,"gold_gain":0.0,"event_name":"Colosseum","player_choice":"Fight","floor":19.0,"gold_loss":0.0,"damage_taken":0.0},{"damage_healed":0.0,"max_hp_gain":0.0,"max_hp_loss":0.0,"gold_gain":0.0,"event_name":"Colosseum","player_choice":"Fought Nobs","floor":19.0,"gold_loss":0.0,"damage_taken":0.0},{"damage_healed":0.0,"max_hp_gain":0.0,"max_hp_loss":0.0,"gold_gain":0.0,"event_name":"The Mausoleum","player_choice":"Ignored","floor":21.0,"gold_loss":0.0,"damage_taken":0.0},{"damage_healed":0.0,"max_hp_gain":0.0,"max_hp_loss":0.0,"gold_gain":0.0,"event_name":"Drug Dealer","player_choice":"Obtain J.A.X.","floor":24.0,"gold_loss":0.0,"damage_taken":0.0,"cards_obtained":["J.A.X."]},{"damage_healed":0.0,"max_hp_gain":0.0,"max_hp_loss":0.0,"gold_gain":0.0,"event_name":"Ghosts","player_choice":"Ignored","floor":27.0,"gold_loss":0.0,"damage_taken":0.0}],"is_beta":false,"boss_relics":[{"not_picked":["Eternal Feather","Philosopher\u0027s Stone"],"picked":"Coffee Dripper"}],"items_purged_floors":[4,20],"is_endless":false,"potions_floor_spawned":[12,19,19],"killed_by":"Book of Stabbing","ascension_level":16}