{"path_per_floor":["M","?","?","M","M","R","$","M","T","E","M","E","M","?","R","B",null,"M","M","M","$","?","E","R","?","T","R","M","?","M","$","R"],"character_chosen":"IRONCLAD","items_purchased":["Bandage Up","Paper Frog","Vajra","Oddly Smooth Stone"],"gold_per_floor":[111,81,81,91,111,111,6,23,50,77,87,115,129,129,129,227,227,240,250,261,13,13,344,344,344,344,344,355,355,374,79,79],"floor_reached":33,"campfire_rested":2,"playtime":2845,"current_hp_per_floor":[80,80,80,80,77,77,77,76,76,54,60,44,54,54,54,28,80,51,57,44,44,44,22,46,46,46,46,51,51,19,19,43],"items_purged":[],"gold":79,"score":277,"play_id":"1c9849dc-5bda-43a6-be71-517d7570549c","is_prod":false,"is_daily":false,"is_ascension_mode":false,"campfire_upgraded":3,"path_taken":["M","?","?","M","M","R","?","M","T","E","M","E","M","?","R","BOSS","M","?","M","$","?","E","R","?","T","R","?","?","?","?","R","BOSS"],"build_version":"2018-02-22-PROD2","purchased_purges":1,"victory":false,"master_deck":["Strike_R","Strike_R","Strike_R","Strike_R","Strike_R","Defend_R","Defend_R","Defend_R","Defend_R","Bash","Pommel Strike","Armaments+1","Sever Soul","Bandage Up","Headbutt","Disarm","Berserk+1","Heavy Blade","Perfected Strike","Reckless Charge","Body Slam","Barricade+1","Thunderclap+1","Iron Wave+1","Whirlwind+1","Perfected Strike","Clothesline+1","Body Slam+1","Combust","Writhe","Madness","Pummel+1"],"max_hp_per_floor":[80,80,80,80,80,80,80,80,80,80,80,80,80,80,80,80,80,80,80,80,80,80,80,80,80,80,80,80,80,80,80,80],"relics":["Burning Blood","Bag of Marbles","Gremlin Horn","Lantern","Lizard Tail","Paper Frog","Old Coin","Ginger","Vajra","Oddly Smooth Stone"],"card_choices":[{"not_picked":["Clothesline","Warcry"],"picked":"Pommel Strike"},{"not_picked":["Reckless Charge","Clash"],"picked":"Armaments"},{"not_picked":["Anger","Warcry"],"picked":"Sever Soul"},{"not_picked":["Inflame","Anger"],"picked":"Headbutt"},{"not_picked":["Rupture","Entrench"],"picked":"Disarm"},{"not_picked":["Dual Wield","Armaments"],"picked":"Berserk"},{"not_picked":["Anger","Entrench"],"picked":"Heavy Blade"},{"not_picked":["Flex","Second Wind"],"picked":"Perfected Strike"},{"not_picked":["Brutality","Offering"],"picked":"Barricade"},{"not_picked":["Flex","Cleave"],"picked":"Thunderclap"},{"not_picked":["Bloodletting","Thunderclap"],"picked":"Iron Wave"},{"not_picked":["Iron Wave","Headbutt"],"picked":"Whirlwind"},{"not_picked":["Brutality","Entrench"],"picked":"Clothesline"},{"not_picked":["Dropkick","Clothesline"],"picked":"Body Slam"},{"not_picked":["Flame Barrier","True Grit"],"picked":"Pummel"}],"player_experience":8730,"potions_floor_usage":[8,10,12,28,30],"damage_taken":[{"damage":6,"enemies":"Jaw Worm","floor":1,"turns":3},{"damage":1,"enemies":"Cultist","floor":4,"turns":3},{"damage":9,"enemies":"Small Slimes","floor":5,"turns":4},{"damage":11,"enemies":"Gremlin Gang","floor":8,"turns":5},{"damage":32,"enemies":"Gremlin Nob","floor":10,"turns":4},{"damage":4,"enemies":"2 Fungi Beasts","floor":11,"turns":3},{"damage":26,"enemies":"Lagavulin","floor":12,"turns":7},{"damage":0,"enemies":"Exordium Wildlife","floor":13,"turns":3},{"damage":36,"enemies":"Hexaghost","floor":16,"turns":12},{"damage":39,"enemies":"3 Byrds","floor":18,"turns":7},{"damage":0,"enemies":"Chosen","floor":19,"turns":3},{"damage":19,"enemies":"Snecko","floor":20,"turns":5},{"damage":32,"enemies":"Slavers","floor":23,"turns":2},{"damage":5,"enemies":"Snake Plant","floor":28,"turns":4},{"damage":42,"enemies":"Centurion and Healer","floor":30,"turns":9},{"damage":104,"enemies":"Automaton","floor":33,"turns":6}],"event_choices":[{"event_name":"The Woman in Blue","player_choice":"Bought 2 Potions","floor":2,"damage_taken":0},{"event_name":"Wheel of Change","player_choice":"Full Heal","floor":3,"damage_taken":0},{"event_name":"Match and Keep!","player_choice":"2 cards matched","floor":14,"damage_taken":0},{"event_name":"Duplicator","player_choice":"One dupe","floor":22,"damage_taken":0},{"event_name":"Accursed Blacksmith","player_choice":"Forge","floor":25,"damage_taken":0},{"event_name":"Match and Keep!","player_choice":"3 cards matched","floor":29,"damage_taken":0}],"boss_relics":[{"not_picked":["Philosopher\u0027s Stone","Runic Dome"],"picked":"Lizard Tail"}],"potions_floor_spawned":[1,8,11,20,23],"seed_played":"6258711276012632769","killed_by":"Automaton","ascension_level":0,"is_trial":false}