{"gold_per_floor":[112,130,80,0,12,47,47,47,47,63,76,76,109,122,122,122],"floor_reached":16,"playtime":645,"items_purged":[],"score":129,"play_id":"d7bbd4ca-35ad-4f37-aa31-7e37f5bce317","local_time":"20181029214359","is_ascension_mode":true,"campfire_choices":[{"data":"Strike_B","floor":7,"key":"PURGE"},{"floor":12,"key":"REST"},{"floor":15,"key":"REST"}],"neow_cost":"NONE","seed_source_timestamp":1707817089369389,"circlet_count":0,"master_deck":["Strike_B","Strike_B","Defend_B","Defend_B","Defend_B","Defend_B","Zap","Dualcast","Tempest","Sunder","Defragment","Storm","Tempest","Sunder","Barrage","Leap","Stack"],"relics":["Cracked Core","Peace Pipe","Letter Opener","Bronze Scales"],"potions_floor_usage":[14,14,14],"damage_taken":[{"damage":2,"enemies":"Jaw Worm","floor":1,"turns":4},{"damage":0,"enemies":"Small Slimes","floor":2,"turns":2},{"damage":1,"enemies":"Cultist","floor":5,"turns":3},{"damage":37,"enemies":"Gremlin Nob","floor":6,"turns":4},{"damage":4,"enemies":"2 Fungi Beasts","floor":10,"turns":2},{"damage":2,"enemies":"3 Louse","floor":11,"turns":2},{"damage":40,"enemies":"Lagavulin","floor":13,"turns":4},{"damage":2,"enemies":"Exordium Thugs","floor":14,"turns":2},{"damage":33,"enemies":"Hexaghost","floor":16,"turns":9}],"seed_played":"3152690848206315171","potions_obtained":[{"floor":10,"key":"Weak Potion"},{"floor":11,"key":"AttackPotion"},{"floor":13,"key":"Fire Potion"}],"is_trial":false,"path_per_floor":["M","M","?","$","M","E","R","?","T","M","M","R","E","M","R"],"character_chosen":"DEFECT","items_purchased":["Storm"],"campfire_rested":2,"item_purchase_floors":[4],"current_hp_per_floor":[73,73,73,73,72,35,35,35,35,31,29,51,11,9,31,0],"gold":122,"neow_bonus":"THREE_CARDS","is_prod":false,"is_daily":false,"chose_seed":false,"campfire_upgraded":0,"win_rate":0,"timestamp":1540863839,"path_taken":["M","M","?","$","?","E","R","?","T","M","M","R","E","M","R","BOSS"],"build_version":"2018-10-25v2","purchased_purges":0,"victory":false,"max_hp_per_floor":[75,75,75,75,75,75,75,75,75,75,75,75,75,75,75,75],"card_choices":[{"not_picked":["Redo","Cold Snap"],"picked":"Tempest","floor":0},{"not_picked":["Steam","Conserve Battery"],"picked":"Sunder","floor":1},{"not_picked":["Steam","Turbo"],"picked":"Defragment","floor":2},{"not_picked":["Sweeping Beam","Loop"],"picked":"Tempest","floor":5},{"not_picked":["Amplify","Cold Snap","Coolheaded"],"picked":"SKIP","floor":6},{"not_picked":["Coolheaded","Cold Snap"],"picked":"Sunder","floor":10},{"not_picked":["Streamline","Gash"],"picked":"Barrage","floor":11},{"not_picked":["Beam Cell","Reboot"],"picked":"Leap","floor":13},{"not_picked":["Cold Snap","Leap"],"picked":"Stack","floor":14}],"player_experience":699617,"relics_obtained":[{"floor":6,"key":"Peace Pipe"},{"floor":9,"key":"Letter Opener"},{"floor":13,"key":"Bronze Scales"}],"event_choices":[{"cards_removed":["Strike_B"],"damage_healed":0,"gold_gain":0,"player_choice":"Card Removal","damage_taken":0,"max_hp_gain":0,"max_hp_loss":0,"event_name":"The Cleric","floor":3,"gold_loss":50},{"damage_healed":0,"gold_gain":30,"player_choice":"Searched \u00271\u0027 times","damage_taken":0,"max_hp_gain":0,"max_hp_loss":0,"event_name":"Dead Adventurer","floor":8,"gold_loss":0}],"is_beta":false,"boss_relics":[],"items_purged_floors":[],"is_endless":false,"potions_floor_spawned":[10,11,13],"killed_by":"Hexaghost","ascension_level":3}