{"path_per_floor":["M","?","M","M","M","R","$","R","T","M","M","R","M","T","R","B",null,"M","?","$","?","?","R","M","E","T","M"],"character_chosen":"THE_SILENT","items_purchased":["Accuracy","Dagger Spray","Backflip","Caltrops"],"gold_per_floor":[115,115,125,140,155,155,44,44,115,135,148,148,167,194,194,292,292,302,217,25,125,125,125,144,178,202,212,212],"floor_reached":28,"campfire_rested":2,"playtime":1324,"current_hp_per_floor":[70,63,59,55,46,67,67,67,67,67,58,58,58,58,58,49,83,54,54,54,54,37,64,35,21,21,7,0],"items_purged":["Strike_G","Regret"],"gold":212,"score":313,"play_id":"1cace0bf-5f2f-44e7-8adb-c3f37655093d","local_time":"20180406181228","is_prod":false,"is_daily":false,"is_ascension_mode":true,"campfire_upgraded":3,"timestamp":1523052748,"path_taken":["M","?","M","M","M","R","?","R","T","M","?","R","M","?","R","BOSS","M","?","$","?","?","R","M","E","T","M","M"],"build_version":"2018-04-05v2","purchased_purges":2,"victory":false,"master_deck":["Defend_G+1","Defend_G","Defend_G","Defend_G","Strike_G","Strike_G","Strike_G","Strike_G","Survivor","Neutralize","Blade Dance","Accuracy+1","Tactician","Backstab","Accuracy+1","Cloak And Dagger+1","Malaise","Accuracy+1","Doubt","Decay","Prepared","Dagger Spray","Backflip","Caltrops","Blade Dance","Leg Sweep","Prepared+1"],"max_hp_per_floor":[70,70,70,70,70,70,70,70,70,70,70,70,70,70,70,70,88,88,88,88,88,93,93,93,93,93,93,93],"relics":["Ring of the Snake","Vajra","Darkstone Periapt","Happy Flower","Calling Bell","Art of War","The Courier","War Paint","Paper Crane","Bronze Scales","Anchor"],"card_choices":[{"not_picked":["Underhanded Strike","Escape Plan"],"picked":"Blade Dance","floor":1},{"not_picked":["Expertise","Bane"],"picked":"Accuracy","floor":3},{"not_picked":["Sucker Punch","Dodge and Roll"],"picked":"Tactician","floor":4},{"not_picked":["Dagger Throw","Bouncing Flask"],"picked":"Backstab","floor":5},{"not_picked":["Blade Dance","Underhanded Strike"],"picked":"Cloak And Dagger","floor":10},{"not_picked":["Flying Knee","Deflect"],"picked":"Malaise","floor":11},{"not_picked":["Eviscerate","Reflex"],"picked":"Accuracy","floor":13},{"not_picked":["Deflect","Quick Slash"],"picked":"Prepared","floor":18},{"not_picked":["Calculated Gamble","Slice"],"picked":"Blade Dance","floor":24},{"not_picked":["Dagger Throw","Setup"],"picked":"Leg Sweep","floor":25},{"not_picked":["Slice","Bane"],"picked":"Prepared","floor":27}],"player_experience":406083,"potions_floor_usage":[16,25,25,28],"damage_taken":[{"damage":0,"enemies":"2 Louse","floor":1,"turns":4},{"damage":4,"enemies":"Small Slimes","floor":3,"turns":4},{"damage":4,"enemies":"Jaw Worm","floor":4,"turns":3},{"damage":9,"enemies":"Exordium Thugs","floor":5,"turns":6},{"damage":0,"enemies":"Exordium Wildlife","floor":10,"turns":2},{"damage":9,"enemies":"Blue Slaver","floor":11,"turns":4},{"damage":0,"enemies":"3 Louse","floor":13,"turns":2},{"damage":24,"enemies":"Hexaghost","floor":16,"turns":10},{"damage":29,"enemies":"3 Byrds","floor":18,"turns":7},{"damage":29,"enemies":"2 Thieves","floor":24,"turns":4},{"damage":29,"enemies":"Gremlin Leader","floor":25,"turns":6},{"damage":14,"enemies":"Snecko","floor":27,"turns":6},{"damage":9,"enemies":"Snake Plant","floor":28,"turns":2}],"event_choices":[{"event_name":"Golden Wing","player_choice":"Card Removal","floor":2,"damage_taken":0},{"event_name":"Addict","player_choice":"Obtained Relic","floor":19,"damage_taken":0},{"event_name":"Golden Shrine","player_choice":"Pray","floor":21,"damage_taken":0},{"event_name":"Forgotten Altar","player_choice":"Shed Blood","floor":22,"damage_taken":0}],"boss_relics":[{"not_picked":["Snecko Eye","Tiny House"],"picked":"Calling Bell"}],"potions_floor_spawned":[3,5,10,13,27],"seed_played":"6931733203476042149","killed_by":"Snake Plant","ascension_level":5,"is_trial":false}