{"gold_per_floor":[113,132,145,145,227,271,446,25,25,25,25,25,40,61,61,189,189,213,138,9,9,9,9,9,29,29,29],"floor_reached":27,"playtime":1259,"items_purged":["Doubt"],"score":251,"play_id":"10bbc412-9d14-4763-927c-9e068400b0a7","local_time":"20190217183908","is_ascension_mode":true,"campfire_choices":[{"floor":12,"key":"REST"},{"data":"Neutralize","floor":15,"key":"SMITH"},{"data":"Noxious Fumes","floor":23,"key":"SMITH"}],"neow_cost":"NONE","seed_source_timestamp":2445022901575954,"circlet_count":0,"master_deck":["Defend_G","Defend_G","Defend_G","Defend_G","Defend_G","Strike_G","Strike_G","Strike_G","Strike_G","Survivor","Neutralize+1","Skewer","Predator","Sucker Punch","Injury","Crippling Poison","Die Die Die","Backflip","Dagger Spray+1","Malaise","Dagger Spray+1","Cloak And Dagger","Noxious Fumes+1","RitualDagger+1","PiercingWail+1"],"relics":["Ring of the Snake","Regal Pillow","Bloody Idol","Darkstone Periapt","StoneCalendar","Medical Kit","Molten Egg 2","WristBlade","CultistMask","The Courier"],"potions_floor_usage":[6,16,25],"damage_taken":[{"damage":0,"enemies":"Cultist","floor":1,"turns":5},{"damage":10,"enemies":"Small Slimes","floor":2,"turns":3},{"damage":3,"enemies":"Jaw Worm","floor":3,"turns":3},{"damage":39,"enemies":"Lagavulin","floor":6,"turns":7},{"damage":0,"enemies":"3 Louse","floor":13,"turns":1},{"damage":9,"enemies":"Looter","floor":14,"turns":3},{"damage":38,"enemies":"Hexaghost","floor":16,"turns":13},{"damage":27,"enemies":"Shell Parasite","floor":18,"turns":8},{"damage":30,"enemies":"2 Thieves","floor":25,"turns":3},{"damage":37,"enemies":"Gremlin Leader","floor":27,"turns":4}],"seed_played":"-2706563972154883565","potions_obtained":[{"floor":1,"key":"Explosive Potion"},{"floor":14,"key":"GhostInAJar"},{"floor":18,"key":"Regen Potion"}],"is_trial":false,"path_per_floor":["M","M","M","?","T","E","?","$","T","$","?","R","M","M","R","B",null,"M","?","$","?","?","R","?","M","T","E"],"character_chosen":"THE_SILENT","items_purchased":["Medical Kit","Die Die Die","Cloak And Dagger","Noxious Fumes"],"campfire_rested":1,"item_purchase_floors":[8,8,20,20],"current_hp_per_floor":[70,60,57,57,57,18,24,24,24,24,24,61,61,52,52,14,76,49,49,49,49,43,43,43,35,35,0],"gold":29,"neow_bonus":"RANDOM_COMMON_RELIC","is_prod":false,"is_daily":false,"chose_seed":false,"campfire_upgraded":2,"win_rate":0,"timestamp":1550428748,"path_taken":["M","?","M","?","?","E","?","?","T","$","?","R","M","M","R","BOSS","M","?","$","?","?","R","?","M","T","E"],"build_version":"2019-01-23","purchased_purges":1,"victory":false,"max_hp_per_floor":[70,70,70,70,70,70,76,76,76,76,76,76,76,76,76,76,76,76,76,76,76,76,76,76,76,76,76],"card_choices":[{"not_picked":["Endless Agony","Outmaneuver"],"picked":"Skewer","floor":1},{"not_picked":["Bane","Underhanded Strike"],"picked":"Predator","floor":2},{"not_picked":["Deadly Poison","Quick Slash"],"picked":"Sucker Punch","floor":3},{"not_picked":["Sucker Punch","Dagger Throw"],"picked":"Crippling Poison","floor":6},{"not_picked":["Predator+1","Sucker Punch+1"],"picked":"Backflip","floor":13},{"not_picked":["Doppelganger","Skewer+1"],"picked":"Dagger Spray+1","floor":14},{"not_picked":["Bullet Time","Night Terror"],"picked":"Malaise","floor":16},{"not_picked":["Choke+1","PiercingWail"],"picked":"Dagger Spray+1","floor":18},{"not_picked":["Underhanded Strike+1","Choke+1"],"picked":"PiercingWail+1","floor":25}],"player_experience":505285,"relics_obtained":[{"floor":5,"key":"Darkstone Periapt"},{"floor":6,"key":"StoneCalendar"},{"floor":9,"key":"Molten Egg 2"},{"floor":26,"key":"The Courier"}],"event_choices":[{"damage_healed":0,"gold_gain":0,"player_choice":"Take Wound","damage_taken":0,"relics_obtained":["Golden Idol"],"max_hp_gain":0,"max_hp_loss":0,"event_name":"Golden Idol","floor":4,"gold_loss":0,"cards_obtained":["Injury"]},{"damage_healed":0,"gold_gain":175,"player_choice":"AGREE","damage_taken":0,"max_hp_gain":0,"max_hp_loss":0,"event_name":"Liars Game","floor":7,"gold_loss":0,"cards_obtained":["Doubt"]},{"damage_healed":0,"gold_gain":0,"player_choice":"Leave","damage_taken":0,"max_hp_gain":0,"max_hp_loss":0,"event_name":"The Cleric","floor":11,"gold_loss":0},{"cards_removed":["Strike_G"],"damage_healed":0,"gold_gain":0,"player_choice":"Gave Gold","damage_taken":0,"max_hp_gain":0,"max_hp_loss":0,"event_name":"Beggar","floor":19,"gold_loss":75},{"damage_healed":0,"gold_gain":0,"player_choice":"Gave Idol","damage_taken":0,"relics_obtained":["Bloody Idol"],"max_hp_gain":0,"max_hp_loss":0,"event_name":"Forgotten Altar","floor":21,"relics_lost":["Golden Idol"],"gold_loss":0},{"damage_healed":0,"gold_gain":0,"player_choice":"Joined the Cult","damage_taken":6,"max_hp_gain":0,"max_hp_loss":0,"event_name":"Nest","floor":22,"gold_loss":0,"cards_obtained":["RitualDagger"]},{"damage_healed":0,"gold_gain":0,"player_choice":"Trade","damage_taken":0,"relics_obtained":["CultistMask"],"max_hp_gain":0,"max_hp_loss":0,"event_name":"FaceTrader","floor":24,"gold_loss":0}],"is_beta":false,"boss_relics":[{"not_picked":["Black Star","Busted Crown"],"picked":"WristBlade"}],"items_purged_floors":[8],"is_endless":false,"potions_floor_spawned":[1,14,18],"killed_by":"Gremlin Leader","ascension_level":4}