{"gold_per_floor":[112,37,49,68,68,68,86,116,116,16,30,30,30,50,50,155,155,172,172,82],"floor_reached":20,"playtime":1039,"items_purged":["Strike_R","Strike_R"],"score":164,"play_id":"3bbf6239-cd35-4436-8340-b7e2008b5daf","local_time":"20190205220457","is_ascension_mode":false,"campfire_choices":[{"data":"Body Slam","floor":6,"key":"SMITH"},{"data":"Armaments","floor":12,"key":"SMITH"},{"floor":15,"key":"REST"}],"neow_cost":"PERCENT_DAMAGE","seed_source_timestamp":428489946134285,"circlet_count":0,"master_deck":["Strike_R","Strike_R+1","Strike_R+1","Defend_R","Defend_R","Defend_R","Defend_R","Bash","Dark Embrace","Body Slam+1","Shrug It Off","True Grit","Armaments+1"],"relics":["Burning Blood","Unceasing Top","Odd Mushroom","Singing Bowl","Eternal Feather"],"potions_floor_usage":[16],"damage_taken":[{"damage":1,"enemies":"Cultist","floor":1,"turns":3},{"damage":6,"enemies":"2 Louse","floor":3,"turns":2},{"damage":10,"enemies":"Jaw Worm","floor":4,"turns":4},{"damage":4,"enemies":"Blue Slaver","floor":7,"turns":4},{"damage":20,"enemies":"The Mushroom Lair","floor":8,"turns":5},{"damage":2,"enemies":"3 Louse","floor":11,"turns":6},{"damage":0,"enemies":"Exordium Wildlife","floor":14,"turns":4},{"damage":37,"enemies":"Hexaghost","floor":16,"turns":14},{"damage":53,"enemies":"3 Byrds","floor":18,"turns":11},{"damage":25,"enemies":"2 Thieves","floor":20,"turns":3}],"seed_played":"3929026417727813116","potions_obtained":[{"floor":4,"key":"Poison Potion"},{"floor":8,"key":"SneckoOil"}],"is_trial":false,"path_per_floor":["M","$","M","M","?","R","M","?","T","$","M","R","?","M","R","B",null,"M","?","M"],"character_chosen":"IRONCLAD","items_purchased":[],"campfire_rested":1,"item_purchase_floors":[],"current_hp_per_floor":[61,61,61,57,50,50,52,38,38,38,42,42,26,34,58,29,84,39,22,0],"gold":82,"neow_bonus":"THREE_RARE_CARDS","is_prod":false,"is_daily":false,"chose_seed":false,"campfire_upgraded":2,"win_rate":0,"timestamp":1549422297,"path_taken":["M","$","M","M","?","R","M","?","T","$","M","R","?","M","R","BOSS","M","?","M"],"build_version":"2019-01-23","purchased_purges":2,"victory":false,"max_hp_per_floor":[80,80,80,80,80,80,80,80,80,80,80,80,80,82,82,84,84,86,91,91],"card_choices":[{"not_picked":["Fiend Fire","Exhume"],"picked":"Dark Embrace","floor":0},{"not_picked":["Searing Blow","Shrug It Off"],"picked":"Body Slam","floor":1},{"not_picked":["Wild Strike","Sword Boomerang","Clash"],"picked":"SKIP","floor":3},{"not_picked":["Heavy Blade","Headbutt"],"picked":"Shrug It Off","floor":4},{"not_picked":["Reckless Charge","Combust","Whirlwind"],"picked":"SKIP","floor":7},{"not_picked":["Warcry","Twin Strike"],"picked":"True Grit","floor":8},{"not_picked":["Demon Form","Headbutt"],"picked":"Armaments","floor":11},{"not_picked":["Wild Strike","Flex","Twin Strike"],"picked":"Singing Bowl","floor":14},{"not_picked":["Double Tap","Reaper","Bludgeon"],"picked":"Singing Bowl","floor":16},{"not_picked":["Dropkick","Sentinel+1","Anger"],"picked":"Singing Bowl","floor":18}],"player_experience":995170,"relics_obtained":[{"floor":8,"key":"Odd Mushroom"},{"floor":9,"key":"Singing Bowl"}],"event_choices":[{"damage_healed":0,"gold_gain":0,"player_choice":"Success","damage_taken":7,"relics_obtained":["Unceasing Top"],"max_hp_gain":0,"max_hp_loss":0,"event_name":"Scrap Ooze","floor":5,"gold_loss":0},{"damage_healed":0,"gold_gain":0,"player_choice":"Fought Mushrooms","damage_taken":0,"max_hp_gain":0,"max_hp_loss":0,"event_name":"Mushrooms","floor":8,"gold_loss":0},{"damage_healed":0,"gold_gain":0,"player_choice":"Entered Light","damage_taken":16,"max_hp_gain":0,"max_hp_loss":0,"event_name":"Shining Light","floor":13,"gold_loss":0,"cards_upgraded":["Strike_R","Strike_R"]},{"damage_healed":0,"gold_gain":0,"player_choice":"Shed Blood","damage_taken":22,"max_hp_gain":5,"max_hp_loss":0,"event_name":"Forgotten Altar","floor":19,"gold_loss":0}],"is_beta":false,"boss_relics":[{"not_picked":["Runic Pyramid","Snecko Eye"],"picked":"Eternal Feather"}],"items_purged_floors":[2,10],"is_endless":false,"potions_floor_spawned":[4,8],"killed_by":"2 Thieves","ascension_level":0}