{"gold_per_floor":[113,127,147,164,164,164,197,40,40,40,69,86,106,120,120,199,199,210,135,135,0,0,31,31,31],"floor_reached":25,"playtime":1356,"items_purged":["Normality"],"score":520,"play_id":"5c586a6d-7d39-4a16-a092-a6a3ec0cc46d","local_time":"20190122161918","is_ascension_mode":true,"campfire_choices":[{"data":"Noxious Fumes","floor":6.0,"key":"SMITH"},{"data":"Leg Sweep","floor":10.0,"key":"SMITH"},{"data":"Noxious Fumes","floor":15.0,"key":"SMITH"}],"neow_cost":"NONE","seed_source_timestamp":523991283516976,"circlet_count":0,"master_deck":["AscendersBane","Defend_G","Defend_G","Defend_G","Defend_G","Defend_G","Strike_G","Strike_G","Strike_G","Strike_G","Strike_G","Survivor","Neutralize","Noxious Fumes+1","Well Laid Plans","Escape Plan","Leg Sweep+1","Leg Sweep","Night Terror","Backflip","Noxious Fumes+1","Venomology","Decay","Shame","Noxious Fumes+1"],"special_seed":0,"relics":["Coffee Dripper","Shuriken","PreservedInsect","The Specimen","Tough Bandages","Calling Bell","Dream Catcher","Ninja Scroll","Pocketwatch","Enchiridion","The Courier","MutagenicStrength"],"potions_floor_usage":[23],"damage_taken":[{"damage":9.0,"enemies":"Jaw Worm","floor":1.0,"turns":5.0},{"damage":0.0,"enemies":"Cultist","floor":2.0,"turns":4.0},{"damage":0.0,"enemies":"Small Slimes","floor":3.0,"turns":5.0},{"damage":0.0,"enemies":"2 Fungi Beasts","floor":4.0,"turns":4.0},{"damage":13.0,"enemies":"3 Sentries","floor":7.0,"turns":7.0},{"damage":4.0,"enemies":"Lagavulin","floor":11.0,"turns":8.0},{"damage":8.0,"enemies":"Large Slime","floor":12.0,"turns":9.0},{"damage":4.0,"enemies":"Blue Slaver","floor":13.0,"turns":5.0},{"damage":3.0,"enemies":"3 Louse","floor":14.0,"turns":4.0},{"damage":0.0,"enemies":"Slime Boss","floor":16.0,"turns":7.0},{"damage":11.0,"enemies":"Shell Parasite","floor":18.0,"turns":5.0},{"damage":26,"enemies":"Gremlin Leader","floor":23,"turns":6},{"damage":2,"enemies":"Book of Stabbing","floor":25,"turns":2}],"seed_played":"-3792141364138729344","potions_obtained":[{"floor":2.0,"key":"Weak Potion"},{"floor":3.0,"key":"Block Potion"},{"floor":12.0,"key":"Dexterity Potion"},{"floor":13.0,"key":"FearPotion"}],"is_trial":false,"path_per_floor":["M","M","M","M","?","R","E","$","T","R","E","M","M","M","R","B",null,"M","$","?","?","?","E","?","E"],"character_chosen":"THE_SILENT","items_purchased":["PreservedInsect"],"campfire_rested":0,"item_purchase_floors":[8],"current_hp_per_floor":[50,50,50,50,55,55,42,42,42,42,38,30,26,23,23,23,59,48,48,48,48,27,1,1,0],"gold":31,"neow_bonus":"BOSS_RELIC","is_prod":false,"is_daily":false,"chose_seed":false,"campfire_upgraded":3,"win_rate":0,"timestamp":1548166758,"path_taken":["M","M","M","M","?","R","E","?","T","R","E","M","?","M","R","BOSS","M","$","?","?","?","E","?","E"],"build_version":"2019-01-17v2","purchased_purges":1,"victory":false,"max_hp_per_floor":[66,66,66,66,71,71,71,71,71,71,71,71,71,71,71,71,71,71,71,71,71,71,71,71,71],"card_choices":[{"not_picked":["Dagger Throw","Reflex"],"picked":"Noxious Fumes","floor":1.0},{"not_picked":["Underhanded Strike","Dagger Spray"],"picked":"Well Laid Plans","floor":2.0},{"not_picked":["Bane","Infinite Blades"],"picked":"Escape Plan","floor":3.0},{"not_picked":["Backstab","Cloak And Dagger"],"picked":"Leg Sweep","floor":4.0},{"not_picked":["Envenom","Dodge and Roll"],"picked":"Leg Sweep","floor":7.0},{"not_picked":["Deflect","Flying Knee"],"picked":"Night Terror","floor":11.0},{"not_picked":["Infinite Blades","Dagger Throw"],"picked":"Backflip","floor":12.0},{"not_picked":["Quick Slash","Skewer","PiercingWail"],"picked":"SKIP","floor":13.0},{"not_picked":["Poisoned Stab","Choke"],"picked":"Noxious Fumes","floor":14.0},{"not_picked":["Wraith Form v2","Glass Knife"],"picked":"Venomology","floor":16.0},{"not_picked":["Slice","Sucker Punch+1"],"picked":"Noxious Fumes+1","floor":18.0},{"not_picked":["Masterful Stab","Sucker Punch","Eviscerate"],"picked":"SKIP","floor":23}],"player_experience":320561,"relics_obtained":[{"floor":7.0,"key":"Shuriken"},{"floor":9.0,"key":"The Specimen"},{"floor":11.0,"key":"Tough Bandages"},{"floor":17.0,"key":"Dream Catcher"},{"floor":17.0,"key":"Ninja Scroll"},{"floor":17.0,"key":"Pocketwatch"},{"floor":22,"key":"Enchiridion"},{"floor":23,"key":"The Courier"}],"event_choices":[{"damage_healed":0.0,"max_hp_gain":5.0,"max_hp_loss":0.0,"gold_gain":0.0,"event_name":"Big Fish","player_choice":"Donut","floor":5.0,"gold_loss":0.0,"damage_taken":0.0},{"damage_healed":0.0,"max_hp_gain":0.0,"max_hp_loss":0.0,"gold_gain":0.0,"event_name":"Ghosts","player_choice":"Ignored","floor":20.0,"gold_loss":0.0,"damage_taken":0.0},{"damage_healed":0.0,"max_hp_gain":0.0,"max_hp_loss":0.0,"gold_gain":0.0,"event_name":"Masked Bandits","player_choice":"Paid Fearfully","floor":21.0,"gold_loss":135.0,"damage_taken":0.0},{"damage_healed":0,"gold_gain":0,"player_choice":"Obtained Book","damage_taken":21,"max_hp_gain":0,"max_hp_loss":0,"event_name":"Cursed Tome","floor":22,"gold_loss":0},{"damage_healed":0,"gold_gain":0,"player_choice":"Inject Mutagens","damage_taken":0,"relics_obtained":["MutagenicStrength"],"max_hp_gain":0,"max_hp_loss":0,"event_name":"Drug Dealer","floor":24,"gold_loss":0}],"is_beta":false,"boss_relics":[{"not_picked":["Orrery","Astrolabe"],"picked":"Calling Bell"}],"items_purged_floors":[19],"is_endless":false,"potions_floor_spawned":[2,3,12,13],"killed_by":"Book of Stabbing","ascension_level":17}