{"path_per_floor":["M","?","M","M","?","R","E","R","T","M","M","$","?","$","R","B",null,"M","$","M","?","M","R","?","$","T"],"character_chosen":"IRONCLAD","items_purchased":["Regen Potion","Metallicize"],"gold_per_floor":[118,118,133,145,145,145,174,174,198,211,226,100,100,0,0,105,105,15,15,27,27,46,46,136,55,55,55],"floor_reached":27,"campfire_rested":3,"playtime":1542,"current_hp_per_floor":[75,75,79,83,83,83,8,32,32,16,13,13,13,13,39,61,91,52,52,39,39,20,47,31,31,31,14],"items_purged":["Strike_R","Strike_R"],"gold":55,"score":251,"play_id":"cc071196-e122-4620-b247-1e9eb6a545e5","local_time":"20180326192240","is_prod":false,"is_daily":false,"is_ascension_mode":true,"campfire_upgraded":1,"timestamp":1522106560,"path_taken":["M","?","?","M","?","R","E","R","T","M","M","$","?","?","R","BOSS","M","$","M","?","M","R","?","$","T","M"],"build_version":"2018-03-22v2","purchased_purges":3,"victory":false,"master_deck":["Strike_R","Defend_R","Defend_R","Defend_R","Defend_R+1","Bash","Barricade+1","Feed","Armaments+1","Barricade","Juggernaut+1","Shrug It Off","True Grit","Metallicize"],"max_hp_per_floor":[80,80,80,83,83,83,83,83,83,83,87,87,87,87,87,91,91,91,91,91,91,91,91,91,91,91,91],"relics":["Burning Blood","War Paint","Bronze Scales","Runic Cube","Centennial Puzzle"],"card_choices":[{"not_picked":["Flex","Combust"],"picked":"Feed","floor":3.0},{"not_picked":["Clothesline","Havoc"],"picked":"Armaments","floor":4.0},{"not_picked":["Twin Strike","Exhume"],"picked":"Juggernaut","floor":7},{"not_picked":["Thunderclap","Flex"],"picked":"Dual Wield","floor":11},{"not_picked":["Dropkick","Wild Strike"],"picked":"Shrug It Off","floor":18},{"not_picked":["Armaments","Havoc"],"picked":"True Grit","floor":20}],"player_experience":350178,"potions_floor_usage":[7,10,16,16,27],"damage_taken":[{"damage":11.0,"enemies":"Cultist","floor":1.0,"turns":4.0},{"damage":2.0,"enemies":"2 Louse","floor":3.0,"turns":3.0},{"damage":2.0,"enemies":"Jaw Worm","floor":4.0,"turns":3.0},{"damage":81,"enemies":"Gremlin Nob","floor":7,"turns":7},{"damage":22,"enemies":"Gremlin Gang","floor":10,"turns":6},{"damage":13,"enemies":"Exordium Thugs","floor":11,"turns":5},{"damage":3,"enemies":"The Guardian","floor":16,"turns":17},{"damage":45,"enemies":"2 Thieves","floor":18,"turns":5},{"damage":19,"enemies":"Chosen","floor":20,"turns":8},{"damage":25,"enemies":"Sentry and Sphere","floor":22,"turns":11},{"damage":17,"enemies":"3 Cultists","floor":27,"turns":4}],"event_choices":[{"event_name":"Bonfire Elementals","player_choice":"BASIC","floor":2.0,"damage_taken":0.0},{"event_name":"Match and Keep!","player_choice":"1 cards matched","floor":5.0,"damage_taken":0.0},{"event_name":"Upgrade Shrine","player_choice":"Upgraded","floor":13,"damage_taken":0},{"event_name":"Purifier","player_choice":"One Purge","floor":21,"damage_taken":0},{"event_name":"Knowing Skull","player_choice":"GOLD ","floor":24,"damage_taken":0}],"boss_relics":[{"not_picked":["Runic Pyramid","Pandora\u0027s Box"],"picked":"Runic Cube"}],"potions_floor_spawned":[1,7,10,22],"seed_played":"-7673757641724862177","killed_by":"3 Cultists","ascension_level":4,"is_trial":false}