{"path_per_floor":["M","?","?","M","$","R","$","M","T","T","M","M","R","M","R","B",null,"M","M","$","T","$","R","M","M","T","?","M","R","M","?","R","B",null,"M","M","$","?","?","R","M","M","T","R","?","?","R","?","R"],"character_chosen":"THE_SILENT","items_purchased":["Accuracy","Toxic Egg 2","Anchor"],"gold_per_floor":[112,112,287,298,19,19,19,38,92,116,134,150,150,165,165,269,269,280,293,64,133,33,33,46,63,63,63,80,80,93,8,8,109,109,119,129,4,4,104,104,117,135,158,158,158,158,158,0,0],"floor_reached":50,"campfire_rested":8,"playtime":3073,"current_hp_per_floor":[70,56,56,51,51,51,51,50,50,50,47,47,47,43,65,56,74,41,38,38,38,38,60,27,6,20,20,20,47,30,30,57,25,90,72,19,19,19,19,46,25,23,23,50,39,39,66,66,90],"items_purged":["Normality","Doubt","Decay"],"gold":0,"score":407,"play_id":"b968a339-a0e9-49d4-9306-4a90d328342d","is_prod":false,"is_daily":false,"is_ascension_mode":false,"campfire_upgraded":2,"path_taken":["M","?","?","M","$","R","?","M","T","?","M","M","R","M","R","BOSS","M","M","$","?","$","R","M","M","T","?","M","R","M","?","R","BOSS","M","M","$","?","?","R","M","M","T","R","?","?","R","?","R","BOSS"],"build_version":"2018-02-12-PROD1","purchased_purges":3,"victory":false,"master_deck":["Defend_G","Defend_G+1","Defend_G","Defend_G+1","Defend_G","Strike_G","Strike_G","Strike_G","Strike_G","Strike_G","Survivor","Neutralize","Blade Dance+1","Accuracy+1","Leg Sweep+1","Cloak And Dagger+1","Cloak And Dagger+1","A Thousand Cuts","Dodge and Roll+1","Blade Dance+1","Finisher","Prepared+1","Leg Sweep+1","Dodge and Roll+1","Footwork+1","Night Terror+1","Cloak And Dagger+1","Prepared+1","PiercingWail+1","Footwork","Backflip+1","Madness+1","Madness+1"],"max_hp_per_floor":[70,70,70,72,72,72,72,74,74,74,74,74,74,74,74,74,74,74,74,74,74,74,74,74,74,88,88,90,90,90,90,90,90,90,90,90,90,90,90,90,90,90,90,90,90,90,90,90,90],"relics":["Ring of the Snake","Singing Bowl","Toxic Egg 2","Tiny Chest","Prayer Wheel","Calling Bell","Juzu Bracelet","Tingsha","Girya","Anchor","Dodecahedron","Mango","Bronze Scales","Lizard Tail","Oddly Smooth Stone","Red Mask"],"card_choices":[{"not_picked":["Dagger Throw","Deflect"],"picked":"Blade Dance"},{"not_picked":["Quick Slash","Acrobatics"],"picked":"Leg Sweep"},{"not_picked":["Doppelganger","Endless Agony"],"picked":"Cloak And Dagger"},{"not_picked":["Bane","Backstab"],"picked":"Cloak And Dagger"},{"not_picked":["Venomology","Phantasmal Killer"],"picked":"A Thousand Cuts"},{"not_picked":["Bane","Skewer"],"picked":"Dodge and Roll"},{"not_picked":["Deflect","Quick Slash"],"picked":"Blade Dance"},{"not_picked":["Crippling Poison","Sucker Punch"],"picked":"Finisher"},{"not_picked":["Backflip","Tactician"],"picked":"Prepared"},{"not_picked":["Flechettes","Blade Dance"],"picked":"Leg Sweep"},{"not_picked":["Underhanded Strike","Bouncing Flask"],"picked":"Dodge and Roll"},{"not_picked":["Dodge and Roll","Slice"],"picked":"Footwork"},{"not_picked":["Corpse Explosion","Doppelganger"],"picked":"Night Terror"},{"not_picked":["Backstab","Dagger Spray"],"picked":"Cloak And Dagger"},{"not_picked":["Dagger Spray","Bane"],"picked":"Prepared"},{"not_picked":["Acrobatics","Crippling Poison"],"picked":"PiercingWail"},{"not_picked":["Flechettes","Finisher"],"picked":"Footwork"},{"not_picked":["Poisoned Stab","Sucker Punch"],"picked":"Backflip"}],"player_experience":99081,"potions_floor_usage":[16,33,33,36,50,50],"damage_taken":[{"damage":0,"enemies":"2 Louse","floor":1,"turns":4},{"damage":7,"enemies":"Small Slimes","floor":4,"turns":5},{"damage":3,"enemies":"Jaw Worm","floor":8,"turns":4},{"damage":3,"enemies":"2 Fungi Beasts","floor":11,"turns":4},{"damage":0,"enemies":"3 Louse","floor":12,"turns":5},{"damage":4,"enemies":"Exordium Wildlife","floor":14,"turns":3},{"damage":24,"enemies":"Hexaghost","floor":16,"turns":14},{"damage":33,"enemies":"Chosen","floor":18,"turns":6},{"damage":3,"enemies":"Spheric Guardian","floor":19,"turns":4},{"damage":33,"enemies":"Snake Plant","floor":24,"turns":8},{"damage":21,"enemies":"Sentry and Sphere","floor":25,"turns":8},{"damage":2,"enemies":"Centurion and Healer","floor":28,"turns":7},{"damage":17,"enemies":"Snecko","floor":30,"turns":5},{"damage":32,"enemies":"Automaton","floor":33,"turns":10},{"damage":18,"enemies":"3 Darklings","floor":35,"turns":7},{"damage":53,"enemies":"3 Shapes","floor":36,"turns":6},{"damage":66,"enemies":"Sphere and 2 Shapes","floor":41,"turns":9},{"damage":2,"enemies":"Maw","floor":42,"turns":10},{"damage":100,"enemies":"Awakened One","floor":50,"turns":8}],"event_choices":[{"event_name":"Shining Light","player_choice":"Entered Light","floor":2,"damage_taken":0},{"event_name":"Liars Game","player_choice":"agreed","floor":3,"damage_taken":0},{"event_name":"Beggar","player_choice":"Ignored","floor":27,"damage_taken":0},{"event_name":"Addict","player_choice":"Obtained Relic","floor":31,"damage_taken":0},{"event_name":"Mysterious Sphere","player_choice":"Ignore","floor":38,"damage_taken":0},{"event_name":"Golden Shrine","player_choice":"Pray","floor":39,"damage_taken":0},{"event_name":"Winding Halls","player_choice":"Embrace Madness","floor":45,"damage_taken":0},{"event_name":"Purifier","player_choice":"One Purge","floor":46,"damage_taken":0},{"event_name":"Tomb of Lord Red Mask","player_choice":"Paid","floor":48,"damage_taken":0}],"boss_relics":[{"not_picked":["Sozu","The Specimen"],"picked":"Calling Bell"},{"not_picked":["Runic Pyramid","Orrery"],"picked":"Lizard Tail"}],"potions_floor_spawned":[1,4,12,16,19,24,35,42],"seed_played":"8545539780931820635","killed_by":"Awakened One","ascension_level":0,"is_trial":false}