{"path_per_floor":["M","?","M","?","$","R","?","R","T","M","$","E","R","M","R","B",null,"M","?","?","?","?","R","$","M","T","$","R","E","M","T","R","B",null,"M","?","M","M","M","R","M","$","T","?","R","T","?","M","R","B"],"character_chosen":"THE_SILENT","items_purchased":["Dagger Spray","Acrobatics","Vajra","Prepared","Sucker Punch"],"gold_per_floor":[112,62,82,82,7,7,7,7,7,21,21,53,53,73,73,170,170,189,189,89,89,89,89,64,78,78,29,29,60,76,76,76,180,180,198,198,212,223,240,240,253,17,41,0,0,72,72,89,89,89],"floor_reached":51,"campfire_rested":2,"playtime":2185,"current_hp_per_floor":[84,84,81,81,81,81,64,64,64,63,63,54,54,54,54,50,84,84,76,76,76,60,66,66,61,61,61,69,46,43,43,77,18,89,89,89,69,69,36,46,25,25,25,25,63,63,63,56,68,7],"items_purged":["Strike_G"],"gold":89,"score":607,"play_id":"93b3bae2-bc3d-4c31-821e-593f30ead91e","is_prod":false,"is_daily":false,"is_ascension_mode":true,"campfire_upgraded":5,"path_taken":["M","?","?","?","$","R","?","R","T","M","$","E","R","M","R","BOSS","M","?","?","?","?","R","$","M","T","$","R","E","M","?","R","BOSS","M","?","?","M","M","R","?","$","T","?","R","?","?","?","R","BOSS"],"build_version":"2018-02-22-PROD2","purchased_purges":1,"victory":true,"master_deck":["Defend_G","Defend_G","Defend_G","Strike_G+1","Strike_G+1","Strike_G+1","Survivor","Neutralize+1","PiercingWail","Backflip","All Out Attack+1","Backstab+1","Die Die Die+1","Riddle With Holes","Glass Knife","Acrobatics","J.A.X.+1","Dagger Spray","Dagger Spray+1","Acrobatics","Concentrate","Flying Knee","Storm of Steel+1","Sucker Punch+1","Slice","All Out Attack","Cloak And Dagger+1","Prepared+1","Sucker Punch","Clumsy","Regret","Cloak And Dagger+1","PiercingWail+1"],"max_hp_per_floor":[84,84,84,84,84,84,84,84,84,84,84,84,84,84,84,84,84,84,84,84,84,89,89,89,89,89,89,89,89,89,89,89,89,89,89,89,89,89,89,89,89,89,89,89,89,89,89,89,89,89],"relics":["Ring of the Snake","Girya","Shuriken","Eternal Feather","Whetstone","Bag of Marbles","Toxic Egg 2","Cursed Key","Vajra","Prayer Wheel","Red Mask","Gremlin Horn"],"card_choices":[{"not_picked":["Dagger Throw","Blade Dance"],"picked":"PiercingWail"},{"not_picked":["Quick Slash","Flying Knee"],"picked":"Backflip"},{"not_picked":["Crippling Poison","Quick Slash"],"picked":"Backstab"},{"not_picked":["Prepared","PiercingWail"],"picked":"Die Die Die"},{"not_picked":["Backstab","Dagger Spray"],"picked":"Riddle With Holes"},{"not_picked":["Wraith Form","Phantasmal Killer"],"picked":"Glass Knife"},{"not_picked":["Bane","Setup"],"picked":"Acrobatics"},{"not_picked":["Eviscerate","Flechettes"],"picked":"Dagger Spray"},{"not_picked":["Acrobatics","Poisoned Stab"],"picked":"Concentrate"},{"not_picked":["Dodge and Roll","Dash"],"picked":"Flying Knee"},{"not_picked":["Burst","Night Terror"],"picked":"Storm of Steel"},{"not_picked":["Noxious Fumes","Poisoned Stab"],"picked":"Sucker Punch"},{"not_picked":["Blur","Flying Knee"],"picked":"Slice"},{"not_picked":["Crippling Poison","Deflect"],"picked":"All Out Attack"},{"not_picked":["Underhanded Strike","Bane"],"picked":"Cloak And Dagger"},{"not_picked":["Predator","Prepared"],"picked":"Cloak And Dagger"},{"not_picked":["Heel Hook","Outmaneuver"],"picked":"PiercingWail"}],"player_experience":206634,"potions_floor_usage":[41,50,50,50],"damage_taken":[{"damage":0.0,"enemies":"2 Louse","floor":1.0,"turns":3.0},{"damage":3.0,"enemies":"Small Slimes","floor":3.0,"turns":5.0},{"damage":1.0,"enemies":"Jaw Worm","floor":10.0,"turns":3.0},{"damage":9.0,"enemies":"3 Sentries","floor":12.0,"turns":5.0},{"damage":0.0,"enemies":"Lots of Slimes","floor":14.0,"turns":1.0},{"damage":4.0,"enemies":"Slime Boss","floor":16.0,"turns":8.0},{"damage":0.0,"enemies":"Spheric Guardian","floor":18.0,"turns":2.0},{"damage":5.0,"enemies":"3 Byrds","floor":25.0,"turns":4.0},{"damage":23.0,"enemies":"Gremlin Leader","floor":29.0,"turns":4.0},{"damage":3.0,"enemies":"Centurion and Healer","floor":30.0,"turns":2.0},{"damage":59.0,"enemies":"Collector","floor":33.0,"turns":7.0},{"damage":0,"enemies":"Orb Walker","floor":35,"turns":1},{"damage":20,"enemies":"3 Shapes","floor":37,"turns":2},{"damage":0,"enemies":"3 Darklings","floor":38,"turns":2},{"damage":33,"enemies":"4 Shapes","floor":39,"turns":3},{"damage":33,"enemies":"Maw","floor":41,"turns":6},{"damage":7,"enemies":"Sphere and 2 Shapes","floor":48,"turns":1},{"damage":61,"enemies":"Awakened One","floor":50,"turns":7}],"event_choices":[{"event_name":"The Cleric","player_choice":"Card Removal","floor":2.0,"damage_taken":0.0},{"event_name":"Living Wall","player_choice":"Change","floor":4.0,"damage_taken":0.0},{"event_name":"Shining Light","player_choice":"Entered Light","floor":7.0,"damage_taken":0.0},{"event_name":"Knowing Skull","player_choice":"","floor":19.0,"damage_taken":0.0},{"event_name":"Drug Dealer","player_choice":"Got JAXXED","floor":20.0,"damage_taken":0.0},{"event_name":"Bonfire Elementals","player_choice":"BASIC","floor":21.0,"damage_taken":0.0},{"event_name":"Forgotten Altar","player_choice":"Shed Blood","floor":22.0,"damage_taken":0.0},{"event_name":"Mysterious Sphere","player_choice":"Ignore","floor":36,"damage_taken":0},{"event_name":"Tomb of Lord Red Mask","player_choice":"Paid","floor":44,"damage_taken":0}],"boss_relics":[{"not_picked":["Question Card","Lizard Tail"],"picked":"Cursed Key"}],"potions_floor_spawned":[1,3,33,39,41,48],"seed_played":"4131030771760586299","ascension_level":2,"is_trial":false}