{"path_per_floor":["M","M","$","M","?","R","M","R","T","T","M","M","R","M","R","B",null,"M","?","$","T","M","R","E","R","T","M","?","M","R","M","R","B",null,"M","?","?","M","?","E","M","R","T","$","T","R","M","M","R"],"character_chosen":"THE_SILENT","items_purchased":["Infinite Blades","Ninja Scroll","Footwork","Bronze Scales","Tough Bandages","Paper Crane"],"gold_per_floor":[118,129,49,67,67,67,86,86,139,164,178,195,195,205,205,301,301,315,315,65,65,85,85,110,110,410,426,626,641,641,653,653,750,750,763,763,763,774,774,800,817,817,842,56,109,109,122,141,141,141],"floor_reached":50,"campfire_rested":5,"playtime":2697,"current_hp_per_floor":[69,65,65,63,63,63,63,63,63,63,59,59,59,58,58,29,60,46,46,46,46,45,45,33,54,54,53,53,46,46,27,48,2,53,55,55,55,55,46,14,16,37,37,37,37,58,50,43,64,0],"items_purged":["Writhe"],"gold":141,"score":655,"play_id":"bbca3981-05ea-44dd-99dc-6bb2d35f6c48","local_time":"20180414005221","is_prod":false,"is_daily":false,"chose_seed":false,"is_ascension_mode":true,"campfire_upgraded":6,"timestamp":1523681541,"path_taken":["M","M","$","M","?","R","M","R","T","?","M","M","R","M","R","BOSS","M","?","$","?","M","R","E","R","T","M","?","M","R","M","R","BOSS","M","?","?","M","?","E","?","R","T","$","?","R","M","M","R","BOSS"],"build_version":"2018-04-12","seed_source_timestamp":1664507267403043,"purchased_purges":1,"victory":false,"master_deck":["Defend_G","Defend_G","Defend_G","Defend_G","Defend_G","Strike_G+1","Strike_G+1","Strike_G","Strike_G","Strike_G","Survivor","Neutralize","Choke+1","Infinite Blades+1","Footwork+1","Cloak And Dagger+1","Blur","Prepared+1","Dagger Throw","Venomology","Leg Sweep","Accuracy+1","Parasite","Caltrops+1","Leg Sweep","Writhe","Infinite Blades+1","Backflip","Accuracy+1","Madness","Madness","Blur+1","Infinite Blades+1","Footwork+1","Clumsy"],"max_hp_per_floor":[70,70,70,70,70,70,70,70,70,70,70,70,70,70,70,70,70,70,70,70,70,70,70,70,70,70,70,70,70,70,70,70,70,70,70,70,70,70,70,70,70,70,70,70,70,70,70,70,70,70],"relics":["Ring of the Snake","Lantern","Tiny Chest","Whetstone","Cursed Key","Ninja Scroll","Frozen Egg 2","Blood Vial","Old Coin","White Beast Statue","Ice Cream","Bag of Marbles","Bronze Scales","Tough Bandages","Paper Crane","Vajra"],"card_choices":[{"not_picked":["Distraction","Deadly Poison"],"picked":"Choke","floor":1},{"not_picked":["Blur","Prepared"],"picked":"Footwork","floor":4},{"not_picked":["Outmaneuver","Acrobatics"],"picked":"Cloak And Dagger","floor":7},{"not_picked":["Deflect","PiercingWail"],"picked":"Blur","floor":11},{"not_picked":["Grand Finale","Endless Agony"],"picked":"Prepared","floor":12},{"not_picked":["Bouncing Flask","Eviscerate"],"picked":"Dagger Throw","floor":14},{"not_picked":["Tactician","Envenom"],"picked":"Venomology","floor":16},{"not_picked":["Setup","Outmaneuver"],"picked":"Leg Sweep","floor":18},{"not_picked":["Catalyst","Distraction"],"picked":"Caltrops","floor":22},{"not_picked":["Dagger Spray","Catalyst"],"picked":"Leg Sweep","floor":24},{"not_picked":["Bane","Skewer"],"picked":"Infinite Blades","floor":27},{"not_picked":["Burst","Envenom"],"picked":"Die Die Die","floor":33},{"not_picked":["Dagger Throw","Flying Knee"],"picked":"Backflip","floor":35},{"not_picked":["Dodge and Roll","Noxious Fumes"],"picked":"Blur","floor":40},{"not_picked":["Outmaneuver","Leg Sweep"],"picked":"Infinite Blades","floor":41}],"player_experience":441407,"potions_floor_usage":[16,24,24,24,31,31,33,33,33,40,40,41,50,50,50],"damage_taken":[{"damage":1,"enemies":"2 Louse","floor":1,"turns":3},{"damage":4,"enemies":"Cultist","floor":2,"turns":3},{"damage":2,"enemies":"Jaw Worm","floor":4,"turns":4},{"damage":0,"enemies":"2 Fungi Beasts","floor":7,"turns":2},{"damage":4,"enemies":"Looter","floor":11,"turns":3},{"damage":0,"enemies":"Blue Slaver","floor":12,"turns":3},{"damage":1,"enemies":"Exordium Thugs","floor":14,"turns":3},{"damage":29,"enemies":"Hexaghost","floor":16,"turns":11},{"damage":14,"enemies":"Shell Parasite","floor":18,"turns":5},{"damage":1,"enemies":"3 Byrds","floor":22,"turns":4},{"damage":12,"enemies":"Book of Stabbing","floor":24,"turns":5},{"damage":3,"enemies":"Snake Plant","floor":27,"turns":2},{"damage":9,"enemies":"Centurion and Healer","floor":29,"turns":5},{"damage":21,"enemies":"Slaver and Parasite","floor":31,"turns":5},{"damage":48,"enemies":"Automaton","floor":33,"turns":10},{"damage":0,"enemies":"Orb Walker","floor":35,"turns":2},{"damage":2,"enemies":"3 Shapes","floor":38,"turns":4},{"damage":49,"enemies":"Nemesis","floor":40,"turns":6},{"damage":0,"enemies":"3 Darklings","floor":41,"turns":8},{"damage":10,"enemies":"4 Shapes","floor":47,"turns":5},{"damage":9,"enemies":"Sphere and 2 Shapes","floor":48,"turns":4},{"damage":86,"enemies":"Time Eater","floor":50,"turns":4}],"event_choices":[{"event_name":"The Woman in Blue","player_choice":"Bought 0 Potions","floor":5,"damage_taken":0},{"event_name":"The Library","player_choice":"Read","floor":19,"damage_taken":0},{"event_name":"The Joust","player_choice":"Bet on Owner","floor":28,"damage_taken":0},{"event_name":"Duplicator","player_choice":"One dupe","floor":36,"damage_taken":0},{"event_name":"Winding Halls","player_choice":"Embrace Madness","floor":39,"damage_taken":0}],"boss_relics":[{"not_picked":["Sozu","Lizard Tail"],"picked":"Cursed Key"},{"not_picked":["Snecko Eye","Runic Pyramid"],"picked":"White Beast Statue"}],"potions_floor_spawned":[1,2,11,12,18,24,29,35,38,40,41,47,48],"seed_played":"-4884845546496708865","killed_by":"Time Eater","ascension_level":5,"is_trial":false}