{"gold_per_floor":[117,129,79,93,105,105,127,127,151,169,14,14,27,47,47,148,148,158,0,12,26,26,26,46,46,46,46,46,56,75,109,109,205,205,215,21,35,54,54,54,68,84,108,108,128,128,57,0,0,0],"floor_reached":50,"playtime":2344,"items_purged":["Strike_R","Strike_R"],"score":458,"play_id":"59effe60-5c6a-4f99-9fab-969ca43e2fc0","local_time":"20190227212926","is_ascension_mode":false,"campfire_choices":[{"data":"Hemokinesis","floor":6,"key":"SMITH"},{"data":"Combust","floor":8,"key":"SMITH"},{"data":"Limit Break","floor":15,"key":"SMITH"},{"data":"Rupture","floor":23,"key":"SMITH"},{"data":"Combust","floor":25,"key":"SMITH"},{"floor":27,"key":"REST"},{"floor":32,"key":"REST"},{"floor":40,"key":"REST"},{"floor":44,"key":"REST"},{"floor":49,"key":"REST"}],"neow_cost":"NONE","seed_source_timestamp":1125710470955293,"circlet_count":0,"master_deck":["Strike_R","Strike_R","Defend_R","Defend_R","Defend_R","Defend_R","Bash","Hemokinesis+1","Rupture+1","Combust+1","Disarm","Shrug It Off","Flame Barrier","Limit Break+1","Sword Boomerang","Hemokinesis","Feed","Rupture+1","Bandage Up","Combust+1","Demon Form","Bandage Up","Disarm+1","Shrug It Off","Rupture+1","Pummel+1","Pummel"],"relics":["Black Blood","NeowsBlessing","Odd Mushroom","Bag of Preparation","Red Skull","Sozu","Bird Faced Urn","Ginger","Blood Vial","Red Mask"],"potions_floor_usage":[31,50,50],"damage_taken":[{"damage":0,"enemies":"Jaw Worm","floor":1,"turns":1},{"damage":0,"enemies":"2 Louse","floor":2,"turns":1},{"damage":3,"enemies":"Cultist","floor":4,"turns":1},{"damage":7,"enemies":"Exordium Wildlife","floor":5,"turns":3},{"damage":6,"enemies":"The Mushroom Lair","floor":7,"turns":3},{"damage":9,"enemies":"Red Slaver","floor":10,"turns":4},{"damage":9,"enemies":"2 Fungi Beasts","floor":13,"turns":3},{"damage":2,"enemies":"Blue Slaver","floor":14,"turns":6},{"damage":49,"enemies":"Hexaghost","floor":16,"turns":5},{"damage":17,"enemies":"Chosen","floor":18,"turns":4},{"damage":31,"enemies":"2 Thieves","floor":20,"turns":3},{"damage":15,"enemies":"Centurion and Healer","floor":21,"turns":5},{"damage":27,"enemies":"Shelled Parasite and Fungi","floor":24,"turns":7},{"damage":11,"enemies":"Sentry and Sphere","floor":29,"turns":3},{"damage":24,"enemies":"Centurion and Healer","floor":30,"turns":5},{"damage":46,"enemies":"Gremlin Leader","floor":31,"turns":6},{"damage":43,"enemies":"Champ","floor":33,"turns":6},{"damage":46,"enemies":"Orb Walker","floor":35,"turns":5},{"damage":44,"enemies":"3 Darklings","floor":37,"turns":4},{"damage":46,"enemies":"Maw","floor":38,"turns":6},{"damage":36,"enemies":"4 Shapes","floor":41,"turns":6},{"damage":35,"enemies":"Spire Growth","floor":42,"turns":6},{"damage":67,"enemies":"3 Darklings","floor":45,"turns":4},{"damage":65,"enemies":"Awakened One","floor":50,"turns":3}],"seed_played":"1713186391538874353","potions_obtained":[{"floor":4,"key":"Dexterity Potion"},{"floor":5,"key":"AttackPotion"},{"floor":10,"key":"EssenceOfSteel"}],"is_trial":false,"path_per_floor":["M","M","?","M","M","R","?","R","T","M","$","?","M","M","R","B",null,"M","$","M","M","?","R","M","R","T","R","?","M","M","E","R","B",null,"M","$","M","M","?","R","M","M","T","R","M","?","$","?","R","B"],"character_chosen":"IRONCLAD","items_purchased":["Limit Break","Bandage Up","Bandage Up","Pummel"],"campfire_rested":5,"item_purchase_floors":[11,19,36,47],"current_hp_per_floor":[80,80,80,80,79,79,79,79,79,76,76,76,73,77,77,34,80,69,69,48,46,46,46,32,32,32,57,57,60,54,29,55,32,89,59,59,41,21,21,47,42,35,35,62,25,25,25,25,52,0],"gold":0,"neow_bonus":"THREE_ENEMY_KILL","is_prod":false,"is_daily":false,"chose_seed":false,"campfire_upgraded":5,"win_rate":0,"timestamp":1551320966,"path_taken":["M","M","?","M","M","R","?","R","T","M","$","?","M","M","R","BOSS","M","$","M","M","?","R","M","R","T","R","?","M","?","E","R","BOSS","M","$","M","M","?","R","?","M","T","R","M","?","$","?","R","BOSS"],"build_version":"2019-01-23","purchased_purges":2,"victory":false,"max_hp_per_floor":[80,80,80,80,80,80,80,80,80,80,80,80,80,80,80,80,80,80,80,80,83,83,83,86,86,86,86,86,86,86,89,89,89,89,89,89,89,89,89,89,92,92,92,92,92,92,92,92,92,92],"card_choices":[{"not_picked":["Pommel Strike","Corruption"],"picked":"Hemokinesis","floor":1},{"not_picked":["Clothesline","True Grit"],"picked":"Rupture","floor":2},{"not_picked":["Anger","Evolve"],"picked":"Combust","floor":4},{"not_picked":["Havoc","Warcry"],"picked":"Disarm","floor":5},{"not_picked":["Dual Wield","Headbutt"],"picked":"Shrug It Off","floor":7},{"not_picked":["Rage","Body Slam"],"picked":"Flame Barrier","floor":10},{"not_picked":["Double Tap","Anger"],"picked":"Sword Boomerang","floor":13},{"not_picked":["Spot Weakness","Whirlwind"],"picked":"Hemokinesis","floor":14},{"not_picked":["Berserk","Juggernaut"],"picked":"Feed","floor":16},{"not_picked":["Warcry+1","Second Wind"],"picked":"Rupture","floor":18},{"not_picked":["Headbutt","Clash","Twin Strike+1"],"picked":"SKIP","floor":20},{"not_picked":["Headbutt","Armaments+1","Warcry+1"],"picked":"SKIP","floor":21},{"not_picked":["Heavy Blade+1","Havoc"],"picked":"Combust","floor":24},{"not_picked":["Infernal Blade+1","Body Slam","Perfected Strike+1"],"picked":"SKIP","floor":29},{"not_picked":["Whirlwind+1","Infernal Blade+1","Perfected Strike"],"picked":"SKIP","floor":30},{"not_picked":["Dropkick","Clash"],"picked":"Demon Form","floor":31},{"not_picked":["Armaments+1","Perfected Strike+1","Havoc+1"],"picked":"SKIP","floor":35},{"not_picked":["Anger+1","Flex+1"],"picked":"Disarm+1","floor":37},{"not_picked":["Reckless Charge","Spot Weakness+1"],"picked":"Shrug It Off","floor":38},{"not_picked":["Intimidate","Thunderclap+1","Feel No Pain"],"picked":"SKIP","floor":41},{"not_picked":["Warcry","Havoc"],"picked":"Pummel+1","floor":42},{"not_picked":["Pommel Strike","Warcry+1","Entrench"],"picked":"SKIP","floor":45}],"player_experience":1109832,"relics_obtained":[{"floor":7,"key":"Odd Mushroom"},{"floor":9,"key":"Bag of Preparation"},{"floor":26,"key":"Bird Faced Urn"},{"floor":31,"key":"Ginger"},{"floor":43,"key":"Blood Vial"}],"event_choices":[{"cards_removed":["Strike_R"],"damage_healed":0,"gold_gain":0,"player_choice":"Card Removal","damage_taken":0,"max_hp_gain":0,"max_hp_loss":0,"event_name":"The Cleric","floor":3,"gold_loss":50},{"damage_healed":0,"gold_gain":0,"player_choice":"Fought Mushrooms","damage_taken":0,"max_hp_gain":0,"max_hp_loss":0,"event_name":"Mushrooms","floor":7,"gold_loss":0},{"damage_healed":0,"gold_gain":0,"player_choice":"Searched \u00271\u0027 times","damage_taken":0,"relics_obtained":["Red Skull"],"max_hp_gain":0,"max_hp_loss":0,"event_name":"Dead Adventurer","floor":12,"gold_loss":0},{"damage_healed":0,"gold_gain":0,"player_choice":"Forge","damage_taken":0,"max_hp_gain":0,"max_hp_loss":0,"event_name":"Accursed Blacksmith","floor":28,"gold_loss":0,"cards_upgraded":["Rupture"]},{"damage_healed":0,"gold_gain":0,"player_choice":"Copied","damage_taken":0,"max_hp_gain":0,"max_hp_loss":0,"event_name":"Duplicator","floor":39,"gold_loss":0,"cards_obtained":["Rupture"]},{"damage_healed":0,"gold_gain":0,"player_choice":"Memory 1","damage_taken":0,"max_hp_gain":0,"max_hp_loss":0,"event_name":"SensoryStone","floor":46,"gold_loss":0},{"damage_healed":0,"gold_gain":0,"player_choice":"Paid","damage_taken":0,"relics_obtained":["Red Mask"],"max_hp_gain":0,"max_hp_loss":0,"event_name":"Tomb of Lord Red Mask","floor":48,"gold_loss":57}],"is_beta":false,"boss_relics":[{"not_picked":["Snecko Eye","Ectoplasm"],"picked":"Sozu"},{"not_picked":["Runic Dome","Coffee Dripper"],"picked":"Black Blood"}],"items_purged_floors":[19,36],"is_endless":false,"potions_floor_spawned":[4,5,10,13,16,18,21,29,33,37,38,45],"killed_by":"Awakened One","ascension_level":0}