{"path_per_floor":["M","T","?","$","M","R","E","R","T","M","?","M","R","M","R","B",null,"M","?","M","$","M","R","E","$","T","R","M","T","E","?","R","B",null,"M","M","M","?","M","E","R","E","T","R","?","R","M","M","R","B"],"character_chosen":"THE_SILENT","items_purchased":["Heel Hook+1","Backstab+1"],"gold_per_floor":[115,115,115,40,51,51,114,114,114,127,127,144,144,128,128,230,230,230,230,170,131,131,131,131,49,49,49,49,49,49,49,49,49,49,49,49,49,49,49,49,49,49,49,49,49,49,49,49,49,49],"floor_reached":51,"campfire_rested":2,"playtime":3192,"item_purchase_floors":[21,25],"current_hp_per_floor":[63,73,80,80,80,80,48,48,48,47,47,45,45,45,45,27,67,65,65,47,47,37,37,10,10,10,10,2,2,2,2,26,8,62,62,57,57,49,47,47,47,38,38,38,38,38,33,33,57,3],"items_purged":["Defend_G"],"gold":49,"score":1118,"play_id":"35ac2239-fd4d-434f-9d45-2bd534b1aace","local_time":"20180531012134","is_prod":false,"is_daily":false,"chose_seed":false,"is_ascension_mode":true,"campfire_upgraded":9,"win_rate":0,"timestamp":1527697294,"campfire_choices":[{"data":"Sucker Punch","floor":6.0,"key":"SMITH"},{"data":"Backflip","floor":8.0,"key":"SMITH"},{"data":"Survivor","floor":13.0,"key":"SMITH"},{"data":"Strike_G","floor":15.0,"key":"SMITH"},{"data":"After Image","floor":23,"key":"SMITH"},{"data":"Infinite Blades","floor":27,"key":"SMITH"},{"floor":32,"key":"REST"},{"data":"Infinite Blades","floor":41,"key":"SMITH"},{"data":"Backflip","floor":44,"key":"SMITH"},{"data":"Acrobatics","floor":46,"key":"SMITH"},{"floor":49,"key":"REST"}],"path_taken":["M","?","?","$","M","R","E","R","T","?","?","M","R","M","R","BOSS","M","?","M","?","?","R","E","$","T","R","?","?","E","?","R","BOSS","M","M","M","?","M","E","R","E","T","R","?","R","?","M","R","BOSS"],"build_version":"2018-05-24","seed_source_timestamp":0,"purchased_purges":1,"victory":true,"master_deck":["Defend_G","Defend_G","Defend_G","Defend_G","Strike_G+1","Strike_G","Strike_G","Strike_G","Strike_G","Survivor+1","Neutralize+1","Sucker Punch+1","Backflip+1","Flash of Steel+1","Dagger Throw+1","After Image+1","Blur+1","Infinite Blades+1","Heel Hook+1","Dagger Throw+1","Accuracy+1","Backstab+1","A Thousand Cuts+1","Die Die Die+1","Acrobatics+1","Infinite Blades+1","Flying Knee+1","Acrobatics+1","Accuracy+1","Backflip+1","Concentrate+1","Backflip+1","Tools of the Trade","Choke+1","Terror"],"max_hp_per_floor":[70,80,80,80,80,80,80,80,80,80,80,80,80,80,80,80,80,80,80,80,80,80,80,80,80,80,80,80,80,80,80,80,80,80,80,80,80,80,80,80,80,80,80,80,80,80,80,80,80,85],"relics":["Ring of the Snake","Pear","Tiny Chest","Molten Egg 2","Ectoplasm","Ice Cream","Mercury Hourglass","Bottled Lightning","Mummified Hand","Orrery","The Specimen","Letter Opener","Snake Skull","Vajra"],"card_choices":[{"not_picked":["PiercingWail","Riddle With Holes"],"picked":"Sucker Punch","floor":1.0},{"not_picked":["Underhanded Strike","Acrobatics","Phantasmal Killer"],"picked":"SKIP","floor":5.0},{"not_picked":["Noxious Fumes","PiercingWail"],"picked":"Backflip","floor":7.0},{"not_picked":["Deflect","Prepared","Blade Dance"],"picked":"SKIP","floor":10.0},{"not_picked":["PiercingWail","Sucker Punch+1","Masterful Stab+1"],"picked":"SKIP","floor":12.0},{"not_picked":["Dagger Spray+1","Calculated Gamble"],"picked":"Dagger Throw+1","floor":14.0},{"not_picked":["Envenom","Wraith Form v2"],"picked":"After Image","floor":16.0},{"not_picked":["PiercingWail","Noxious Fumes+1"],"picked":"Blur+1","floor":18.0},{"not_picked":["Finisher+1","Poisoned Stab+1"],"picked":"Infinite Blades","floor":20},{"not_picked":["Blur","Deflect"],"picked":"Dagger Throw+1","floor":22},{"not_picked":["Finisher+1","Dagger Throw+1"],"picked":"Accuracy+1","floor":24},{"not_picked":["Endless Agony+1","Dagger Spray+1","Predator+1"],"picked":"SKIP","floor":28},{"not_picked":["Sucker Punch+1","Deflect+1"],"picked":"A Thousand Cuts","floor":30},{"not_picked":["Glass Knife+1","Night Terror"],"picked":"Die Die Die+1","floor":33},{"not_picked":["Sucker Punch+1","Dodge and Roll"],"picked":"Acrobatics+1","floor":34},{"not_picked":["Dagger Throw+1","Outmaneuver"],"picked":"Infinite Blades","floor":34},{"not_picked":["Noxious Fumes","Skewer+1"],"picked":"Flying Knee+1","floor":34},{"not_picked":["Crippling Poison","Bane+1"],"picked":"Acrobatics","floor":34},{"not_picked":["Bane+1","Venomology"],"picked":"Accuracy+1","floor":35},{"not_picked":["Dagger Throw+1","Endless Agony+1"],"picked":"Backflip","floor":36},{"not_picked":["Dagger Spray+1","Leg Sweep+1"],"picked":"Concentrate+1","floor":37},{"not_picked":["Distraction+1","Outmaneuver"],"picked":"Backflip+1","floor":38},{"not_picked":["Setup","Catalyst+1","PiercingWail+1"],"picked":"SKIP","floor":39},{"not_picked":["Catalyst+1","Quick Slash+1","Dagger Throw+1"],"picked":"SKIP","floor":40},{"not_picked":["Poisoned Stab+1","Slice+1"],"picked":"Tools of the Trade","floor":42},{"not_picked":["Endless Agony+1","Dodge and Roll"],"picked":"Choke+1","floor":47},{"not_picked":["Eviscerate+1","Cloak And Dagger"],"picked":"Terror","floor":48}],"player_experience":697361,"potions_floor_usage":[24,33,33,40,42,50,50],"damage_taken":[{"damage":0.0,"enemies":"Cultist","floor":1.0,"turns":5.0},{"damage":0.0,"enemies":"2 Louse","floor":5.0,"turns":3.0},{"damage":32.0,"enemies":"Lagavulin","floor":7.0,"turns":8.0},{"damage":1.0,"enemies":"Jaw Worm","floor":10.0,"turns":3.0},{"damage":2.0,"enemies":"Blue Slaver","floor":12.0,"turns":3.0},{"damage":0.0,"enemies":"Exordium Thugs","floor":14.0,"turns":4.0},{"damage":18.0,"enemies":"Slime Boss","floor":16.0,"turns":9.0},{"damage":2.0,"enemies":"3 Byrds","floor":18.0,"turns":5.0},{"damage":18,"enemies":"2 Thieves","floor":20,"turns":4},{"damage":10,"enemies":"Snecko","floor":22,"turns":5},{"damage":27,"enemies":"Slavers","floor":24,"turns":6},{"damage":8,"enemies":"Centurion and Healer","floor":28,"turns":5},{"damage":0,"enemies":"Gremlin Leader","floor":30,"turns":7},{"damage":38,"enemies":"Automaton","floor":33,"turns":10},{"damage":0,"enemies":"Orb Walker","floor":35,"turns":3},{"damage":5,"enemies":"3 Shapes","floor":36,"turns":4},{"damage":0,"enemies":"Maw","floor":37,"turns":6},{"damage":8,"enemies":"Mysterious Sphere","floor":38,"turns":5},{"damage":2,"enemies":"Sphere and 2 Shapes","floor":39,"turns":3},{"damage":0,"enemies":"Giant Head","floor":40,"turns":6},{"damage":9,"enemies":"2 Orb Walkers","floor":42,"turns":3},{"damage":5,"enemies":"3 Darklings","floor":47,"turns":3},{"damage":0,"enemies":"Maw","floor":48,"turns":5},{"damage":59,"enemies":"Donu and Deca","floor":50,"turns":6}],"relics_obtained":[{"floor":2.0,"key":"Pear"},{"floor":7.0,"key":"Tiny Chest"},{"floor":9.0,"key":"Molten Egg 2"},{"floor":24,"key":"Ice Cream"},{"floor":26,"key":"Mercury Hourglass"},{"floor":29,"key":"Bottled Lightning"},{"floor":30,"key":"Mummified Hand"},{"floor":38,"key":"The Specimen"},{"floor":40,"key":"Letter Opener"},{"floor":42,"key":"Snake Skull"},{"floor":43,"key":"Vajra"}],"event_choices":[{"event_name":"Wheel of Change","player_choice":"Full Heal","floor":3.0,"damage_taken":0.0},{"event_name":"Match and Keep!","player_choice":"1 cards matched","floor":11.0,"damage_taken":0.0},{"event_name":"N\u0027loth","player_choice":"Ignored","floor":19.0,"damage_taken":0.0},{"event_name":"Accursed Blacksmith","player_choice":"Forge","floor":31,"damage_taken":0},{"event_name":"Mysterious Sphere","player_choice":"Fight","floor":38,"damage_taken":0},{"event_name":"Fountain of Cleansing","player_choice":"Removed Curse","floor":45,"damage_taken":0}],"boss_relics":[{"not_picked":["Calling Bell","Tiny House"],"picked":"Orrery"}],"items_purged_floors":[],"potions_floor_spawned":[5,14,16,18,28,30,33,37,38,39,48],"seed_played":"7733167144991947696","ascension_level":8,"potions_obtained":[{"floor":5.0,"key":"Fire Potion"},{"floor":14.0,"key":"FearPotion"},{"floor":16.0,"key":"PowerPotion"},{"floor":18.0,"key":"FairyPotion"},{"floor":28,"key":"EssenceOfSteel"},{"floor":30,"key":"Poison Potion"},{"floor":33,"key":"AttackPotion"},{"floor":37,"key":"Dexterity Potion"},{"floor":38,"key":"SpeedPotion"},{"floor":39,"key":"Strength Potion"},{"floor":48,"key":"Fruit Juice"}],"is_trial":false}