{"gold_per_floor":[116,116,142,161,15,15,15,15,15,27,40,40,52,227,227,325,325,336,347,95,10,10],"floor_reached":22,"playtime":822,"items_purged":["Strike_R","Doubt"],"score":191,"play_id":"c270f01f-2fe9-4460-a995-f2cbda702feb","local_time":"20181106003239","is_ascension_mode":true,"campfire_choices":[{"data":"Dropkick","floor":6,"key":"SMITH"},{"data":"Searing Blow","floor":12,"key":"SMITH"},{"data":"Searing Blow+1","floor":15,"key":"SMITH"}],"neow_cost":"NONE","seed_source_timestamp":190585171504785,"circlet_count":0,"master_deck":["Strike_R","Strike_R+1","Strike_R","Strike_R","Defend_R","Defend_R+1","Defend_R+1","Defend_R","Bash+1","Searing Blow+2","Dropkick+1","Thunderclap","Brutality"],"relics":["Burning Blood","Ancient Tea Set","War Paint","Paper Frog","White Beast Statue","Membership Card","Bag of Marbles"],"potions_floor_usage":[19,22,22],"damage_taken":[{"damage":6,"enemies":"Jaw Worm","floor":1,"turns":5},{"damage":0,"enemies":"Small Slimes","floor":4,"turns":3},{"damage":0,"enemies":"Cultist","floor":10,"turns":1},{"damage":26,"enemies":"Exordium Thugs","floor":11,"turns":4},{"damage":8,"enemies":"Lots of Slimes","floor":13,"turns":4},{"damage":27,"enemies":"Slime Boss","floor":16,"turns":10},{"damage":34,"enemies":"Shell Parasite","floor":18,"turns":6},{"damage":33,"enemies":"Spheric Guardian","floor":19,"turns":4},{"damage":25,"enemies":"Cultist and Chosen","floor":22,"turns":4}],"seed_played":"-26682489120330237","potions_obtained":[{"floor":1,"key":"Dexterity Potion"},{"floor":18,"key":"SkillPotion"},{"floor":19,"key":"Swift Potion"}],"is_trial":false,"path_per_floor":["M","?","T","M","$","R","$","$","T","M","M","R","M","?","R","B",null,"M","M","$","?","M"],"character_chosen":"IRONCLAD","items_purchased":["Dropkick","Membership Card"],"campfire_rested":0,"item_purchase_floors":[5,20],"current_hp_per_floor":[80,64,64,70,70,70,70,70,70,76,56,56,54,54,54,33,80,52,25,25,25,0],"gold":10,"neow_bonus":"RANDOM_COMMON_RELIC","is_prod":false,"is_daily":false,"chose_seed":false,"campfire_upgraded":3,"win_rate":0,"timestamp":1541482359,"path_taken":["M","?","?","M","$","R","?","$","T","M","M","R","M","?","R","BOSS","M","M","$","?","M"],"build_version":"2018-11-01","purchased_purges":2,"victory":false,"max_hp_per_floor":[80,80,80,80,80,80,80,80,80,80,80,80,80,80,80,80,80,80,80,80,80,80],"card_choices":[{"not_picked":["Bloodletting","Infernal Blade","Wild Strike"],"picked":"SKIP","floor":1},{"not_picked":["True Grit","Hemokinesis"],"picked":"Searing Blow","floor":4},{"not_picked":["Shockwave","Evolve","Hemokinesis"],"picked":"SKIP","floor":10},{"not_picked":["Cleave","Havoc"],"picked":"Thunderclap","floor":11},{"not_picked":["Spot Weakness","Evolve","Entrench"],"picked":"SKIP","floor":13},{"not_picked":["Double Tap","Dark Embrace"],"picked":"Brutality","floor":16},{"not_picked":["Bloodletting+1","Shockwave","Iron Wave"],"picked":"SKIP","floor":18},{"not_picked":["Pommel Strike","Heavy Blade","Flex"],"picked":"SKIP","floor":19}],"player_experience":748917,"relics_obtained":[{"floor":3,"key":"War Paint"},{"floor":9,"key":"Paper Frog"}],"event_choices":[{"damage_healed":0,"gold_gain":0,"player_choice":"Entered Light","damage_taken":16,"max_hp_gain":0,"max_hp_loss":0,"event_name":"Shining Light","floor":2,"gold_loss":0,"cards_upgraded":["Strike_R","Bash"]},{"damage_healed":0,"gold_gain":175,"player_choice":"AGREE","damage_taken":0,"max_hp_gain":0,"max_hp_loss":0,"event_name":"Liars Game","floor":14,"gold_loss":0,"cards_obtained":["Doubt"]},{"damage_healed":0,"gold_gain":0,"player_choice":"Obtained Relic","damage_taken":0,"relics_obtained":["Bag of Marbles"],"max_hp_gain":0,"max_hp_loss":0,"event_name":"Addict","floor":21,"gold_loss":85}],"is_beta":false,"boss_relics":[{"not_picked":["Orrery","Velvet Choker"],"picked":"White Beast Statue"}],"items_purged_floors":[5,20],"is_endless":false,"potions_floor_spawned":[1,18,19],"killed_by":"Cultist and Chosen","ascension_level":2}