{"gold_per_floor":[112,112,112,37,37,37,37,52,76,76,76,120,138,152,152,250,250,271,271],"floor_reached":19,"playtime":709,"items_purged":["Defend_R"],"score":305,"play_id":"618c7d4d-1d78-4eb1-9059-8582169895cf","local_time":"20190228201059","is_ascension_mode":true,"campfire_choices":[{"data":"Bash","floor":6.0,"key":"SMITH"},{"data":"Whirlwind","floor":10.0,"key":"SMITH"},{"data":"True Grit","floor":15,"key":"SMITH"}],"neow_cost":"NONE","seed_source_timestamp":0,"circlet_count":0,"master_deck":["AscendersBane","Strike_R","Strike_R","Strike_R","Strike_R","Strike_R","Defend_R","Defend_R+1","Defend_R+1","Bash+1","Impervious","Whirlwind+1","True Grit+1","Flex"],"special_seed":0,"relics":["Burning Blood","Golden Idol","War Paint","Strawberry","Matryoshka","Black Star"],"potions_floor_usage":[12,18,18],"damage_taken":[{"damage":4.0,"enemies":"Small Slimes","floor":1.0,"turns":4.0},{"damage":4.0,"enemies":"Jaw Worm","floor":8.0,"turns":3.0},{"damage":10,"enemies":"3 Sentries","floor":12,"turns":2},{"damage":0,"enemies":"2 Louse","floor":13,"turns":1},{"damage":5,"enemies":"Exordium Thugs","floor":14,"turns":5},{"damage":52,"enemies":"Slime Boss","floor":16,"turns":10},{"damage":44,"enemies":"Shell Parasite","floor":18,"turns":8},{"damage":38,"enemies":"Colosseum Slavers","floor":19,"turns":4}],"seed_played":"-2669400053709705891","potions_obtained":[{"floor":1.0,"key":"Ancient Potion"},{"floor":8.0,"key":"GamblersBrew"},{"floor":14,"key":"Block Potion"},{"floor":16,"key":"Block Potion"},{"floor":18,"key":"SteroidPotion"}],"is_trial":false,"path_per_floor":["M","?","?","$","$","R","?","M","T","R","?","E","M","M","R","B",null,"M","?"],"character_chosen":"IRONCLAD","items_purchased":[],"campfire_rested":0,"item_purchase_floors":[],"current_hp_per_floor":[70,75,47,47,47,47,47,49,56,56,56,52,58,59,59,13,69,31,0],"gold":271,"neow_bonus":"ONE_RANDOM_RARE_CARD","is_prod":false,"is_daily":false,"chose_seed":false,"campfire_upgraded":3,"win_rate":0,"timestamp":1551352259,"path_taken":["M","?","?","?","$","R","?","?","T","R","?","E","M","M","R","BOSS","M","?"],"build_version":"2019-01-23","purchased_purges":1,"victory":false,"max_hp_per_floor":[75,80,80,80,80,80,80,80,87,87,87,87,87,87,87,87,87,87,87],"card_choices":[{"not_picked":["Entrench","Bloodletting","Warcry"],"picked":"SKIP","floor":1.0},{"not_picked":["Sword Boomerang","Pommel Strike"],"picked":"Whirlwind","floor":8.0},{"not_picked":["Flame Barrier","Power Through"],"picked":"True Grit","floor":12},{"not_picked":["Dual Wield","Sword Boomerang","Wild Strike"],"picked":"SKIP","floor":13},{"not_picked":["Disarm","Evolve","Headbutt"],"picked":"SKIP","floor":14},{"not_picked":["Iron Wave","Heavy Blade"],"picked":"Flex","floor":18}],"player_experience":948654,"relics_obtained":[{"floor":9.0,"key":"Strawberry"},{"floor":12,"key":"Matryoshka"}],"event_choices":[{"damage_healed":0.0,"max_hp_gain":5.0,"max_hp_loss":0.0,"gold_gain":0.0,"event_name":"Big Fish","player_choice":"Donut","floor":2.0,"gold_loss":0.0,"damage_taken":0.0},{"damage_healed":0.0,"max_hp_gain":0.0,"max_hp_loss":0.0,"gold_gain":0.0,"event_name":"Golden Idol","player_choice":"Take Damage","floor":3.0,"gold_loss":0.0,"damage_taken":28.0,"relics_obtained":["Golden Idol"]},{"damage_healed":0.0,"max_hp_gain":0.0,"max_hp_loss":0.0,"gold_gain":0.0,"event_name":"WeMeetAgain","player_choice":"Gave Potion","floor":7.0,"gold_loss":0.0,"damage_taken":0.0,"relics_obtained":["War Paint"]},{"damage_healed":0.0,"max_hp_gain":0.0,"max_hp_loss":0.0,"gold_gain":0.0,"event_name":"Dead Adventurer","player_choice":"Searched \u00270\u0027 times","floor":11.0,"gold_loss":0.0,"damage_taken":0.0},{"damage_healed":0,"gold_gain":0,"player_choice":"Fight","damage_taken":0,"max_hp_gain":0,"max_hp_loss":0,"event_name":"Colosseum","floor":19,"gold_loss":0}],"is_beta":false,"boss_relics":[{"not_picked":["Eternal Feather","Runic Cube"],"picked":"Black Star"}],"items_purged_floors":[4],"is_endless":false,"potions_floor_spawned":[1,8,14,16,18],"killed_by":"Colosseum Slavers","ascension_level":17}