{"gold_per_floor":[117,117,131,131,51,78,93,93,93,93,110,123,73,93,93,188,188,207,223,223,240,260,260,260,260,283,283,308,223,257,268,268,365,365,375,597,597,597,316,316,349,349,349,29,129,129,142,162,162,162],"floor_reached":51,"playtime":1811,"items_purged":["Strike_G+1","Strike_G+1"],"score":778,"play_id":"d0b48010-7357-4f45-984c-2820013a2a63","local_time":"20190302185236","is_ascension_mode":true,"campfire_choices":[{"data":"Noxious Fumes","floor":8.0,"key":"SMITH"},{"data":"Leg Sweep","floor":10.0,"key":"SMITH"},{"data":"Bane","floor":15.0,"key":"SMITH"},{"data":"Bane","floor":23.0,"key":"SMITH"},{"data":"Neutralize","floor":25.0,"key":"SMITH"},{"data":"Survivor","floor":27.0,"key":"SMITH"},{"floor":32.0,"key":"REST"},{"floor":40,"key":"REST"},{"floor":42,"key":"REST"},{"data":"Footwork","floor":46,"key":"SMITH"},{"floor":49,"key":"REST"}],"neow_cost":"NONE","seed_source_timestamp":679198254504800,"circlet_count":0,"master_deck":["Defend_G+1","Defend_G+1","Defend_G+1","Defend_G+1","Defend_G+1","Survivor+1","Neutralize+1","Bane+1","Leg Sweep+1","Noxious Fumes+1","Bane+1","Deadly Poison+1","Deadly Poison+1","Bullet Time+1","Dodge and Roll+1","Footwork+1","Backflip+1","Dodge and Roll+1","Corpse Explosion+1","Backflip+1","Finesse+1","Backstab+1","Footwork+1","Prepared+1","Finesse+1","Acrobatics+1"],"special_seed":0,"relics":["Ring of the Snake","NeowsBlessing","Mummified Hand","Toxic Egg 2","WristBlade","Vajra","Juzu Bracelet","Lantern","Red Mask","Empty Cage","Bottled Tornado","TwistedFunnel","War Paint","Orichalcum","The Specimen"],"potions_floor_usage":[50],"damage_taken":[{"damage":0.0,"enemies":"2 Louse","floor":1.0,"turns":1.0},{"damage":0.0,"enemies":"Cultist","floor":3.0,"turns":1.0},{"damage":0.0,"enemies":"Gremlin Nob","floor":6.0,"turns":1.0},{"damage":0.0,"enemies":"Jaw Worm","floor":7.0,"turns":4.0},{"damage":0.0,"enemies":"3 Louse","floor":11.0,"turns":3.0},{"damage":1.0,"enemies":"Lots of Slimes","floor":12.0,"turns":3.0},{"damage":1.0,"enemies":"Blue Slaver","floor":14.0,"turns":4.0},{"damage":2.0,"enemies":"The Guardian","floor":16.0,"turns":9.0},{"damage":0.0,"enemies":"Chosen","floor":18.0,"turns":5.0},{"damage":0.0,"enemies":"2 Thieves","floor":19.0,"turns":3.0},{"damage":3.0,"enemies":"Centurion and Healer","floor":21.0,"turns":7.0},{"damage":0.0,"enemies":"Snecko","floor":22.0,"turns":4.0},{"damage":10.0,"enemies":"Gremlin Leader","floor":28.0,"turns":6.0},{"damage":8.0,"enemies":"Masked Bandits","floor":30.0,"turns":6.0},{"damage":1.0,"enemies":"Snake Plant","floor":31.0,"turns":3.0},{"damage":33.0,"enemies":"Champ","floor":33.0,"turns":13.0},{"damage":24,"enemies":"3 Darklings","floor":35,"turns":4},{"damage":23,"enemies":"Giant Head","floor":41,"turns":11},{"damage":0,"enemies":"Mind Bloom Boss Battle","floor":45,"turns":7},{"damage":0,"enemies":"Orb Walker","floor":47,"turns":3},{"damage":0,"enemies":"Writhing Mass","floor":48,"turns":5},{"damage":12,"enemies":"Donu and Deca","floor":50,"turns":7}],"seed_played":"-445934253901289015","potions_obtained":[{"floor":3.0,"key":"Fire Potion"},{"floor":6.0,"key":"GamblersBrew"},{"floor":11.0,"key":"SpeedPotion"},{"floor":14.0,"key":"Block Potion"},{"floor":18.0,"key":"SkillPotion"},{"floor":21.0,"key":"PowerPotion"},{"floor":22.0,"key":"AttackPotion"},{"floor":45,"key":"LiquidBronze"}],"is_trial":false,"path_per_floor":["M","?","M","?","$","E","M","R","T","R","M","M","?","M","R","B",null,"M","M","?","M","M","R","?","R","T","R","E","?","?","M","R","B",null,"M","?","?","T","$","R","E","R","T","$","?","R","M","M","R","B",null],"character_chosen":"THE_SILENT","items_purchased":["Noxious Fumes","TwistedFunnel","Footwork","Prepared+1","Finesse+1"],"campfire_rested":4,"item_purchase_floors":[5,39,44,44,44],"current_hp_per_floor":[70,56,56,49,49,49,49,49,49,49,49,48,48,47,47,45,70,70,70,70,67,67,67,67,67,67,67,57,57,49,48,69,36,70,46,46,36,36,36,57,34,55,55,55,55,55,55,55,70,58],"gold":162,"neow_bonus":"THREE_ENEMY_KILL","is_prod":false,"is_daily":false,"chose_seed":false,"campfire_upgraded":7,"win_rate":0,"timestamp":1551549156,"path_taken":["M","?","M","?","$","E","?","R","T","R","M","M","?","M","R","BOSS","M","M","?","M","?","R","?","R","T","R","E","?","?","M","R","BOSS","M","?","?","?","$","R","E","R","T","$","?","R","M","M","R","BOSS"],"build_version":"2019-02-06","purchased_purges":2,"victory":true,"max_hp_per_floor":[70,70,70,70,70,70,70,70,70,70,70,70,70,70,70,70,70,70,70,70,70,70,70,70,70,70,70,70,70,70,70,70,70,70,70,70,70,70,70,70,70,70,70,70,70,70,70,70,70,70],"card_choices":[{"not_picked":["Prepared","Blade Dance"],"picked":"Bane","floor":1.0},{"not_picked":["Acrobatics","Quick Slash"],"picked":"Leg Sweep","floor":3.0},{"not_picked":["Poisoned Stab","Dagger Spray","Underhanded Strike"],"picked":"SKIP","floor":6.0},{"not_picked":["Slice","Poisoned Stab"],"picked":"Bane","floor":7.0},{"not_picked":["Dagger Spray","Poisoned Stab"],"picked":"Deadly Poison+1","floor":11.0},{"not_picked":["Glass Knife","Eviscerate","Quick Slash"],"picked":"SKIP","floor":12.0},{"not_picked":["Underhanded Strike","PiercingWail+1"],"picked":"Deadly Poison+1","floor":14.0},{"not_picked":["A Thousand Cuts","Venomology+1"],"picked":"Bullet Time+1","floor":16.0},{"not_picked":["Blade Dance+1","Heel Hook"],"picked":"Dodge and Roll+1","floor":18.0},{"not_picked":["Dagger Spray","Leg Sweep+1"],"picked":"Footwork+1","floor":19.0},{"not_picked":["Dagger Throw","Flying Knee","Blade Dance+1"],"picked":"SKIP","floor":21.0},{"not_picked":["Flechettes+1","Die Die Die","Blade Dance+1"],"picked":"SKIP","floor":22.0},{"not_picked":["Underhanded Strike","Reflex+1","Riddle With Holes"],"picked":"SKIP","floor":28.0},{"not_picked":["Acrobatics+1","Deadly Poison+1"],"picked":"Dodge and Roll+1","floor":31.0},{"not_picked":["Die Die Die","Bullet Time+1"],"picked":"Corpse Explosion+1","floor":33.0},{"not_picked":["Bane","Cloak And Dagger+1"],"picked":"Backflip+1","floor":35},{"not_picked":["The Bomb+1","Magnetism"],"picked":"Finesse+1","floor":37},{"not_picked":["Distraction+1","Bane"],"picked":"Backstab+1","floor":41},{"not_picked":["Cloak And Dagger+1","Quick Slash+1"],"picked":"Acrobatics+1","floor":45},{"not_picked":["Dagger Throw+1","Dodge and Roll+1","Backflip+1"],"picked":"SKIP","floor":47},{"not_picked":["Concentrate+1","Grand Finale","Outmaneuver+1"],"picked":"SKIP","floor":48}],"player_experience":293442,"relics_obtained":[{"floor":6.0,"key":"Mummified Hand"},{"floor":9.0,"key":"Toxic Egg 2"},{"floor":26.0,"key":"Vajra"},{"floor":28.0,"key":"Juzu Bracelet"},{"floor":30.0,"key":"Red Mask"},{"floor":38,"key":"Bottled Tornado"},{"floor":41,"key":"War Paint"},{"floor":43,"key":"Orichalcum"},{"floor":45,"key":"The Specimen"}],"event_choices":[{"damage_healed":0.0,"max_hp_gain":0.0,"max_hp_loss":0.0,"gold_gain":0.0,"event_name":"Shining Light","player_choice":"Entered Light","floor":2.0,"gold_loss":0.0,"damage_taken":14.0,"cards_upgraded":["Strike_G","Defend_G"]},{"damage_healed":0.0,"max_hp_gain":0.0,"max_hp_loss":0.0,"gold_gain":0.0,"event_name":"Wheel of Change","player_choice":"Damaged","floor":4.0,"gold_loss":0.0,"damage_taken":7.0},{"cards_removed":["Strike_G"],"damage_healed":0.0,"max_hp_gain":0.0,"max_hp_loss":0.0,"gold_gain":0.0,"event_name":"The Cleric","player_choice":"Card Removal","floor":13.0,"gold_loss":50.0,"damage_taken":0.0},{"damage_healed":0.0,"max_hp_gain":0.0,"max_hp_loss":0.0,"gold_gain":0.0,"event_name":"Match and Keep!","player_choice":"1 cards matched","floor":20.0,"gold_loss":0.0,"damage_taken":0.0,"cards_obtained":["Backflip"]},{"damage_healed":0.0,"max_hp_gain":0.0,"max_hp_loss":0.0,"gold_gain":0.0,"event_name":"Back to Basics","player_choice":"Simplicity","floor":24.0,"gold_loss":0.0,"damage_taken":0.0,"cards_upgraded":["Defend_G","Defend_G","Defend_G","Defend_G","Strike_G","Strike_G","Strike_G"]},{"damage_healed":0.0,"max_hp_gain":0.0,"max_hp_loss":0.0,"gold_gain":0.0,"event_name":"Addict","player_choice":"Obtained Relic","floor":29.0,"gold_loss":85.0,"damage_taken":0.0,"relics_obtained":["Lantern"]},{"damage_healed":0.0,"max_hp_gain":0.0,"max_hp_loss":0.0,"gold_gain":0.0,"event_name":"Masked Bandits","player_choice":"Fought Bandits","floor":30.0,"gold_loss":0.0,"damage_taken":0.0},{"damage_healed":0,"gold_gain":222,"player_choice":"Wore Mask","damage_taken":0,"max_hp_gain":0,"max_hp_loss":0,"event_name":"Tomb of Lord Red Mask","floor":36,"gold_loss":0},{"damage_healed":0,"gold_gain":0,"player_choice":"Memory 3","damage_taken":10,"max_hp_gain":0,"max_hp_loss":0,"event_name":"SensoryStone","floor":37,"gold_loss":0},{"damage_healed":0,"gold_gain":0,"player_choice":"Fight","damage_taken":0,"max_hp_gain":0,"max_hp_loss":0,"event_name":"MindBloom","floor":45,"gold_loss":0}],"is_beta":true,"boss_relics":[{"not_picked":["Runic Dome","Philosopher\u0027s Stone"],"picked":"WristBlade"},{"not_picked":["White Beast Statue","Ring of the Serpent"],"picked":"Empty Cage"}],"items_purged_floors":[39,44],"is_endless":false,"potions_floor_spawned":[3,6,11,14,16,18,21,22,45],"ascension_level":1}