{"path_per_floor":["M","?","T","?","M","$","?","?","T","$","T","R","$","M","R","B",null,"M","M","M","$","?","R","?","?","T","$","M","R"],"character_chosen":"DEFECT","items_purchased":["Ball Lightning","Cold Snap","Static Discharge","Blizzard","Skim","Capacitor","Loop"],"gold_per_floor":[111,111,138,88,107,6,6,81,149,42,65,65,39,55,55,160,160,175,193,207,80,30,30,30,130,130,51,71,71,71],"floor_reached":30,"campfire_rested":1,"playtime":1305,"current_hp_per_floor":[75,75,75,75,71,71,71,60,60,60,60,60,60,60,60,41,75,62,43,29,29,29,29,29,29,29,29,7,29,0],"items_purged":["Blizzard"],"gold":71,"score":214,"play_id":"e1c2d26b-e155-4c8b-832c-4fd6a90439b0","local_time":"20180426205606","is_prod":false,"is_daily":false,"chose_seed":false,"is_ascension_mode":false,"campfire_upgraded":3,"timestamp":1524790566,"path_taken":["M","?","?","?","M","?","?","?","T","$","?","R","$","M","R","BOSS","M","M","M","$","?","R","?","?","T","$","M","R","M"],"build_version":"2018-04-26","seed_source_timestamp":1060115687044623,"purchased_purges":1,"victory":false,"master_deck":["Strike_B+1","Strike_B+1","Defend_B","Defend_B","Defend_B","Zap","Dualcast","Barrage+1","Coolheaded","Ball Lightning","Cold Snap","Static Discharge","Skim","Capacitor+1","Fusion","Sweeping Beam+1","Barrage","Capacitor+1","Loop","Stack","Coolheaded+1"],"max_hp_per_floor":[75,75,75,75,75,75,75,75,75,75,75,75,75,75,75,75,75,75,75,75,75,75,75,75,75,75,75,75,75,75],"relics":["Cracked Core","Whetstone","Dodecahedron","Dream Catcher","Nuclear Battery","Juzu Bracelet"],"card_choices":[{"not_picked":["Conserve Battery","Stack"],"picked":"Barrage","floor":1},{"not_picked":["Axe Kick","Melter"],"picked":"Coolheaded","floor":5},{"not_picked":["Hello World","Stack"],"picked":"Capacitor","floor":14},{"not_picked":["Prime","Fission"],"picked":"Fusion","floor":16},{"not_picked":["Beam Cell","Skim"],"picked":"Sweeping Beam","floor":18},{"not_picked":["Hologram","Axe Kick"],"picked":"Barrage","floor":19},{"not_picked":["Skim","Streamline"],"picked":"Stack","floor":28},{"not_picked":["Multi-Cast","Hologram"],"picked":"Coolheaded","floor":29}],"player_experience":1685,"potions_floor_usage":[16,19],"damage_taken":[{"damage":0,"enemies":"Small Slimes","floor":1,"turns":3},{"damage":4,"enemies":"Cultist","floor":5,"turns":4},{"damage":0,"enemies":"2 Louse","floor":14,"turns":2},{"damage":19,"enemies":"Slime Boss","floor":16,"turns":7},{"damage":13,"enemies":"Chosen","floor":18,"turns":5},{"damage":19,"enemies":"2 Thieves","floor":19,"turns":3},{"damage":14,"enemies":"Centurion and Healer","floor":20,"turns":6},{"damage":22,"enemies":"Chosen and Byrds","floor":28,"turns":4},{"damage":35,"enemies":"Snake Plant","floor":30,"turns":4}],"event_choices":[{"event_name":"Wheel of Change","player_choice":"Card Removal","floor":2,"damage_taken":0},{"event_name":"The Cleric","player_choice":"Card Removal","floor":4,"damage_taken":0},{"event_name":"Transmorgrifier","player_choice":"Transform","floor":7,"damage_taken":0},{"event_name":"World of Goop","player_choice":"Gather Gold","floor":8,"damage_taken":0},{"event_name":"The Joust","player_choice":"Bet on Murderer","floor":22,"damage_taken":0},{"event_name":"Purifier","player_choice":"One Purge","floor":24,"damage_taken":0},{"event_name":"Golden Shrine","player_choice":"Pray","floor":25,"damage_taken":0}],"boss_relics":[{"not_picked":["Snecko Eye","Lizard Tail"],"picked":"Nuclear Battery"}],"potions_floor_spawned":[5,16,20],"seed_played":"-2521385689733614822","killed_by":"Snake Plant","ascension_level":0,"is_trial":false}