{"gold_per_floor":[111,126,76,90,90,90,90,90,90,90,111,131,131,146,146,270,270,291,291,54,72,93,109,132,155,155,155],"floor_reached":27,"playtime":1326,"items_purged":["Strike_R"],"score":209,"play_id":"186258df-14f1-46ab-a395-e8b4bea2383f","local_time":"20181016135453","is_ascension_mode":false,"campfire_choices":[{"data":"Fiend Fire","floor":6,"key":"SMITH"},{"data":"Heavy Blade","floor":8,"key":"SMITH"},{"data":"Bash","floor":10,"key":"SMITH"},{"floor":15,"key":"REST"}],"neow_cost":"NONE","seed_source_timestamp":555787403606990,"circlet_count":0,"master_deck":["Strike_R","Strike_R","Strike_R","Defend_R","Defend_R","Defend_R","Defend_R","Bash+1","Fiend Fire+1","Thunderclap","Heavy Blade+1","Body Slam","Dual Wield","Demon Form","Offering","Burning Pact","Metallicize","Disarm","Pummel"],"relics":["Burning Blood","Golden Idol","Magic Flower","Oddly Smooth Stone","Blood Vial","Sozu","Pen Nib"],"potions_floor_usage":[16,16,24],"damage_taken":[{"damage":3,"enemies":"Jaw Worm","floor":1,"turns":3},{"damage":1,"enemies":"2 Louse","floor":2,"turns":4},{"damage":5,"enemies":"Small Slimes","floor":4,"turns":3},{"damage":10,"enemies":"Looter","floor":11,"turns":2},{"damage":7,"enemies":"Blue Slaver","floor":12,"turns":3},{"damage":18,"enemies":"Exordium Thugs","floor":14,"turns":5},{"damage":57,"enemies":"The Guardian","floor":16,"turns":12},{"damage":14,"enemies":"Chosen","floor":18,"turns":5},{"damage":20,"enemies":"Shell Parasite","floor":21,"turns":4},{"damage":24,"enemies":"Snecko","floor":22,"turns":4},{"damage":20,"enemies":"Snake Plant","floor":23,"turns":4},{"damage":36,"enemies":"Cultist and Chosen","floor":24,"turns":6},{"damage":15,"enemies":"Shelled Parasite and Fungi","floor":25,"turns":7},{"damage":23,"enemies":"3 Cultists","floor":27,"turns":3}],"seed_played":"-7769319601775648006","potions_obtained":[{"floor":2,"key":"AttackPotion"},{"floor":14,"key":"FearPotion"},{"floor":16,"key":"Fire Potion"}],"is_trial":false,"path_per_floor":["M","M","?","M","?","R","?","R","T","R","M","M","T","M","R","B",null,"M","?","$","M","M","M","M","M","T"],"character_chosen":"IRONCLAD","items_purchased":["Offering"],"campfire_rested":1,"item_purchase_floors":[20],"current_hp_per_floor":[80,80,80,80,60,60,48,48,48,48,47,49,49,43,67,22,80,75,75,75,67,55,47,23,20,20,0],"gold":155,"neow_bonus":"ONE_RANDOM_RARE_CARD","is_prod":false,"is_daily":false,"chose_seed":false,"campfire_upgraded":3,"win_rate":0,"timestamp":1539712493,"path_taken":["M","M","?","M","?","R","?","R","T","R","M","M","?","?","R","BOSS","M","?","$","M","M","M","M","?","T","M"],"build_version":"2018-10-11","purchased_purges":1,"victory":false,"max_hp_per_floor":[80,80,80,80,80,80,80,80,80,80,80,80,80,80,80,80,80,80,80,80,80,80,80,80,80,80,80],"card_choices":[{"not_picked":["Pommel Strike","Iron Wave"],"picked":"Thunderclap","floor":1},{"not_picked":["Anger","Seeing Red","Warcry"],"picked":"SKIP","floor":2},{"not_picked":["Twin Strike","Flame Barrier"],"picked":"Heavy Blade","floor":4},{"not_picked":["Armaments","Twin Strike","Pummel"],"picked":"SKIP","floor":11},{"not_picked":["Headbutt","Clothesline"],"picked":"Body Slam","floor":12},{"not_picked":["Wild Strike","Headbutt"],"picked":"Dual Wield","floor":14},{"not_picked":["Exhume","Dark Embrace"],"picked":"Demon Form","floor":16},{"not_picked":["Headbutt","Searing Blow","Clash"],"picked":"SKIP","floor":18},{"not_picked":["Thunderclap","Cleave"],"picked":"Burning Pact","floor":21},{"not_picked":["Pommel Strike","Battle Trance+1"],"picked":"Metallicize","floor":22},{"not_picked":["Immolate","Fire Breathing"],"picked":"Disarm","floor":23},{"not_picked":["Armaments","Flame Barrier","Body Slam+1"],"picked":"SKIP","floor":24},{"not_picked":["Hemokinesis+1","Perfected Strike"],"picked":"Pummel","floor":25}],"player_experience":625944,"relics_obtained":[{"floor":9,"key":"Oddly Smooth Stone"},{"floor":13,"key":"Blood Vial"},{"floor":26,"key":"Pen Nib"}],"event_choices":[{"event_name":"The Cleric","player_choice":"Card Removal","floor":3,"damage_taken":0},{"event_name":"Golden Idol","player_choice":"Take Damage","floor":5,"damage_taken":0},{"event_name":"Scrap Ooze","player_choice":"success","floor":7,"damage_taken":12},{"event_name":"N\u0027loth","player_choice":"Ignored","floor":19,"damage_taken":0}],"is_beta":false,"boss_relics":[{"not_picked":["Mark of Pain","Philosopher\u0027s Stone"],"picked":"Sozu"}],"items_purged_floors":[20],"is_endless":false,"potions_floor_spawned":[2,14,16,23,24],"killed_by":"3 Cultists","ascension_level":0}