{"path_per_floor":["M","?","?","$","M","E","R","$","T","R","?","?","T","M","R","B",null,"M","M","?","?","M","R","M","M","T","$","M","M","$","M","R","B",null,"M","$","?","T","M","R","M","M","T","M","?","M","?","M","R"],"character_chosen":"THE_SILENT","items_purchased":["Dash","Noxious Fumes","PiercingWail","Footwork","Singing Bowl","Escape Plan","Noxious Fumes"],"gold_per_floor":[214,214,214,59,72,105,105,20,20,20,195,195,195,215,215,315,315,334,344,344,344,355,355,374,386,386,58,73,88,21,37,37,132,132,152,71,71,96,109,109,120,134,215,229,0,15,15,28,28,28],"floor_reached":50,"campfire_rested":4,"playtime":7243,"current_hp_per_floor":[61,54,40,40,36,1,22,22,22,43,43,40,50,48,48,25,66,60,62,62,62,57,57,52,46,46,46,38,27,27,40,65,26,70,56,56,56,56,62,62,29,43,43,52,52,31,54,35,63,0],"items_purged":["Defend_G","Defend_G"],"gold":28,"score":630,"play_id":"01b29619-4f52-4d72-86ea-58b4cb85b674","local_time":"20180417202230","is_prod":false,"is_daily":false,"chose_seed":false,"is_ascension_mode":true,"campfire_upgraded":3,"timestamp":1524010950,"path_taken":["M","?","?","$","?","E","R","$","T","R","?","?","?","?","R","BOSS","M","M","?","?","?","R","M","M","T","$","M","M","$","M","R","BOSS","M","$","?","?","M","R","M","M","T","M","?","M","?","M","R","BOSS"],"build_version":"2018-04-12","seed_source_timestamp":274582749014079,"purchased_purges":2,"victory":false,"master_deck":["Defend_G","Defend_G+1","Defend_G","Survivor","Neutralize","Riddle With Holes","Dash","Cloak And Dagger","After Image","Noxious Fumes+1","PiercingWail","Prepared","A Thousand Cuts+1","Backflip","Cloak And Dagger","Noxious Fumes+1","Bite","Bite","Bite","Bite","Bite","Backflip","Footwork","Bouncing Flask","Escape Plan","Bullet Time","Backstab","Noxious Fumes","Apotheosis+1","Infinite Blades"],"max_hp_per_floor":[70,70,70,70,70,70,70,70,70,70,70,70,80,80,80,80,80,80,80,80,80,80,80,80,80,80,80,82,82,82,84,84,84,84,84,84,84,84,86,86,86,88,88,90,90,92,92,94,94,94],"relics":["Ring of the Snake","Shovel","Omamori","Pear","Philosopher\u0027s Stone","Blue Candle","Singing Bowl","Sozu","Bronze Scales","Mercury Hourglass","Red Mask"],"card_choices":[{"not_picked":["Masterful Stab","Poisoned Stab"],"picked":"Riddle With Holes","floor":1},{"not_picked":["Dagger Throw","Dodge and Roll"],"picked":"Cloak And Dagger","floor":5},{"not_picked":["Heel Hook","Adrenaline"],"picked":"After Image","floor":6},{"not_picked":["Endless Agony","Acrobatics"],"picked":"Prepared","floor":14},{"not_picked":["Tactician","Adrenaline"],"picked":"A Thousand Cuts","floor":16},{"not_picked":["Poisoned Stab","Sucker Punch"],"picked":"Backflip","floor":18},{"not_picked":["Poisoned Stab","Doppelganger"],"picked":"Cloak And Dagger","floor":19},{"not_picked":["Prepared","Outmaneuver"],"picked":"Backflip","floor":25},{"not_picked":["Catalyst","PiercingWail"],"picked":"Bouncing Flask","floor":29},{"not_picked":["Phantasmal Killer","Night Terror"],"picked":"Bullet Time","floor":33},{"not_picked":["Sucker Punch","Deflect"],"picked":"Backstab","floor":35},{"not_picked":["Deep Breath","Jack Of All Trades"],"picked":"Apotheosis","floor":37},{"not_picked":["Backstab","Underhanded Strike"],"picked":"Infinite Blades","floor":41}],"player_experience":462805,"potions_floor_usage":[19,28,33,33,33,44],"damage_taken":[{"damage":2,"enemies":"Jaw Worm","floor":1,"turns":4},{"damage":4,"enemies":"Small Slimes","floor":5,"turns":4},{"damage":35,"enemies":"Lagavulin","floor":6,"turns":9},{"damage":4,"enemies":"2 Louse","floor":14,"turns":3},{"damage":25,"enemies":"The Guardian","floor":16,"turns":13},{"damage":8,"enemies":"Shell Parasite","floor":18,"turns":7},{"damage":0,"enemies":"Chosen","floor":19,"turns":5},{"damage":23,"enemies":"Sentry and Sphere","floor":22,"turns":7},{"damage":13,"enemies":"3 Cultists","floor":24,"turns":4},{"damage":18,"enemies":"Centurion and Healer","floor":25,"turns":5},{"damage":20,"enemies":"Snake Plant","floor":28,"turns":5},{"damage":23,"enemies":"Cultist and Chosen","floor":29,"turns":7},{"damage":3,"enemies":"Centurion and Healer","floor":31,"turns":7},{"damage":61,"enemies":"Automaton","floor":33,"turns":11},{"damage":24,"enemies":"3 Darklings","floor":35,"turns":5},{"damage":5,"enemies":"3 Shapes","floor":39,"turns":3},{"damage":37,"enemies":"3 Darklings","floor":41,"turns":4},{"damage":9,"enemies":"Maw","floor":42,"turns":6},{"damage":5,"enemies":"Sphere and 2 Shapes","floor":44,"turns":5},{"damage":34,"enemies":"3 Darklings","floor":46,"turns":4},{"damage":23,"enemies":"4 Shapes","floor":48,"turns":4},{"damage":100,"enemies":"Donu and Deca","floor":50,"turns":7}],"event_choices":[{"event_name":"Golden Wing","player_choice":"Card Removal","floor":2,"damage_taken":0},{"event_name":"Shining Light","player_choice":"Entered Light","floor":3,"damage_taken":0},{"event_name":"Liars Game","player_choice":"agreed","floor":11,"damage_taken":0},{"event_name":"Scrap Ooze","player_choice":"success","floor":12,"damage_taken":3},{"event_name":"Duplicator","player_choice":"One dupe","floor":20,"damage_taken":0},{"event_name":"Vampires","player_choice":"Became a vampire (Vial)","floor":21,"damage_taken":0},{"event_name":"SensoryStone","player_choice":"Memory 1","floor":37,"damage_taken":0},{"event_name":"Tomb of Lord Red Mask","player_choice":"Paid","floor":45,"damage_taken":0},{"event_name":"Winding Halls","player_choice":"Writhe","floor":47,"damage_taken":0}],"boss_relics":[{"not_picked":["Runic Pyramid","Snecko Eye"],"picked":"Philosopher\u0027s Stone"},{"not_picked":["Orrery","Pandora\u0027s Box"],"picked":"Sozu"}],"potions_floor_spawned":[1,6,14,19,24,28,29,33,35,39,42],"seed_played":"-7507760129537259126","killed_by":"Donu and Deca","ascension_level":6,"is_trial":false}