{"path_per_floor":["M","?","?","M","M","M","R","E","T","E","M","E","R","$","R","B",null,"M","?","M","M","?"],"character_chosen":"IRONCLAD","items_purchased":["Omamori","Evolve"],"gold_per_floor":[117,117,67,84,102,119,119,148,148,180,199,224,224,4,4,103,103,114,29,46,58,58],"floor_reached":23,"campfire_rested":1,"playtime":1476,"current_hp_per_floor":[72,54,54,59,65,68,68,50,50,46,52,42,42,42,63,41,72,72,72,61,50,50],"items_purged":[],"gold":58,"play_id":"a9169f61-47f2-4ead-9695-c7dac3b65985","is_prod":false,"is_daily":false,"is_ascension_mode":true,"campfire_upgraded":2,"path_taken":["M","?","?","?","M","M","R","E","T","E","M","E","R","$","R","BOSS","M","?","M","?","?","E"],"build_version":"2018-01-25-PROD3","purchased_purges":0,"victory":false,"master_deck":["Strike_R","Strike_R+1","Strike_R","Strike_R+1","Defend_R","Defend_R","Defend_R","Defend_R","Bash","Inflame+1","Shockwave","True Grit","Flex","Uppercut+1","Shrug It Off","Evolve","Limit Break","True Grit+1"],"max_hp_per_floor":[72,72,72,72,72,72,72,72,72,72,72,72,72,72,72,72,72,72,72,72,72,72],"relics":["Black Blood","Gambling Chip","Prayer Wheel","Orichalcum","Sundial","Whetstone","Ancient Tea Set","Omamori","Darkstone Periapt","Pantograph"],"card_choices":[{"not_picked":["Sentinel","Metallicize"],"picked":"Inflame"},{"not_picked":["Armaments","Flex"],"picked":"Shockwave"},{"not_picked":["Sever Soul","Entrench"],"picked":"True Grit"},{"not_picked":["Clothesline","Headbutt"],"picked":"Flex"},{"not_picked":["Anger","Perfected Strike"],"picked":"Uppercut"},{"not_picked":["Body Slam","Thunderclap"],"picked":"Shrug It Off"},{"not_picked":["Feed","Double Tap"],"picked":"Limit Break"},{"not_picked":["Sword Boomerang","Headbutt"],"picked":"True Grit"}],"player_experience":182601,"potions_floor_usage":[8,8,8,20],"damage_taken":[{"damage":2.0,"enemies":"Jaw Worm","floor":1.0,"turns":3.0},{"damage":1,"enemies":"2 Louse","floor":4,"turns":3},{"damage":0,"enemies":"Cultist","floor":5,"turns":3},{"damage":3,"enemies":"Looter","floor":6,"turns":4},{"damage":24,"enemies":"3 Sentries","floor":8,"turns":9},{"damage":10,"enemies":"Lagavulin","floor":10,"turns":7},{"damage":0,"enemies":"Large Slime","floor":11,"turns":5},{"damage":16,"enemies":"Gremlin Nob","floor":12,"turns":5},{"damage":28,"enemies":"Hexaghost","floor":16,"turns":9},{"damage":0,"enemies":"Chosen","floor":18,"turns":4},{"damage":21,"enemies":"Spheric Guardian","floor":20,"turns":5},{"damage":21,"enemies":"Snake Plant","floor":21,"turns":4},{"damage":50,"enemies":"Gremlin Leader","floor":23,"turns":6}],"event_choices":[{"event_name":"Scrap Ooze","player_choice":"success","floor":2.0,"damage_taken":18.0},{"event_name":"The Cleric","player_choice":"Card Removal","floor":3.0,"damage_taken":0.0},{"event_name":"Addict","player_choice":"Obtained Relic","floor":19,"damage_taken":0},{"event_name":"Accursed Blacksmith","player_choice":"Rummage","floor":22,"damage_taken":0}],"boss_relics":[{"not_picked":["Snecko Eye","White Beast Statue"],"picked":"Black Blood"}],"potions_floor_spawned":[1,5,6,10,18,21],"seed_played":"-694925358930067433","killed_by":"Gremlin Leader","ascension_level":2,"is_trial":false}