{"gold_per_floor":[111,111,111,36,59,100,100,120,120,120,159,184,184,184],"floor_reached":14,"playtime":526,"items_purged":["Defend_G"],"score":96,"play_id":"25dcf0cd-1c48-443c-8606-a806250946ad","local_time":"20190120202510","is_ascension_mode":false,"campfire_choices":[{"data":"Neutralize","floor":7,"key":"SMITH"},{"floor":10,"key":"REST"},{"data":"Dagger Spray","floor":13,"key":"SMITH"}],"neow_cost":"CURSE","seed_source_timestamp":786124435420463,"circlet_count":0,"master_deck":["Defend_G","Defend_G","Defend_G","Defend_G+1","Strike_G","Strike_G","Strike_G","Strike_G","Strike_G+1","Survivor","Neutralize+1","Clumsy","Dagger Spray+1","Infinite Blades"],"relics":["Ring of the Snake","Girya","Golden Idol","Blood Vial","Singing Bowl","Du-Vu Doll"],"potions_floor_usage":[],"damage_taken":[{"damage":1,"enemies":"Cultist","floor":1,"turns":4},{"damage":28,"enemies":"3 Sentries","floor":6,"turns":8},{"damage":0,"enemies":"Jaw Worm","floor":8,"turns":3},{"damage":33,"enemies":"Gremlin Nob","floor":11,"turns":6},{"damage":0,"enemies":"2 Louse","floor":12,"turns":3},{"damage":13,"enemies":"Red Slaver","floor":14,"turns":2}],"seed_played":"8660731645879098018","potions_obtained":[{"floor":11,"key":"Energy Potion"},{"floor":12,"key":"Ancient Potion"}],"is_trial":false,"path_per_floor":["M","?","?","$","T","E","R","M","T","R","E","M","R","M"],"character_chosen":"THE_SILENT","items_purchased":[],"campfire_rested":1,"item_purchase_floors":[],"current_hp_per_floor":[69,55,38,38,38,10,10,12,12,33,4,8,8,0],"gold":184,"neow_bonus":"ONE_RARE_RELIC","is_prod":false,"is_daily":false,"chose_seed":false,"campfire_upgraded":2,"win_rate":0,"timestamp":1547983510,"path_taken":["M","?","?","$","?","E","R","?","T","R","E","M","R","M"],"build_version":"2019-01-17v2","purchased_purges":1,"victory":false,"max_hp_per_floor":[70,70,70,70,70,70,70,70,70,70,72,74,74,74],"card_choices":[{"not_picked":["Blade Dance","Choke"],"picked":"Dagger Spray","floor":1},{"not_picked":["PiercingWail","Deadly Poison","Underhanded Strike"],"picked":"SKIP","floor":6},{"not_picked":["Dodge and Roll","Escape Plan"],"picked":"Infinite Blades","floor":8},{"not_picked":["Wraith Form v2","Leg Sweep","Dagger Throw"],"picked":"Singing Bowl","floor":11},{"not_picked":["Endless Agony","Outmaneuver","Skewer"],"picked":"Singing Bowl","floor":12}],"player_experience":860983,"relics_obtained":[{"floor":6,"key":"Blood Vial"},{"floor":9,"key":"Singing Bowl"},{"floor":11,"key":"Du-Vu Doll"}],"event_choices":[{"damage_healed":0,"gold_gain":0,"player_choice":"Entered Light","damage_taken":14,"max_hp_gain":0,"max_hp_loss":0,"event_name":"Shining Light","floor":2,"gold_loss":0,"cards_upgraded":["Strike_G","Defend_G"]},{"damage_healed":0,"gold_gain":0,"player_choice":"Take Damage","damage_taken":17,"relics_obtained":["Golden Idol"],"max_hp_gain":0,"max_hp_loss":0,"event_name":"Golden Idol","floor":3,"gold_loss":0}],"is_beta":false,"boss_relics":[],"items_purged_floors":[4],"is_endless":false,"potions_floor_spawned":[11,12],"killed_by":"Red Slaver","ascension_level":0}