{"path_per_floor":["M","?","M","M","?","E","M","R","T","R","M","M","?","M","R","B",null,"M","?","M","M","$","R","M","R","T","M","M","?","R","$","R","B",null,"M","M","?","?","M","M","M","M","T","$","M","M","M","M","R"],"character_chosen":"THE_SILENT","items_purchased":["Regal Pillow","Footwork","Concentrate"],"gold_per_floor":[115,115,128,140,140,165,176,176,176,176,187,207,207,221,221,316,316,336,336,350,365,290,290,301,301,301,318,328,278,278,30,30,132,132,142,158,158,158,168,186,203,213,286,91,110,129,143,157,157],"floor_reached":50,"campfire_rested":3,"playtime":4150,"current_hp_per_floor":[70,56,56,56,56,55,55,55,55,55,55,46,46,46,46,30,70,66,66,57,52,52,52,45,45,45,27,27,27,48,48,70,60,70,68,68,68,68,68,68,35,35,35,35,35,35,35,31,67],"items_purged":["Regret","Doubt","Strike_G"],"gold":157,"score":477,"play_id":"ebec5a3a-e18d-4be1-9f6d-46ea727da72b","is_prod":false,"is_daily":false,"is_ascension_mode":true,"campfire_upgraded":5,"path_taken":["M","?","M","M","?","E","M","R","T","R","M","M","?","M","R","BOSS","M","?","M","M","$","R","?","R","T","M","M","?","R","$","R","BOSS","M","M","?","?","?","M","M","M","T","$","M","M","M","M","R","BOSS"],"build_version":"2018-02-15-PROD1","purchased_purges":3,"victory":false,"master_deck":["Defend_G","Defend_G","Defend_G","Defend_G+1","Defend_G","Strike_G","Strike_G","Survivor+1","Neutralize","Dagger Throw","Predator","A Thousand Cuts+1","Backflip+1","Deadly Poison+1","Backflip+1","Noxious Fumes+1","Tools of the Trade","Blur+1","Backflip","Backstab","Blur+1","Backstab","Deadly Poison+1","Adrenaline","Escape Plan+1","Acrobatics+1","Dodge and Roll","Noxious Fumes","Blur","Backflip+1","Footwork","Concentrate","Backflip+1","Footwork","Backstab"],"max_hp_per_floor":[70,70,70,70,70,70,70,70,70,70,70,70,70,70,70,70,70,70,70,70,70,70,70,70,70,70,70,70,70,70,70,70,70,70,70,70,70,70,70,70,70,70,70,70,70,70,70,70,70],"relics":["Ring of the Snake","Thread and Needle","Oddly Smooth Stone","Letter Opener","Ornamental Fan","The Specimen","Shovel","Regal Pillow","Sozu","Smiling Mask"],"card_choices":[{"not_picked":["Deflect","Masterful Stab"],"picked":"Dagger Throw"},{"not_picked":["Skewer","Underhanded Strike"],"picked":"Predator"},{"not_picked":["Riddle With Holes","Dagger Throw"],"picked":"A Thousand Cuts"},{"not_picked":["Sucker Punch","Acrobatics"],"picked":"Backflip"},{"not_picked":["Blade Dance","Backflip"],"picked":"Deadly Poison"},{"not_picked":["Predator","Prepared"],"picked":"Backflip"},{"not_picked":["Dodge and Roll","Leg Sweep"],"picked":"Noxious Fumes"},{"not_picked":["Envenom","Phantasmal Killer"],"picked":"Tools of the Trade"},{"not_picked":["Acrobatics","Bane"],"picked":"Blur"},{"not_picked":["PiercingWail","Deadly Poison"],"picked":"Backflip"},{"not_picked":["Outmaneuver","Cloak And Dagger"],"picked":"Backstab"},{"not_picked":["Deadly Poison","Escape Plan"],"picked":"Blur"},{"not_picked":["Flying Knee","Poisoned Stab"],"picked":"Backstab"},{"not_picked":["Bouncing Flask","Cloak And Dagger"],"picked":"Deadly Poison"},{"not_picked":["Tactician","Night Terror"],"picked":"Adrenaline"},{"not_picked":["Underhanded Strike","PiercingWail"],"picked":"Escape Plan"},{"not_picked":["Crippling Poison","Poisoned Stab"],"picked":"Acrobatics"},{"not_picked":["Unload","Poisoned Stab"],"picked":"Noxious Fumes"},{"not_picked":["Prepared","Poisoned Stab"],"picked":"Blur"},{"not_picked":["Acrobatics","Well Laid Plans"],"picked":"Backflip"},{"not_picked":["Poisoned Stab","Underhanded Strike"],"picked":"Backflip"},{"not_picked":["Slice","Flying Knee"],"picked":"Footwork"},{"not_picked":["Calculated Gamble","Leg Sweep"],"picked":"Backstab"}],"player_experience":154329,"potions_floor_usage":[16,16,20,33],"damage_taken":[{"damage":0,"enemies":"Jaw Worm","floor":1,"turns":8},{"damage":0,"enemies":"Small Slimes","floor":3,"turns":4},{"damage":0,"enemies":"2 Louse","floor":4,"turns":2},{"damage":1,"enemies":"3 Sentries","floor":6,"turns":6},{"damage":0,"enemies":"2 Fungi Beasts","floor":7,"turns":4},{"damage":0,"enemies":"3 Louse","floor":11,"turns":3},{"damage":9,"enemies":"Exordium Thugs","floor":12,"turns":4},{"damage":0,"enemies":"Large Slime","floor":14,"turns":5},{"damage":16,"enemies":"Slime Boss","floor":16,"turns":8},{"damage":4,"enemies":"3 Byrds","floor":18,"turns":4},{"damage":9,"enemies":"Chosen","floor":20,"turns":6},{"damage":5,"enemies":"Centurion and Healer","floor":21,"turns":6},{"damage":7,"enemies":"Slaver and Parasite","floor":24,"turns":8},{"damage":18,"enemies":"Snake Plant","floor":27,"turns":7},{"damage":0,"enemies":"Cultist and Chosen","floor":28,"turns":7},{"damage":10,"enemies":"Automaton","floor":33,"turns":9},{"damage":2,"enemies":"Orb Walker","floor":35,"turns":4},{"damage":0,"enemies":"3 Darklings","floor":36,"turns":4},{"damage":0,"enemies":"4 Shapes","floor":39,"turns":6},{"damage":0,"enemies":"Maw","floor":40,"turns":8},{"damage":33,"enemies":"Sphere and 2 Shapes","floor":41,"turns":5},{"damage":0,"enemies":"3 Darklings","floor":42,"turns":5},{"damage":0,"enemies":"4 Shapes","floor":45,"turns":4},{"damage":0,"enemies":"Maw","floor":46,"turns":8},{"damage":0,"enemies":"3 Darklings","floor":47,"turns":4},{"damage":4,"enemies":"Sphere and 2 Shapes","floor":48,"turns":4},{"damage":68,"enemies":"Awakened One","floor":50,"turns":11}],"event_choices":[{"event_name":"Shining Light","player_choice":"Entered Light","floor":2,"damage_taken":0},{"event_name":"Living Wall","player_choice":"Grow","floor":5,"damage_taken":0},{"event_name":"Big Fish","player_choice":"Box","floor":13,"damage_taken":0},{"event_name":"Vampires","player_choice":"Ignored","floor":19,"damage_taken":0},{"event_name":"The Joust","player_choice":"Bet on Murderer","floor":29,"damage_taken":0},{"event_name":"Transmorgrifier","player_choice":"Transform","floor":37,"damage_taken":0}],"boss_relics":[{"not_picked":["Black Star","Runic Pyramid"],"picked":"The Specimen"},{"not_picked":["Velvet Choker","Tiny House"],"picked":"Sozu"}],"potions_floor_spawned":[3,7,11,12,14,18,27,28,39,40,41,47],"seed_played":"-5640832633079537570","killed_by":"Awakened One","ascension_level":1,"is_trial":false}