{"path_per_floor":["M","?","M","M","$","R","E","M","T","?","M","T","?","M","R"],"character_chosen":"THE_SILENT","items_purchased":["Happy Flower"],"gold_per_floor":[111,111,134,150,1,1,40,65,143,218,236,262,262,276,276],"floor_reached":16,"campfire_rested":1,"playtime":678,"current_hp_per_floor":[60,60,59,56,56,56,45,45,45,34,28,28,28,13,34],"items_purged":[],"gold":276,"score":102,"play_id":"5b76f0de-ebc4-4f8d-8bd8-f2b7c5abcec6","local_time":"20180307171850","is_prod":false,"is_daily":false,"is_ascension_mode":false,"campfire_upgraded":1,"timestamp":1520461130,"path_taken":["M","?","M","M","$","R","E","M","T","?","?","?","?","M","R","BOSS"],"build_version":"2018-03-01-PROD1","purchased_purges":0,"victory":false,"master_deck":["Defend_G","Defend_G","Defend_G","Defend_G","Defend_G","Strike_G","Strike_G","Strike_G+1","Strike_G","Strike_G","Survivor","Neutralize","Blade Dance+1","Masterful Stab+1","Backflip","Catalyst","Expertise","Deadly Poison","Poisoned Stab"],"max_hp_per_floor":[70,70,70,70,70,70,70,70,70,70,70,70,70,70,70],"relics":["Ring of the Snake","Golden Idol","Happy Flower","Whetstone","Smiling Mask","Bag of Preparation"],"card_choices":[{"not_picked":["Outmaneuver","PiercingWail"],"picked":"Blade Dance"},{"not_picked":["Quick Slash","Sucker Punch"],"picked":"Masterful Stab"},{"not_picked":["Slice","Underhanded Strike"],"picked":"Backflip"},{"not_picked":["Tactician","Flying Knee"],"picked":"Catalyst"},{"not_picked":["Backflip","Underhanded Strike"],"picked":"Expertise"},{"not_picked":["Flying Knee","Bane"],"picked":"Deadly Poison"},{"not_picked":["Blur","Quick Slash"],"picked":"Poisoned Stab"}],"player_experience":111305,"potions_floor_usage":[16,16,16],"damage_taken":[{"damage":10,"enemies":"Jaw Worm","floor":1,"turns":6},{"damage":1,"enemies":"2 Louse","floor":3,"turns":3},{"damage":3,"enemies":"Small Slimes","floor":4,"turns":4},{"damage":11,"enemies":"3 Sentries","floor":7,"turns":5},{"damage":0,"enemies":"2 Fungi Beasts","floor":8,"turns":3},{"damage":6,"enemies":"Lots of Slimes","floor":11,"turns":4},{"damage":15,"enemies":"Gremlin Gang","floor":14,"turns":5},{"damage":35,"enemies":"Slime Boss","floor":16,"turns":9}],"event_choices":[{"event_name":"Golden Idol","player_choice":"Take Wound","floor":2,"damage_taken":0},{"event_name":"World of Goop","player_choice":"Gather Gold","floor":10,"damage_taken":0},{"event_name":"Living Wall","player_choice":"Forget","floor":13,"damage_taken":0}],"boss_relics":[],"potions_floor_spawned":[3,4,14],"seed_played":"1593343931941644733","killed_by":"Slime Boss","ascension_level":0,"is_trial":false}