{"gold_per_floor":[112,131,131,146,18,47,47,74,152,170,170,201,201,101,101,174,174,186,186,186,111,127,127,0,31,84,84,4,4,20,54,54,54],"floor_reached":33,"playtime":1792,"items_purged":["Decay","Decay"],"score":553,"play_id":"0b924587-12b4-48a1-9fae-ecb979c14226","local_time":"20190122155523","is_ascension_mode":true,"campfire_choices":[{"floor":7.0,"key":"REST"},{"floor":11.0,"key":"REST"},{"floor":15.0,"key":"REST"},{"floor":23.0,"key":"REST"},{"floor":27.0,"key":"REST"},{"floor":29.0,"key":"REST"},{"floor":32.0,"key":"REST"}],"neow_cost":"NONE","seed_source_timestamp":519470839660027,"circlet_count":0,"master_deck":["AscendersBane","Defend_G+1","Defend_G+1","Defend_G+1","Defend_G+1","Defend_G+1","Strike_G+1","Strike_G+1","Strike_G+1","Strike_G+1","Strike_G+1","Survivor","Neutralize","Noxious Fumes","Deflect","Escape Plan","Terror","Backflip","Noxious Fumes","Dagger Throw","Malaise","Dagger Throw","Writhe","Crippling Poison","Escape Plan","Cloak And Dagger"],"special_seed":0,"relics":["Calling Bell","Juzu Bracelet","Mercury Hourglass","Ice Cream","Prayer Wheel","Potion Belt","Mummified Hand","Boot","Busted Crown","Art of War","Pen Nib","Omamori","Matryoshka"],"potions_floor_usage":[33],"damage_taken":[{"damage":0.0,"enemies":"Small Slimes","floor":1.0,"turns":4.0},{"damage":16.0,"enemies":"Jaw Worm","floor":2.0,"turns":5.0},{"damage":0.0,"enemies":"2 Louse","floor":4.0,"turns":3.0},{"damage":26.0,"enemies":"Lagavulin","floor":6.0,"turns":7.0},{"damage":18.0,"enemies":"Gremlin Nob","floor":8.0,"turns":4.0},{"damage":5.0,"enemies":"Looter","floor":10.0,"turns":4.0},{"damage":18.0,"enemies":"Lagavulin","floor":12.0,"turns":6.0},{"damage":18.0,"enemies":"Slime Boss","floor":16.0,"turns":8.0},{"damage":23.0,"enemies":"Shell Parasite","floor":18.0,"turns":7.0},{"damage":16.0,"enemies":"Chosen","floor":22.0,"turns":6.0},{"damage":38.0,"enemies":"Slavers","floor":25.0,"turns":5.0},{"damage":14.0,"enemies":"Snecko","floor":30.0,"turns":6.0},{"damage":19.0,"enemies":"Gremlin Leader","floor":31.0,"turns":8.0},{"damage":33,"enemies":"Champ","floor":33,"turns":9}],"seed_played":"-9187071608318659370","potions_obtained":[{"floor":1.0,"key":"Strength Potion"},{"floor":6.0,"key":"PowerPotion"},{"floor":10.0,"key":"Explosive Potion"},{"floor":25.0,"key":"GamblersBrew"},{"floor":31.0,"key":"Block Potion"}],"is_trial":false,"path_per_floor":["M","M","?","M","$","E","R","E","T","M","R","E","?","$","R","B",null,"M","?","?","?","M","R","?","E","T","R","$","R","M","E","R","B"],"character_chosen":"THE_SILENT","items_purchased":["Fire Potion","Escape Plan"],"campfire_rested":7,"item_purchase_floors":[5,28],"current_hp_per_floor":[59,43,43,43,43,17,36,18,18,13,32,14,19,19,40,22,59,36,36,36,36,20,41,41,3,3,24,24,45,31,12,33,0],"gold":54,"neow_bonus":"BOSS_RELIC","is_prod":false,"is_daily":false,"chose_seed":false,"campfire_upgraded":0,"win_rate":0,"timestamp":1548165323,"path_taken":["M","M","?","M","$","E","R","E","T","M","R","E","?","$","R","BOSS","M","?","?","?","M","R","?","E","T","R","$","R","M","E","R","BOSS"],"build_version":"2019-01-17v2","purchased_purges":2,"victory":false,"max_hp_per_floor":[66,66,66,66,66,66,66,66,66,66,66,66,71,71,71,71,71,71,71,71,71,71,71,71,71,71,71,71,71,71,71,71,71],"card_choices":[{"not_picked":["Setup","Sucker Punch"],"picked":"Noxious Fumes","floor":1.0},{"not_picked":["Bane","Acrobatics"],"picked":"Deflect","floor":2.0},{"not_picked":["Dagger Spray","Phantasmal Killer"],"picked":"Escape Plan","floor":4.0},{"not_picked":["Flechettes","Deflect"],"picked":"Terror","floor":6.0},{"not_picked":["Heel Hook","Flying Knee"],"picked":"Backflip","floor":8.0},{"not_picked":["Masterful Stab","Flying Knee"],"picked":"Noxious Fumes","floor":10.0},{"not_picked":["Prepared","Backflip"],"picked":"Dagger Throw","floor":10.0},{"not_picked":["Prepared","Expertise","Dagger Spray"],"picked":"SKIP","floor":12.0},{"not_picked":["Grand Finale","Tools of the Trade"],"picked":"Malaise","floor":16.0},{"not_picked":[],"picked":"Dagger Throw","floor":18.0},{"not_picked":["Dagger Spray"],"picked":"SKIP","floor":18.0},{"not_picked":["Eviscerate+1"],"picked":"SKIP","floor":22.0},{"not_picked":["Poisoned Stab"],"picked":"SKIP","floor":22.0},{"not_picked":[],"picked":"Crippling Poison","floor":25.0},{"not_picked":[],"picked":"Cloak And Dagger","floor":30.0},{"not_picked":["Reflex"],"picked":"SKIP","floor":30.0},{"not_picked":["Masterful Stab"],"picked":"SKIP","floor":31.0}],"player_experience":318769,"relics_obtained":[{"floor":0.0,"key":"Juzu Bracelet"},{"floor":0.0,"key":"Mercury Hourglass"},{"floor":0.0,"key":"Ice Cream"},{"floor":6.0,"key":"Prayer Wheel"},{"floor":8.0,"key":"Potion Belt"},{"floor":9.0,"key":"Mummified Hand"},{"floor":12.0,"key":"Boot"},{"floor":25.0,"key":"Pen Nib"},{"floor":26.0,"key":"Omamori"},{"floor":31.0,"key":"Matryoshka"}],"event_choices":[{"damage_healed":0.0,"max_hp_gain":0.0,"max_hp_loss":0.0,"gold_gain":0.0,"event_name":"Shining Light","player_choice":"Ignored","floor":3.0,"gold_loss":0.0,"damage_taken":0.0},{"damage_healed":0.0,"max_hp_gain":5.0,"max_hp_loss":0.0,"gold_gain":0.0,"event_name":"Big Fish","player_choice":"Donut","floor":13.0,"gold_loss":0.0,"damage_taken":0.0},{"damage_healed":0.0,"max_hp_gain":0.0,"max_hp_loss":0.0,"gold_gain":0.0,"event_name":"The Mausoleum","player_choice":"Opened","floor":19.0,"gold_loss":0.0,"damage_taken":0.0,"relics_obtained":["Art of War"],"cards_obtained":["Writhe"]},{"damage_healed":0.0,"max_hp_gain":0.0,"max_hp_loss":0.0,"gold_gain":0.0,"event_name":"Back to Basics","player_choice":"Simplicity","floor":20.0,"gold_loss":0.0,"damage_taken":0.0,"cards_upgraded":["Defend_G","Defend_G","Defend_G","Defend_G","Defend_G","Strike_G","Strike_G","Strike_G","Strike_G","Strike_G"]},{"cards_removed":["Decay"],"damage_healed":0.0,"max_hp_gain":0.0,"max_hp_loss":0.0,"gold_gain":0.0,"event_name":"Beggar","player_choice":"Gave Gold","floor":21.0,"gold_loss":75.0,"damage_taken":0.0},{"damage_healed":0.0,"max_hp_gain":0.0,"max_hp_loss":0.0,"gold_gain":0.0,"event_name":"Masked Bandits","player_choice":"Paid Fearfully","floor":24.0,"gold_loss":127.0,"damage_taken":0.0}],"is_beta":false,"boss_relics":[{"not_picked":["HoveringKite","Ectoplasm"],"picked":"Busted Crown"}],"items_purged_floors":[5,14],"is_endless":false,"potions_floor_spawned":[1,6,10,25,31],"killed_by":"Champ","ascension_level":17}