{"gold_per_floor":[110,110,110,123,123,123,42,71,71,71,91,106,117,143,143,243,243,260,270,284,8,8],"floor_reached":22,"playtime":719,"items_purged":["Strike_G"],"score":354,"play_id":"624367aa-ee7e-493b-9986-426c5d94de93","local_time":"20190227203444","is_ascension_mode":true,"campfire_choices":[{"data":"Bouncing Flask","floor":6,"key":"SMITH"},{"data":"Noxious Fumes","floor":10,"key":"SMITH"},{"data":"Backstab","floor":15,"key":"SMITH"}],"neow_cost":"NONE","seed_source_timestamp":11635512004500,"circlet_count":0,"master_deck":["AscendersBane","Defend_G","Defend_G","Defend_G","Defend_G","Defend_G","Strike_G","Strike_G","Strike_G","Strike_G","Survivor","Neutralize+1","Bouncing Flask+1","Noxious Fumes+1","Backstab+1","Poisoned Stab","Envenom+1","Cloak And Dagger","Poisoned Stab","Noxious Fumes+1","Backstab","PiercingWail"],"relics":["Ring of the Snake","NeowsBlessing","Frozen Egg 2","Blue Candle","Bronze Scales","Cursed Key"],"potions_floor_usage":[13,13,16,20],"damage_taken":[{"damage":0,"enemies":"Small Slimes","floor":1,"turns":1},{"damage":0,"enemies":"2 Louse","floor":4,"turns":1},{"damage":0,"enemies":"3 Sentries","floor":8,"turns":2},{"damage":1,"enemies":"Cultist","floor":11,"turns":3},{"damage":5,"enemies":"2 Fungi Beasts","floor":12,"turns":4},{"damage":6,"enemies":"Lots of Slimes","floor":13,"turns":2},{"damage":4,"enemies":"Lagavulin","floor":14,"turns":5},{"damage":34,"enemies":"Slime Boss","floor":16,"turns":11},{"damage":8,"enemies":"Shell Parasite","floor":18,"turns":5},{"damage":16,"enemies":"Spheric Guardian","floor":19,"turns":4},{"damage":21,"enemies":"Centurion and Healer","floor":20,"turns":4},{"damage":12,"enemies":"Chosen and Byrds","floor":22,"turns":1}],"seed_played":"-8835110870744068019","potions_obtained":[{"floor":1,"key":"AttackPotion"},{"floor":11,"key":"AttackPotion"},{"floor":14,"key":"PowerPotion"},{"floor":19,"key":"FearPotion"}],"is_trial":false,"path_per_floor":["M","?","?","M","?","R","$","E","T","R","M","M","M","E","R","B",null,"M","M","M","$","M"],"character_chosen":"THE_SILENT","items_purchased":["Noxious Fumes","Noxious Fumes+1","Backstab","PiercingWail"],"campfire_rested":0,"item_purchase_floors":[7,21,21,21],"current_hp_per_floor":[63,63,63,63,63,63,63,63,63,63,62,57,51,47,47,13,56,48,32,11,11,0],"gold":8,"neow_bonus":"THREE_ENEMY_KILL","is_prod":false,"is_daily":false,"chose_seed":false,"campfire_upgraded":3,"win_rate":0,"timestamp":1551296084,"path_taken":["M","?","?","M","?","R","$","E","T","R","M","?","M","E","R","BOSS","M","M","M","$","M"],"build_version":"2019-01-23","purchased_purges":1,"victory":false,"max_hp_per_floor":[70,70,70,70,70,70,70,70,70,70,70,70,70,70,70,70,70,70,70,70,70,70],"card_choices":[{"not_picked":["Finisher","Setup","Underhanded Strike"],"picked":"SKIP","floor":1},{"not_picked":["Backflip","Terror"],"picked":"Bouncing Flask","floor":4},{"not_picked":["Choke","Calculated Gamble","Deadly Poison"],"picked":"SKIP","floor":8},{"not_picked":["Dagger Throw","Bane","Reflex"],"picked":"SKIP","floor":11},{"not_picked":["Flechettes","Prepared","Flying Knee"],"picked":"SKIP","floor":12},{"not_picked":["Skewer","Accuracy+1"],"picked":"Backstab","floor":13},{"not_picked":["Bane","Distraction"],"picked":"Poisoned Stab","floor":14},{"not_picked":["Glass Knife","Venomology"],"picked":"Envenom+1","floor":16},{"not_picked":["Accuracy+1","Setup"],"picked":"Cloak And Dagger","floor":18},{"not_picked":["Distraction","Deadly Poison"],"picked":"Poisoned Stab","floor":19},{"not_picked":["Calculated Gamble+1","Riddle With Holes+1","Deflect"],"picked":"SKIP","floor":20}],"player_experience":597439,"relics_obtained":[{"floor":8,"key":"Frozen Egg 2"},{"floor":9,"key":"Blue Candle"},{"floor":14,"key":"Bronze Scales"}],"event_choices":[{"damage_healed":0,"gold_gain":0,"player_choice":"Leave","damage_taken":0,"max_hp_gain":0,"max_hp_loss":0,"event_name":"The Cleric","floor":2,"gold_loss":0},{"damage_healed":0,"gold_gain":0,"player_choice":"Ignored","damage_taken":0,"max_hp_gain":0,"max_hp_loss":0,"event_name":"Golden Wing","floor":3,"gold_loss":0},{"damage_healed":0,"gold_gain":0,"player_choice":"Forge","damage_taken":0,"max_hp_gain":0,"max_hp_loss":0,"event_name":"Accursed Blacksmith","floor":5,"gold_loss":0,"cards_upgraded":["Neutralize"]}],"is_beta":false,"boss_relics":[{"not_picked":["WristBlade","Velvet Choker"],"picked":"Cursed Key"}],"items_purged_floors":[21],"is_endless":false,"potions_floor_spawned":[1,11,14,19],"killed_by":"Chosen and Byrds","ascension_level":12}