{"gold_per_floor":[215,235,310,310,320,320,83,118,418,34,63,63,63,238,238,334,334,352,362,68,80,80,113,113,35,35,60,60,77,2,32,32,137,137,147,147,166,176,176,207,207,239,239,254,254,53,53,72,72,72],"floor_reached":51,"playtime":5806,"items_purged":["Decay"],"score":1082,"play_id":"ee19522d-f6ef-4a0a-8b68-c4bf70db2519","local_time":"20181223143056","is_ascension_mode":true,"campfire_choices":[{"floor":6,"key":"REST"},{"floor":13,"key":"REST"},{"data":"Doubt","floor":15,"key":"PURGE"},{"floor":24,"key":"REST"},{"data":"Bullet Time","floor":32,"key":"SMITH"},{"data":"Storm of Steel","floor":41,"key":"SMITH"},{"floor":45,"key":"REST"},{"data":"Noxious Fumes","floor":47,"key":"SMITH"},{"data":"Neutralize","floor":49,"key":"SMITH"}],"neow_cost":"NONE","seed_source_timestamp":241788427905145,"circlet_count":0,"master_deck":["Defend_G","Defend_G","Defend_G+1","Survivor","Neutralize+1","Acrobatics","Footwork+1","Deflect","Noxious Fumes+1","Escape Plan","Well Laid Plans","Bullet Time+1","Storm of Steel+1","Backflip","Dash+1","Caltrops","Bite","Bite","Bite","Bite","Bite","Backflip+1","Infinite Blades","Envenom","Cloak And Dagger+1","Sucker Punch+1","Accuracy+1","Dodge and Roll+1","Dark Shackles","Flying Knee+1","Footwork+1","Predator+1","Blur+1","Cloak And Dagger+1","PiercingWail","Acrobatics+1"],"relics":["Ring of the Serpent","TwistedFunnel","Peace Pipe","Old Coin","Bronze Scales","Gremlin Horn","Shuriken","Happy Flower","Mercury Hourglass","Singing Bowl","Anchor","Astrolabe","Juzu Bracelet","Ornamental Fan","Pen Nib","Oddly Smooth Stone"],"potions_floor_usage":[5,23,29,31,31,33,38,40,48,50],"damage_taken":[{"damage":5,"enemies":"Cultist","floor":1,"turns":6},{"damage":21,"enemies":"Jaw Worm","floor":2,"turns":6},{"damage":4,"enemies":"2 Louse","floor":5,"turns":4},{"damage":11,"enemies":"3 Sentries","floor":8,"turns":9},{"damage":1,"enemies":"Lagavulin","floor":11,"turns":8},{"damage":15,"enemies":"The Guardian","floor":16,"turns":12},{"damage":0,"enemies":"3 Byrds","floor":18,"turns":3},{"damage":14,"enemies":"Chosen","floor":19,"turns":7},{"damage":6,"enemies":"Centurion and Healer","floor":21,"turns":9},{"damage":33,"enemies":"Slavers","floor":23,"turns":6},{"damage":9,"enemies":"Gremlin Leader","floor":27,"turns":6},{"damage":1,"enemies":"Snake Plant","floor":29,"turns":4},{"damage":5,"enemies":"Slavers","floor":31,"turns":5},{"damage":55,"enemies":"Collector","floor":33,"turns":10},{"damage":0,"enemies":"3 Shapes","floor":35,"turns":3},{"damage":4,"enemies":"Orb Walker","floor":37,"turns":5},{"damage":4,"enemies":"Maw","floor":38,"turns":7},{"damage":18,"enemies":"Giant Head","floor":40,"turns":10},{"damage":20,"enemies":"Reptomancer","floor":42,"turns":7},{"damage":13,"enemies":"Writhing Mass","floor":44,"turns":7},{"damage":16,"enemies":"Spire Growth","floor":48,"turns":5},{"damage":29,"enemies":"Time Eater","floor":50,"turns":12}],"seed_played":"4803360288692714725","potions_obtained":[{"floor":2,"key":"Weak Potion"},{"floor":16,"key":"FairyPotion"},{"floor":18,"key":"Block Potion"},{"floor":27,"key":"Block Potion"},{"floor":29,"key":"EntropicBrew"},{"floor":33,"key":"AttackPotion"},{"floor":37,"key":"GhostInAJar"},{"floor":42,"key":"Strength Potion"},{"floor":44,"key":"Swift Potion"},{"floor":48,"key":"Fire Potion"}],"is_trial":false,"path_per_floor":["M","M","?","?","M","R","$","E","T","$","E","$","R","?","R","B",null,"M","M","$","M","?","E","R","$","T","E","?","M","$","E","R","B",null,"M","?","M","M","?","E","R","E","T","M","R","$","R","M","R","B",null],"character_chosen":"THE_SILENT","items_purchased":["Noxious Fumes","TwistedFunnel","Well Laid Plans","Bronze Scales","Bullet Time","Shuriken","Caltrops","Infinite Blades","Oddly Smooth Stone","PiercingWail"],"campfire_rested":4,"item_purchase_floors":[7,7,10,10,10,20,20,25,46,46],"current_hp_per_floor":[58,37,26,12,8,29,29,18,18,18,17,17,38,38,38,23,58,58,44,44,38,38,17,31,31,31,34,34,41,41,42,42,13,45,49,46,52,57,57,47,47,39,39,38,55,55,55,41,41,22],"gold":72,"neow_bonus":"HUNDRED_GOLD","is_prod":false,"is_daily":false,"chose_seed":false,"campfire_upgraded":4,"win_rate":0,"timestamp":1545593456,"path_taken":["M","?","?","?","M","R","$","E","T","$","E","?","R","?","R","BOSS","M","M","$","M","?","E","R","$","T","E","?","M","$","E","R","BOSS","M","?","M","M","?","E","R","E","T","M","R","$","R","M","R","BOSS"],"build_version":"2018-12-20","purchased_purges":1,"victory":true,"max_hp_per_floor":[70,70,70,70,70,70,70,70,70,70,70,70,70,70,70,70,70,70,70,70,70,49,49,49,49,49,51,51,53,53,55,55,55,55,55,57,57,57,57,57,57,57,57,57,57,57,57,57,57,57],"card_choices":[{"not_picked":["Prepared","Quick Slash"],"picked":"Acrobatics","floor":1},{"not_picked":["Deflect","Acrobatics"],"picked":"Footwork","floor":2},{"not_picked":["Tactician","Dagger Spray"],"picked":"Deflect","floor":5},{"not_picked":["Flying Knee","Backflip"],"picked":"Escape Plan","floor":8},{"not_picked":["All Out Attack","Sucker Punch"],"picked":"Setup","floor":11},{"not_picked":["Phantasmal Killer","Wraith Form v2"],"picked":"Storm of Steel","floor":16},{"not_picked":["Sucker Punch","Finisher"],"picked":"Backflip","floor":18},{"not_picked":["Masterful Stab","Footwork"],"picked":"Dash+1","floor":19},{"not_picked":["Deflect+1","Poisoned Stab"],"picked":"Calculated Gamble","floor":21},{"not_picked":["Blade Dance+1","Bane"],"picked":"Backflip+1","floor":23},{"not_picked":["Backflip","Flechettes","Prepared"],"picked":"Singing Bowl","floor":27},{"not_picked":["Slice+1","Deadly Poison","Outmaneuver"],"picked":"Singing Bowl","floor":29},{"not_picked":["Outmaneuver","Blade Dance","Underhanded Strike"],"picked":"Singing Bowl","floor":31},{"not_picked":["A Thousand Cuts","Glass Knife"],"picked":"Envenom","floor":33},{"not_picked":["Blade Dance","Escape Plan"],"picked":"Dodge and Roll+1","floor":35},{"not_picked":["Violence","Finesse"],"picked":"Dark Shackles","floor":36},{"not_picked":["Finesse","Enlightenment","PanicButton"],"picked":"Singing Bowl","floor":36},{"not_picked":["Outmaneuver+1","Quick Slash"],"picked":"Flying Knee+1","floor":37},{"not_picked":["Dagger Spray","PiercingWail+1"],"picked":"Footwork+1","floor":38},{"not_picked":["PiercingWail","Corpse Explosion"],"picked":"Predator+1","floor":40},{"not_picked":["Infinite Blades+1","Slice+1"],"picked":"Blur+1","floor":42},{"not_picked":["Backstab","Dodge and Roll"],"picked":"Cloak And Dagger+1","floor":44},{"not_picked":["Deadly Poison","Blade Dance"],"picked":"Acrobatics+1","floor":48}],"player_experience":364320,"relics_obtained":[{"floor":8,"key":"Peace Pipe"},{"floor":9,"key":"Old Coin"},{"floor":11,"key":"Gremlin Horn"},{"floor":23,"key":"Happy Flower"},{"floor":26,"key":"Mercury Hourglass"},{"floor":27,"key":"Singing Bowl"},{"floor":31,"key":"Anchor"},{"floor":40,"key":"Juzu Bracelet"},{"floor":42,"key":"Ornamental Fan"},{"floor":43,"key":"Pen Nib"}],"event_choices":[{"damage_healed":0,"gold_gain":75,"player_choice":"Gather Gold","damage_taken":11,"max_hp_gain":0,"max_hp_loss":0,"event_name":"World of Goop","floor":3,"gold_loss":0},{"damage_healed":0,"gold_gain":0,"player_choice":"Entered Light","damage_taken":14,"max_hp_gain":0,"max_hp_loss":0,"event_name":"Shining Light","floor":4,"gold_loss":0,"cards_upgraded":["Defend_G","Footwork"]},{"damage_healed":0,"gold_gain":175,"player_choice":"AGREE","damage_taken":0,"max_hp_gain":0,"max_hp_loss":0,"event_name":"Liars Game","floor":14,"gold_loss":0,"cards_obtained":["Doubt"]},{"damage_healed":0,"gold_gain":0,"player_choice":"Became a vampire","damage_taken":0,"max_hp_gain":0,"max_hp_loss":21,"event_name":"Vampires","floor":22,"gold_loss":0,"cards_obtained":["Bite","Bite","Bite","Bite","Bite"]},{"damage_healed":0,"gold_gain":0,"player_choice":"Smashed Altar","damage_taken":0,"max_hp_gain":0,"max_hp_loss":0,"event_name":"Forgotten Altar","floor":28,"gold_loss":0,"cards_obtained":["Decay"]},{"damage_healed":0,"gold_gain":0,"player_choice":"Memory 2","damage_taken":5,"max_hp_gain":0,"max_hp_loss":0,"event_name":"SensoryStone","floor":36,"gold_loss":0},{"cards_removed":["Calculated Gamble"],"damage_healed":0,"gold_gain":0,"player_choice":"Removed Skill","damage_taken":0,"max_hp_gain":0,"max_hp_loss":0,"event_name":"Falling","floor":39,"gold_loss":0}],"is_beta":false,"boss_relics":[{"not_picked":["Empty Cage","Ectoplasm"],"picked":"Ring of the Serpent"},{"not_picked":["HoveringKite","Sozu"],"picked":"Astrolabe"}],"items_purged_floors":[30],"is_endless":false,"potions_floor_spawned":[2,16,18,27,29,33,37,42,44,48],"ascension_level":8}