{"path_per_floor":["M","?","M","?","M","E","R","M","T","R","?","M","E","M","R","B",null,"M","M","?","$","?","R","E","M","T","R","M","R","T","M","R","B",null,"M","?","M","$","M","R","E","?","T","?","M","R","E","M","R","B"],"character_chosen":"DEFECT","items_purchased":["Secret Weapon","Pantograph"],"gold_per_floor":[118,118,137,212,230,260,260,274,274,274,274,291,321,341,341,444,444,454,469,469,191,116,116,151,166,242,242,260,260,335,351,351,452,452,471,471,491,148,160,160,191,191,191,0,17,17,43,58,58,58],"floor_reached":51,"campfire_rested":0,"playtime":2518,"item_purchase_floors":[21,38],"current_hp_per_floor":[75,75,75,64,64,59,59,59,59,59,59,56,40,38,38,45,75,75,67,67,67,67,67,54,60,60,60,60,60,60,67,67,52,75,74,74,74,74,74,74,63,75,75,75,72,72,73,73,73,17],"items_purged":["Injury","Streamline"],"gold":58,"score":964,"play_id":"aca30ca5-7c01-4d25-ae24-345d195bb0b2","local_time":"20180603040125","is_prod":false,"is_daily":false,"chose_seed":false,"is_ascension_mode":true,"campfire_upgraded":10,"win_rate":0,"timestamp":1527966085,"campfire_choices":[{"data":"Zap","floor":7,"key":"SMITH"},{"data":"Dualcast","floor":10,"key":"SMITH"},{"data":"Beam Cell","floor":15,"key":"SMITH"},{"data":"Redo","floor":23,"key":"SMITH"},{"data":"Secret Weapon","floor":27,"key":"SMITH"},{"data":"Gash","floor":29,"key":"SMITH"},{"data":"Gash","floor":32,"key":"SMITH"},{"data":"Defragment","floor":40,"key":"SMITH"},{"data":"Seek","floor":46,"key":"SMITH"},{"data":"Coolheaded","floor":49,"key":"SMITH"}],"path_taken":["M","?","M","?","M","E","R","M","T","R","?","?","E","?","R","BOSS","M","M","?","$","?","R","E","M","T","R","?","R","?","M","R","BOSS","M","?","M","$","M","R","E","?","T","?","M","R","E","M","R","BOSS"],"build_version":"2018-05-31","seed_source_timestamp":885941793237462,"purchased_purges":2,"victory":true,"master_deck":["Zap+1","Dualcast+1","All For One","Chill","Sunder","BootSequence","Gash+1","Sweeping Beam+1","Beam Cell+1","Redo+1","All For One","Beam Cell","Coolheaded","Steam","Coolheaded+1","Hologram","Defragment+1","Gash+1","Secret Weapon+1","Gash+1","Seek+1","Redo+1","Regret","Redo+1"],"max_hp_per_floor":[75,75,75,75,75,75,75,75,75,75,75,75,75,75,75,75,75,75,75,75,75,75,75,75,75,75,75,75,75,75,75,75,75,75,75,75,75,75,75,75,75,75,75,75,75,75,89,89,89,89],"relics":["Cracked Core","Toolbox","Gremlin Horn","Ornamental Fan","Pandora\u0027s Box","Torii","Bag of Marbles","Matryoshka","Regal Pillow","Mummified Hand","Cursed Key","Pantograph","Question Card","Happy Flower","Sundial","Red Mask","Mango"],"card_choices":[{"not_picked":["Compile Driver","Skim"],"picked":"Chill","floor":1},{"not_picked":["Consume","Conserve Battery"],"picked":"BootSequence","floor":3},{"not_picked":["Beam Cell","Static Discharge"],"picked":"Gash","floor":5},{"not_picked":["Melter","Skim"],"picked":"Sweeping Beam","floor":6},{"not_picked":["Self Repair","Storm"],"picked":"Beam Cell","floor":8},{"not_picked":["Coolheaded","Chaos"],"picked":"Redo","floor":12},{"not_picked":["Stack","Buffer","Cold Snap"],"picked":"SKIP","floor":13},{"not_picked":["White Noise","Chaos"],"picked":"Self Repair","floor":14},{"not_picked":["Electrodynamics","Meteor Strike"],"picked":"All For One","floor":16},{"not_picked":["Compile Driver","Genetic Algorithm"],"picked":"Defragment","floor":18},{"not_picked":["Redo+1","Coolheaded+1"],"picked":"Gash+1","floor":19},{"not_picked":["Sweeping Beam","Turbo","Rebound"],"picked":"SKIP","floor":24},{"not_picked":["Beam Cell+1","Ball Lightning+1"],"picked":"Gash","floor":25},{"not_picked":["Scrape","Go for the Eyes","Streamline"],"picked":"SKIP","floor":28},{"not_picked":["Consume","Stack","Steam"],"picked":"SKIP","floor":31},{"not_picked":["Reboot","Electrodynamics"],"picked":"Seek","floor":33},{"not_picked":["Force Field","White Noise","Chaos+1"],"picked":"SKIP","floor":35},{"not_picked":["Streamline","Rebound+1"],"picked":"Redo+1","floor":37},{"not_picked":["Stack","Steam+1","Hello World+1"],"picked":"SKIP","floor":39},{"not_picked":["Go for the Eyes+1","Stack","Lockon+1"],"picked":"SKIP","floor":41},{"not_picked":["Go for the Eyes+1","Conserve Battery","Consume+1"],"picked":"Redo+1","floor":45},{"not_picked":["Chill","Buffer","Hologram","Compile Driver+1"],"picked":"SKIP","floor":47},{"not_picked":["Scrape+1","Undo+1","Redo+1","Cold Snap+1"],"picked":"SKIP","floor":48}],"player_experience":756933,"potions_floor_usage":[6,13,24,33,50,50,50],"damage_taken":[{"damage":0,"enemies":"2 Louse","floor":1,"turns":2},{"damage":0,"enemies":"Cultist","floor":3,"turns":3},{"damage":0,"enemies":"Jaw Worm","floor":5,"turns":3},{"damage":5,"enemies":"Gremlin Nob","floor":6,"turns":3},{"damage":0,"enemies":"Blue Slaver","floor":8,"turns":2},{"damage":3,"enemies":"3 Louse","floor":12,"turns":2},{"damage":16,"enemies":"Lagavulin","floor":13,"turns":6},{"damage":2,"enemies":"Large Slime","floor":14,"turns":3},{"damage":0,"enemies":"Slime Boss","floor":16,"turns":5},{"damage":0,"enemies":"Spheric Guardian","floor":18,"turns":2},{"damage":8,"enemies":"2 Thieves","floor":19,"turns":3},{"damage":22,"enemies":"Slavers","floor":24,"turns":3},{"damage":1,"enemies":"Centurion and Healer","floor":25,"turns":4},{"damage":0,"enemies":"Chosen and Byrds","floor":28,"turns":2},{"damage":0,"enemies":"Sentry and Sphere","floor":31,"turns":3},{"damage":22,"enemies":"Collector","floor":33,"turns":4},{"damage":1,"enemies":"3 Darklings","floor":35,"turns":2},{"damage":0,"enemies":"Orb Walker","floor":37,"turns":1},{"damage":0,"enemies":"3 Darklings","floor":39,"turns":2},{"damage":11,"enemies":"Nemesis","floor":41,"turns":3},{"damage":3,"enemies":"Maw","floor":45,"turns":5},{"damage":13,"enemies":"2 Orb Walkers","floor":47,"turns":3},{"damage":0,"enemies":"4 Shapes","floor":48,"turns":1},{"damage":72,"enemies":"Time Eater","floor":50,"turns":8}],"relics_obtained":[{"floor":6,"key":"Toolbox"},{"floor":9,"key":"Gremlin Horn"},{"floor":13,"key":"Ornamental Fan"},{"floor":24,"key":"Bag of Marbles"},{"floor":26,"key":"Matryoshka"},{"floor":30,"key":"Regal Pillow"},{"floor":30,"key":"Mummified Hand"},{"floor":41,"key":"Question Card"},{"floor":43,"key":"Happy Flower"},{"floor":43,"key":"Sundial"},{"floor":47,"key":"Mango"}],"event_choices":[{"event_name":"Transmorgrifier","player_choice":"Transform","floor":2,"damage_taken":0},{"event_name":"World of Goop","player_choice":"Gather Gold","floor":4,"damage_taken":0},{"event_name":"Accursed Blacksmith","player_choice":"Forge","floor":11,"damage_taken":0},{"event_name":"The Mausoleum","player_choice":"Yes","floor":20,"damage_taken":0},{"event_name":"Beggar","player_choice":"Gave Gold","floor":22,"damage_taken":0},{"event_name":"The Woman in Blue","player_choice":"Bought 0 Potions","floor":36,"damage_taken":0},{"event_name":"Bonfire Elementals","player_choice":"UNCOMMON","floor":42,"damage_taken":0},{"event_name":"Tomb of Lord Red Mask","player_choice":"Paid","floor":44,"damage_taken":0}],"boss_relics":[{"not_picked":["Eternal Feather","White Beast Statue"],"picked":"Pandora\u0027s Box"},{"not_picked":["Black Star","Philosopher\u0027s Stone"],"picked":"Cursed Key"}],"items_purged_floors":[21,38],"potions_floor_spawned":[3,5,6,13,16,19,24,28,33,39,45,48],"seed_played":"3691929434942089591","ascension_level":4,"potions_obtained":[{"floor":3,"key":"FearPotion"},{"floor":5,"key":"Regen Potion"},{"floor":6,"key":"SteroidPotion"},{"floor":13,"key":"LiquidBronze"},{"floor":16,"key":"LiquidBronze"},{"floor":24,"key":"SkillPotion"},{"floor":33,"key":"Fire Potion"}],"is_trial":false}