{"path_per_floor":["M","M","?","M","?","R","M","E","T","$","M"],"character_chosen":"THE_SILENT","items_purchased":[],"gold_per_floor":[112,130,205,222,222,222,237,293,317,242,261,261],"floor_reached":12,"campfire_rested":0,"playtime":559,"item_purchase_floors":[],"current_hp_per_floor":[57,52,41,41,41,41,26,5,5,5,7,0],"items_purged":["Underhanded Strike"],"gold":261,"score":128,"play_id":"b39df067-6ff5-4679-ab1e-9b6a230512a2","local_time":"20180606012110","is_prod":false,"is_daily":false,"chose_seed":false,"is_ascension_mode":true,"campfire_upgraded":1,"win_rate":0,"timestamp":1528215670,"campfire_choices":[{"data":"Deadly Poison","floor":6,"key":"SMITH"}],"path_taken":["M","M","?","M","?","R","?","E","T","?","M","E"],"build_version":"2018-05-31","seed_source_timestamp":1137503412905148,"purchased_purges":1,"victory":false,"master_deck":["Defend_G","Defend_G","Defend_G","Defend_G","Strike_G","Strike_G","Strike_G","Strike_G","Strike_G","Survivor","Neutralize","AscendersBane","Deadly Poison+1","Backstab"],"max_hp_per_floor":[70,72,72,74,74,74,76,76,76,76,78,78],"relics":["Ring of the Snake","Singing Bowl","Tiny Chest","Regal Pillow"],"card_choices":[{"not_picked":["Masterful Stab","Dodge and Roll"],"picked":"Deadly Poison","floor":1},{"not_picked":["Deflect","Prepared","Leg Sweep"],"picked":"Singing Bowl","floor":2},{"not_picked":["Heel Hook","Cloak And Dagger","Quick Slash"],"picked":"Singing Bowl","floor":4},{"not_picked":["Heel Hook","Finisher","Outmaneuver"],"picked":"Singing Bowl","floor":7},{"not_picked":["Quick Slash","Blur"],"picked":"Backstab","floor":8},{"not_picked":["Poisoned Stab","Prepared","Flying Knee"],"picked":"Singing Bowl","floor":11}],"player_experience":775412,"potions_floor_usage":[8,11],"damage_taken":[{"damage":6,"enemies":"Jaw Worm","floor":1,"turns":7},{"damage":7,"enemies":"Small Slimes","floor":2,"turns":4},{"damage":2,"enemies":"Cultist","floor":4,"turns":4},{"damage":17,"enemies":"Exordium Thugs","floor":7,"turns":5},{"damage":21,"enemies":"3 Sentries","floor":8,"turns":10},{"damage":0,"enemies":"Gremlin Gang","floor":11,"turns":5},{"damage":7,"enemies":"Lagavulin","floor":12,"turns":3}],"relics_obtained":[{"floor":8,"key":"Tiny Chest"},{"floor":9,"key":"Regal Pillow"}],"event_choices":[{"event_name":"World of Goop","player_choice":"Gather Gold","floor":3,"damage_taken":0},{"event_name":"Transmorgrifier","player_choice":"Transform","floor":5,"damage_taken":0}],"boss_relics":[],"items_purged_floors":[10],"potions_floor_spawned":[1,7,8],"seed_played":"-7147241377253289874","killed_by":"Lagavulin","ascension_level":12,"potions_obtained":[{"floor":1,"key":"Block Potion"},{"floor":7,"key":"Block Potion"},{"floor":8,"key":"Ancient Potion"}],"is_trial":false}