{"gold_per_floor":[113,128,128,43,59,86,86,102,102,118,118,118,138,155,155,255,255,273,353,364,364],"floor_reached":21,"playtime":1748,"items_purged":[],"score":220,"play_id":"0292fbdf-6997-4eaf-b9ef-264d344a8800","local_time":"20190213201039","is_ascension_mode":true,"campfire_choices":[{"data":"Bash","floor":7,"key":"SMITH"},{"data":"True Grit","floor":11,"key":"SMITH"},{"floor":15,"key":"REST"}],"neow_cost":"NONE","seed_source_timestamp":2104421715796619,"circlet_count":0,"master_deck":["Strike_R","Strike_R","Strike_R","Strike_R","Strike_R","Defend_R","Defend_R","Defend_R","Bash+1","Carnage","Shrug It Off","Inflame","True Grit+1","Reckless Charge","Thunderclap","Armaments+1","Dual Wield","Flame Barrier","Demon Form","Rage","Cleave"],"relics":["Burning Blood","Nunchaku","Dead Branch","Mark of Pain","Pantograph"],"potions_floor_usage":[16,16],"damage_taken":[{"damage":5,"enemies":"Small Slimes","floor":1,"turns":4},{"damage":1,"enemies":"Cultist","floor":2,"turns":4},{"damage":1,"enemies":"2 Louse","floor":5,"turns":3},{"damage":55,"enemies":"Lagavulin","floor":6,"turns":7},{"damage":7,"enemies":"Red Slaver","floor":8,"turns":2},{"damage":0,"enemies":"3 Louse","floor":10,"turns":3},{"damage":5,"enemies":"Gremlin Gang","floor":13,"turns":3},{"damage":14,"enemies":"Lots of Slimes","floor":14,"turns":6},{"damage":21,"enemies":"The Guardian","floor":16,"turns":11},{"damage":32,"enemies":"2 Thieves","floor":18,"turns":5},{"damage":14,"enemies":"Shell Parasite","floor":20,"turns":5},{"damage":68,"enemies":"Shelled Parasite and Fungi","floor":21,"turns":6}],"seed_played":"-5337698341614743888","potions_obtained":[{"floor":1,"key":"FairyPotion"},{"floor":6,"key":"Strength Potion"},{"floor":14,"key":"Swift Potion"},{"floor":16,"key":"Ancient Potion"},{"floor":20,"key":"LiquidBronze"}],"is_trial":false,"path_per_floor":["M","M","?","$","M","E","R","M","T","M","R","?","M","M","R","B",null,"M","T","M","M"],"character_chosen":"IRONCLAD","items_purchased":["Inflame","True Grit"],"campfire_rested":1,"item_purchase_floors":[4,4],"current_hp_per_floor":[88,88,88,88,88,39,39,38,38,44,44,44,45,37,63,48,88,62,62,54,0],"gold":364,"neow_bonus":"TEN_PERCENT_HP_BONUS","is_prod":false,"is_daily":false,"chose_seed":false,"campfire_upgraded":2,"win_rate":0,"timestamp":1550088639,"path_taken":["M","M","?","$","M","E","R","?","T","M","R","?","M","M","R","BOSS","M","?","M","M"],"build_version":"2019-01-23","purchased_purges":0,"victory":false,"max_hp_per_floor":[88,88,88,88,88,88,88,88,88,88,88,88,88,88,88,88,88,88,88,88,88],"card_choices":[{"not_picked":["Fire Breathing","Flame Barrier"],"picked":"Carnage","floor":1},{"not_picked":["Flex","Pommel Strike"],"picked":"Shrug It Off","floor":2},{"not_picked":["Brutality","Anger"],"picked":"Reckless Charge","floor":5},{"not_picked":["Dual Wield","Carnage"],"picked":"Thunderclap","floor":6},{"not_picked":["Havoc","Thunderclap"],"picked":"Armaments","floor":8},{"not_picked":["Hemokinesis","Clash"],"picked":"Dual Wield","floor":10},{"not_picked":["Body Slam","Clash","Offering"],"picked":"SKIP","floor":13},{"not_picked":["Clash","Pommel Strike"],"picked":"Flame Barrier","floor":14},{"not_picked":["Limit Break","Feed"],"picked":"Demon Form","floor":16},{"not_picked":["Fire Breathing","Headbutt"],"picked":"Rage","floor":18},{"not_picked":["Warcry+1","Body Slam+1"],"picked":"Cleave","floor":20}],"player_experience":467424,"relics_obtained":[{"floor":6,"key":"Nunchaku"},{"floor":9,"key":"Dead Branch"},{"floor":19,"key":"Pantograph"}],"event_choices":[{"cards_removed":["Defend_R"],"damage_healed":0,"gold_gain":0,"player_choice":"Offered Basic","damage_taken":0,"max_hp_gain":0,"max_hp_loss":0,"event_name":"Bonfire Elementals","floor":3,"gold_loss":0},{"damage_healed":0,"gold_gain":0,"player_choice":"Forge","damage_taken":0,"max_hp_gain":0,"max_hp_loss":0,"event_name":"Accursed Blacksmith","floor":12,"gold_loss":0,"cards_upgraded":["Armaments"]}],"is_beta":false,"boss_relics":[{"not_picked":["Philosopher\u0027s Stone","Black Star"],"picked":"Mark of Pain"}],"items_purged_floors":[],"is_endless":false,"potions_floor_spawned":[1,6,14,16,20],"killed_by":"Shelled Parasite and Fungi","ascension_level":4}