{"gold_per_floor":[118,130,130,130,154,192,207,207,234,234,165,184,184,209,209,335,335,348,348,366,380,69,69,69,69,115,128,142,142,92,105,105,235,298,316,332,260,260,75,75,75,75,75,75,75,94,94,94,94,94],"floor_reached":50,"playtime":1737,"items_purged":[],"score":600,"play_id":"3e2577aa-f0d6-4e30-9573-44483d6ff3de","local_time":"20181201144314","is_ascension_mode":true,"campfire_choices":[{"data":"Perfected Strike","floor":10,"key":"SMITH"},{"floor":15,"key":"REST"},{"floor":23,"key":"REST"},{"data":"True Grit","floor":25,"key":"SMITH"},{"data":"Perfected Strike","floor":29,"key":"SMITH"},{"data":"Perfected Strike","floor":32,"key":"SMITH"},{"data":"Flex","floor":40,"key":"SMITH"},{"data":"Pommel Strike","floor":42,"key":"SMITH"},{"data":"Flash of Steel","floor":44,"key":"SMITH"},{"floor":49,"key":"REST"}],"neow_cost":"NONE","seed_source_timestamp":1508532701274318,"circlet_count":0,"master_deck":["Strike_R","Strike_R+1","Strike_R","Strike_R","Strike_R","Defend_R","Defend_R+1","Defend_R","Bash+1","Perfected Strike+1","Twin Strike","Flame Barrier+1","Pommel Strike","Double Tap","True Grit+1","Flex+1","Perfected Strike+1","Pommel Strike+1","Twin Strike","Perfected Strike+1","Twin Strike","Perfected Strike+1","Twin Strike+1","Perfected Strike+1","Rage","Wild Strike","Metallicize+1","Flash of Steel+1","Madness","Madness","Shrug It Off","Finesse"],"relics":["Burning Blood","Golden Idol","Anchor","Bronze Scales","War Paint","Mark of Pain","Frozen Egg 2","Self Forming Clay","Happy Flower","Tiny House","Magic Flower"],"potions_floor_usage":[50,50],"damage_taken":[{"damage":6,"enemies":"Jaw Worm","floor":1,"turns":4},{"damage":8,"enemies":"2 Louse","floor":2,"turns":2},{"damage":0,"enemies":"Small Slimes","floor":5,"turns":3},{"damage":45,"enemies":"3 Sentries","floor":6,"turns":9},{"damage":0,"enemies":"Red Slaver","floor":7,"turns":4},{"damage":0,"enemies":"Looter","floor":12,"turns":2},{"damage":10,"enemies":"Gremlin Gang","floor":14,"turns":3},{"damage":38,"enemies":"Slime Boss","floor":16,"turns":6},{"damage":8,"enemies":"Shell Parasite","floor":18,"turns":3},{"damage":18,"enemies":"2 Thieves","floor":20,"turns":3},{"damage":37,"enemies":"Snake Plant","floor":21,"turns":5},{"damage":6,"enemies":"Chosen and Byrds","floor":27,"turns":4},{"damage":18,"enemies":"Snecko","floor":28,"turns":3},{"damage":4,"enemies":"Centurion and Healer","floor":31,"turns":3},{"damage":66,"enemies":"Collector","floor":33,"turns":9},{"damage":28,"enemies":"3 Darklings","floor":35,"turns":3},{"damage":6,"enemies":"Orb Walker","floor":36,"turns":2},{"damage":34,"enemies":"Maw","floor":46,"turns":5},{"damage":53,"enemies":"Time Eater","floor":50,"turns":8}],"seed_played":"8228114106107572981","potions_obtained":[{"floor":2,"key":"EssenceOfSteel"},{"floor":6,"key":"SteroidPotion"},{"floor":7,"key":"GamblersBrew"},{"floor":28,"key":"SpeedPotion"},{"floor":31,"key":"Dexterity Potion"}],"is_trial":false,"path_per_floor":["M","M","?","?","M","E","M","?","T","R","$","M","?","M","R","B",null,"M","T","M","M","$","R","?","R","T","M","M","R","$","M","R","B",null,"M","M","$","?","$","R","?","R","T","R","?","M","?","?","R","B"],"character_chosen":"IRONCLAD","items_purchased":["Fire Breathing","Pommel Strike","Self Forming Clay","Perfected Strike","Rage","Wild Strike","Metallicize+1","Flash of Steel"],"campfire_rested":3,"item_purchase_floors":[11,22,22,30,37,39,39,39],"current_hp_per_floor":[80,78,71,51,57,18,24,29,29,29,29,35,35,31,56,24,70,68,68,56,25,25,50,85,85,85,85,73,73,73,75,75,15,73,51,51,51,51,51,51,51,51,51,51,40,15,15,15,42,0],"gold":94,"neow_bonus":"UPGRADE_CARD","is_prod":false,"is_daily":false,"chose_seed":false,"campfire_upgraded":7,"win_rate":0,"timestamp":1543693394,"path_taken":["M","M","?","?","M","E","M","?","T","R","$","M","?","M","R","BOSS","M","?","M","M","$","R","?","R","T","M","M","R","$","?","R","BOSS","M","M","$","?","$","R","?","R","T","R","?","?","?","?","R","BOSS"],"build_version":"2018-11-15","purchased_purges":0,"victory":false,"max_hp_per_floor":[80,80,80,80,80,80,80,85,85,85,85,85,85,85,85,85,85,85,85,85,85,85,85,85,85,85,85,85,85,85,85,85,85,90,90,90,90,90,90,90,90,90,90,90,90,90,90,90,90,90],"card_choices":[{"not_picked":["Headbutt","True Grit"],"picked":"Perfected Strike","floor":1},{"not_picked":["Clothesline","Burning Pact","Bloodletting"],"picked":"SKIP","floor":2},{"not_picked":["Sword Boomerang","Seeing Red","Clothesline"],"picked":"SKIP","floor":5},{"not_picked":["Headbutt","Shrug It Off"],"picked":"Twin Strike","floor":6},{"not_picked":["Metallicize","Warcry"],"picked":"Flame Barrier","floor":7},{"not_picked":["Seeing Red","Warcry","Iron Wave"],"picked":"SKIP","floor":12},{"not_picked":["Power Through","Body Slam"],"picked":"Pommel Strike","floor":14},{"not_picked":["Immolate","Offering"],"picked":"Double Tap","floor":16},{"not_picked":["Corruption+1","Flame Barrier+1"],"picked":"True Grit","floor":18},{"not_picked":["Headbutt","True Grit"],"picked":"Flex","floor":20},{"not_picked":["Spot Weakness+1","Cleave"],"picked":"Perfected Strike","floor":21},{"not_picked":["Power Through","Cleave"],"picked":"Twin Strike","floor":27},{"not_picked":["Searing Blow","Dropkick","Ghostly Armor"],"picked":"SKIP","floor":28},{"not_picked":["Burning Pact","Clothesline"],"picked":"Twin Strike","floor":31},{"not_picked":["Flex","Heavy Blade+1"],"picked":"Perfected Strike+1","floor":34},{"not_picked":["Rage+1","Armaments"],"picked":"Twin Strike+1","floor":35},{"not_picked":["Dropkick","Sentinel"],"picked":"Perfected Strike+1","floor":36},{"not_picked":["Warcry+1","Inflame+1"],"picked":"Shrug It Off","floor":46},{"not_picked":["Deep Breath","Flash of Steel"],"picked":"Finesse","floor":47}],"player_experience":851497,"relics_obtained":[{"floor":6,"key":"Anchor"},{"floor":9,"key":"Bronze Scales"},{"floor":19,"key":"Frozen Egg 2"},{"floor":26,"key":"Happy Flower"},{"floor":43,"key":"Magic Flower"}],"event_choices":[{"cards_removed":["Defend_R"],"damage_healed":0,"gold_gain":0,"player_choice":"Card Removal","damage_taken":7,"max_hp_gain":0,"max_hp_loss":0,"event_name":"Golden Wing","floor":3,"gold_loss":0},{"damage_healed":0,"gold_gain":0,"player_choice":"Take Damage","damage_taken":20,"relics_obtained":["Golden Idol"],"max_hp_gain":0,"max_hp_loss":0,"event_name":"Golden Idol","floor":4,"gold_loss":0},{"damage_healed":0,"gold_gain":0,"player_choice":"Donut","damage_taken":0,"max_hp_gain":5,"max_hp_loss":0,"event_name":"Big Fish","floor":8,"gold_loss":0},{"damage_healed":0,"gold_gain":0,"player_choice":"Gave Potion","damage_taken":0,"relics_obtained":["War Paint"],"max_hp_gain":0,"max_hp_loss":0,"event_name":"WeMeetAgain","floor":13,"gold_loss":0},{"damage_healed":35,"gold_gain":0,"player_choice":"Full Heal","damage_taken":0,"max_hp_gain":0,"max_hp_loss":0,"event_name":"Wheel of Change","floor":24,"gold_loss":0},{"cards_removed":["Fire Breathing"],"damage_healed":0,"gold_gain":0,"player_choice":"Removed Power","damage_taken":0,"max_hp_gain":0,"max_hp_loss":0,"event_name":"Falling","floor":38,"gold_loss":0},{"damage_healed":0,"gold_gain":0,"player_choice":"Ignored","damage_taken":0,"max_hp_gain":0,"max_hp_loss":0,"event_name":"Mysterious Sphere","floor":41,"gold_loss":0},{"damage_healed":0,"gold_gain":0,"player_choice":"Embrace Madness","damage_taken":11,"max_hp_gain":0,"max_hp_loss":0,"event_name":"Winding Halls","floor":45,"gold_loss":0,"cards_obtained":["Madness","Madness"]},{"damage_healed":0,"gold_gain":0,"player_choice":"Memory 1","damage_taken":0,"max_hp_gain":0,"max_hp_loss":0,"event_name":"SensoryStone","floor":47,"gold_loss":0},{"damage_healed":0,"gold_gain":0,"player_choice":"Bought 0 Potions","damage_taken":0,"max_hp_gain":0,"max_hp_loss":0,"event_name":"The Woman in Blue","floor":48,"gold_loss":0}],"is_beta":false,"boss_relics":[{"not_picked":["Runic Dome","Calling Bell"],"picked":"Mark of Pain"},{"not_picked":["Busted Crown","Coffee Dripper"],"picked":"Tiny House"}],"items_purged_floors":[],"is_endless":false,"potions_floor_spawned":[2,6,7,28,31,33,36,46],"killed_by":"Time Eater","ascension_level":5}