{"gold_per_floor":[13,23,298,318,97,97,115,127,127,127,138,64,64,94,94,191,191,211,111,122,134,134,134,134,151,151,168,87,87,5,5,5,5],"floor_reached":33,"playtime":852,"items_purged":["Regret","Strike_R"],"score":237,"play_id":"ee265117-cede-4403-b8a8-451b9b36a6cc","local_time":"20190228224513","is_ascension_mode":false,"campfire_choices":[{"data":"Flex","floor":6.0,"key":"SMITH"},{"data":"Bash","floor":10.0,"key":"SMITH"},{"data":"Rampage","floor":13.0,"key":"SMITH"},{"data":"Rage","floor":15.0,"key":"SMITH"},{"data":"Clothesline","floor":23.0,"key":"SMITH"},{"data":"Whirlwind","floor":29.0,"key":"SMITH"},{"data":"Uppercut","floor":32.0,"key":"SMITH"}],"neow_cost":"NO_GOLD","seed_source_timestamp":2210652114661,"circlet_count":0,"master_deck":["Strike_R","Strike_R","Defend_R","Defend_R","Defend_R","Bash+1","Rage+1","Corruption","Headbutt","Flex+1","Shrug It Off","Clothesline+1","Thunderclap","Havoc","Rampage+1","Limit Break","Infernal Blade+1","True Grit+1","Reckless Charge+1","Writhe","Spot Weakness+1","Armaments+1","Whirlwind+1","Uppercut+1"],"special_seed":0,"relics":["Burning Blood","Juzu Bracelet","Potion Belt","Anchor","Coffee Dripper","Toxic Egg 2","Vajra"],"potions_floor_usage":[33,33],"damage_taken":[{"damage":0.0,"enemies":"Jaw Worm","floor":1.0,"turns":6.0},{"damage":0.0,"enemies":"Cultist","floor":2.0,"turns":3.0},{"damage":0.0,"enemies":"2 Louse","floor":4.0,"turns":3.0},{"damage":13.0,"enemies":"Exordium Wildlife","floor":7.0,"turns":5.0},{"damage":2.0,"enemies":"Large Slime","floor":8.0,"turns":6.0},{"damage":1.0,"enemies":"Blue Slaver","floor":11.0,"turns":3.0},{"damage":51.0,"enemies":"The Guardian","floor":16.0,"turns":10.0},{"damage":5.0,"enemies":"3 Byrds","floor":18.0,"turns":6.0},{"damage":2.0,"enemies":"2 Thieves","floor":20.0,"turns":3.0},{"damage":13.0,"enemies":"Snake Plant","floor":21.0,"turns":5.0},{"damage":16.0,"enemies":"Snecko","floor":25.0,"turns":5.0},{"damage":28.0,"enemies":"Chosen and Byrds","floor":27.0,"turns":6.0},{"damage":48,"enemies":"Champ","floor":33,"turns":10}],"seed_played":"-1541929874673503182","potions_obtained":[{"floor":4.0,"key":"Dexterity Potion"},{"floor":7.0,"key":"SkillPotion"},{"floor":16.0,"key":"FearPotion"},{"floor":18.0,"key":"AttackPotion"},{"floor":27.0,"key":"SneckoOil"}],"is_trial":false,"path_per_floor":["M","M","?","M","$","R","M","M","T","R","M","$","R","?","R","B",null,"M","$","M","M","?","R","?","M","T","M","$","R","$","?","R","B"],"character_chosen":"IRONCLAD","items_purchased":["Juzu Bracelet","Rampage","Whirlwind","Uppercut"],"campfire_rested":0,"item_purchase_floors":[5,12,28,30],"current_hp_per_floor":[80,80,80,80,80,80,73,77,77,77,80,80,80,80,80,35,80,80,80,80,73,73,73,73,63,63,41,41,41,41,41,41,0],"gold":5,"neow_bonus":"TRANSFORM_TWO_CARDS","is_prod":false,"is_daily":false,"chose_seed":false,"campfire_upgraded":7,"win_rate":0,"timestamp":1551415513,"path_taken":["M","M","?","M","$","R","M","M","T","R","M","?","R","?","R","BOSS","M","$","M","M","?","R","?","M","T","M","?","R","$","?","R","BOSS"],"build_version":"2019-01-23","purchased_purges":2,"victory":false,"max_hp_per_floor":[80,80,80,80,80,80,80,80,80,80,80,80,80,80,80,80,80,80,80,80,80,80,80,80,80,80,80,80,80,80,80,80,80],"card_choices":[{"not_picked":["Rage","Cleave"],"picked":"Headbutt","floor":1.0},{"not_picked":["Rampage","Wild Strike"],"picked":"Flex","floor":2.0},{"not_picked":["Thunderclap","Clothesline"],"picked":"Shrug It Off","floor":4.0},{"not_picked":["Warcry","Body Slam"],"picked":"Clothesline","floor":7.0},{"not_picked":["Burning Pact","Cleave"],"picked":"Thunderclap","floor":8.0},{"not_picked":["Evolve","Berserk"],"picked":"Havoc","floor":11.0},{"not_picked":["Brutality","Reaper"],"picked":"Limit Break","floor":16.0},{"not_picked":["Thunderclap+1","Dropkick"],"picked":"Infernal Blade+1","floor":18.0},{"not_picked":["Warcry+1","Clash"],"picked":"True Grit+1","floor":20.0},{"not_picked":["Wild Strike","Fire Breathing"],"picked":"Reckless Charge+1","floor":21.0},{"not_picked":["Evolve+1","Clothesline+1"],"picked":"Spot Weakness+1","floor":25.0},{"not_picked":["Heavy Blade","Metallicize"],"picked":"Armaments+1","floor":27.0}],"player_experience":949309,"relics_obtained":[{"floor":9.0,"key":"Potion Belt"},{"floor":26.0,"key":"Vajra"}],"event_choices":[{"damage_healed":0.0,"max_hp_gain":0.0,"max_hp_loss":0.0,"gold_gain":275.0,"event_name":"Golden Shrine","player_choice":"Desecrate","floor":3.0,"gold_loss":0.0,"damage_taken":0.0,"cards_obtained":["Regret"]},{"damage_healed":0.0,"max_hp_gain":0.0,"max_hp_loss":0.0,"gold_gain":30.0,"event_name":"Dead Adventurer","player_choice":"Searched \u00273\u0027 times","floor":14.0,"gold_loss":0.0,"damage_taken":0.0,"relics_obtained":["Anchor"]},{"cards_removed":["Strike_R"],"damage_healed":0.0,"max_hp_gain":0.0,"max_hp_loss":0.0,"gold_gain":0.0,"event_name":"Back to Basics","player_choice":"Elegance","floor":22.0,"gold_loss":0.0,"damage_taken":0.0},{"damage_healed":0.0,"max_hp_gain":0.0,"max_hp_loss":0.0,"gold_gain":0.0,"event_name":"The Mausoleum","player_choice":"Opened","floor":24.0,"gold_loss":0.0,"damage_taken":0.0,"relics_obtained":["Toxic Egg 2"],"cards_obtained":["Writhe"]},{"damage_healed":0.0,"max_hp_gain":0.0,"max_hp_loss":0.0,"gold_gain":0.0,"event_name":"Vampires","player_choice":"Ignored","floor":31.0,"gold_loss":0.0,"damage_taken":0.0}],"is_beta":false,"boss_relics":[{"not_picked":["White Beast Statue","Empty Cage"],"picked":"Coffee Dripper"}],"items_purged_floors":[5,19],"is_endless":false,"potions_floor_spawned":[4,7,16,18,27],"killed_by":"Champ","ascension_level":0}