{"gold_per_floor":[115,70,89,109,129,157,257,273,350,407,425,59,59,77,77,174,174,194,194,194,213,7,7,17,17,17,17,17],"floor_reached":28,"playtime":2705,"items_purged":[],"score":352,"play_id":"fe9f2222-40e8-4c69-8009-340d73c849f5","local_time":"20190213132140","is_ascension_mode":true,"campfire_choices":[{"data":"Neutralize","floor":13,"key":"SMITH"},{"data":"Deadly Poison","floor":15,"key":"SMITH"},{"data":"After Image","floor":23,"key":"SMITH"},{"data":"Envenom","floor":25,"key":"SMITH"},{"data":"Noxious Fumes","floor":27,"key":"SMITH"}],"neow_cost":"NONE","seed_source_timestamp":33906136961800,"circlet_count":0,"master_deck":["AscendersBane","Defend_G","Defend_G","Defend_G","Defend_G","Defend_G","Strike_G","Strike_G","Strike_G","Strike_G","Strike_G","Survivor","Neutralize+1","PiercingWail","Backstab","Blur","Deadly Poison+1","Envenom+1","Endless Agony","Caltrops","Well Laid Plans","Predator","Malaise","Noxious Fumes+1","Infinite Blades","After Image+1","Catalyst","Sucker Punch","Dodge and Roll","RitualDagger","Acrobatics"],"relics":["Coffee Dripper","Ice Cream","Ornamental Fan","Mango","Orrery","Membership Card","Shuriken"],"potions_floor_usage":[4,14,16,28],"damage_taken":[{"damage":1,"enemies":"Jaw Worm","floor":1,"turns":5},{"damage":0,"enemies":"2 Louse","floor":3,"turns":4},{"damage":0,"enemies":"Cultist","floor":4,"turns":4},{"damage":8,"enemies":"3 Louse","floor":5,"turns":5},{"damage":36,"enemies":"3 Sentries","floor":6,"turns":13},{"damage":8,"enemies":"Exordium Wildlife","floor":8,"turns":6},{"damage":5,"enemies":"Blue Slaver","floor":11,"turns":4},{"damage":6,"enemies":"Looter","floor":14,"turns":3},{"damage":12,"enemies":"Hexaghost","floor":16,"turns":9},{"damage":2,"enemies":"3 Byrds","floor":18,"turns":5},{"damage":27,"enemies":"2 Thieves","floor":21,"turns":5},{"damage":10,"enemies":"Snake Plant","floor":24,"turns":5},{"damage":21,"enemies":"3 Cultists","floor":28,"turns":4}],"seed_played":"-183019937139098480","potions_obtained":[{"floor":3,"key":"Swift Potion"},{"floor":8,"key":"AttackPotion"},{"floor":11,"key":"GamblersBrew"},{"floor":24,"key":"Swift Potion"}],"is_trial":false,"path_per_floor":["M","?","M","M","M","E","?","M","T","?","M","$","R","M","R","B",null,"M","?","?","M","$","R","M","R","T","R","M"],"character_chosen":"THE_SILENT","items_purchased":["Mango","Well Laid Plans","Membership Card"],"campfire_rested":0,"item_purchase_floors":[12,12,22],"current_hp_per_floor":[62,62,62,62,54,18,18,10,10,10,5,19,19,13,13,1,63,61,55,55,28,28,28,18,18,18,18,0],"gold":17,"neow_bonus":"BOSS_RELIC","is_prod":false,"is_daily":false,"chose_seed":false,"campfire_upgraded":5,"win_rate":0,"timestamp":1550082100,"path_taken":["M","?","M","M","M","E","?","?","T","?","M","?","R","M","R","BOSS","M","?","?","M","$","R","M","R","T","R","M"],"build_version":"2019-01-23","purchased_purges":0,"victory":false,"max_hp_per_floor":[70,70,70,70,70,70,70,70,70,70,70,84,84,84,84,84,84,84,84,84,84,84,84,84,84,84,84,84],"card_choices":[{"not_picked":["Outmaneuver","Riddle With Holes"],"picked":"PiercingWail","floor":1},{"not_picked":["Blade Dance","All Out Attack"],"picked":"Backstab","floor":3},{"not_picked":["Skewer","Dagger Throw"],"picked":"Blur","floor":4},{"not_picked":["Bane","PiercingWail"],"picked":"Deadly Poison","floor":5},{"not_picked":["Bane","Calculated Gamble"],"picked":"Envenom","floor":6},{"not_picked":["Dagger Throw","Accuracy"],"picked":"Endless Agony","floor":8},{"not_picked":["Deflect","Flechettes"],"picked":"Caltrops","floor":11},{"not_picked":["Deflect","Outmaneuver"],"picked":"Predator","floor":14},{"not_picked":["Unload","Glass Knife"],"picked":"Malaise","floor":16},{"not_picked":["Cloak And Dagger","Expertise"],"picked":"Noxious Fumes","floor":17},{"not_picked":["Backflip","Flying Knee"],"picked":"Infinite Blades","floor":17},{"not_picked":["Riddle With Holes","Cloak And Dagger"],"picked":"After Image","floor":17},{"not_picked":["Underhanded Strike","Quick Slash"],"picked":"Catalyst","floor":17},{"not_picked":["Quick Slash","Bane"],"picked":"Sucker Punch","floor":17},{"not_picked":["Skewer","Outmaneuver"],"picked":"Dodge and Roll","floor":18},{"not_picked":["Deflect","Heel Hook","Prepared"],"picked":"SKIP","floor":21},{"not_picked":["Concentrate","Poisoned Stab"],"picked":"Acrobatics","floor":24}],"player_experience":1185072,"relics_obtained":[{"floor":6,"key":"Ice Cream"},{"floor":9,"key":"Ornamental Fan"},{"floor":26,"key":"Shuriken"}],"event_choices":[{"damage_healed":0,"gold_gain":0,"player_choice":"Left Gold","damage_taken":0,"max_hp_gain":0,"max_hp_loss":0,"event_name":"World of Goop","floor":2,"gold_loss":45},{"damage_healed":0,"gold_gain":100,"player_choice":"Pray","damage_taken":0,"max_hp_gain":0,"max_hp_loss":0,"event_name":"Golden Shrine","floor":7,"gold_loss":0},{"damage_healed":0,"gold_gain":57,"player_choice":"Gained Gold","damage_taken":0,"max_hp_gain":0,"max_hp_loss":0,"event_name":"Golden Wing","floor":10,"gold_loss":0},{"damage_healed":0,"gold_gain":0,"player_choice":"Joined the Cult","damage_taken":6,"max_hp_gain":0,"max_hp_loss":0,"event_name":"Nest","floor":19,"gold_loss":0,"cards_obtained":["RitualDagger"]},{"damage_healed":0,"gold_gain":0,"player_choice":"Ignored","damage_taken":0,"max_hp_gain":0,"max_hp_loss":0,"event_name":"Cursed Tome","floor":20,"gold_loss":0}],"is_beta":false,"boss_relics":[{"not_picked":["Ectoplasm","Sozu"],"picked":"Orrery"}],"items_purged_floors":[],"is_endless":false,"potions_floor_spawned":[3,8,11,24],"killed_by":"3 Cultists","ascension_level":12}