{"gold_per_floor":[214,389,7,7,7,33,33,68,92,119,119,148,230,35,35,138,138,125,224,224,24,24,49,49,65,65,80,80,80,80,92,92,190,190,209,224,23,23,35,35,35,35,35,35,2,31,43,78,78,78],"floor_reached":51,"playtime":2430,"items_purged":["Doubt"],"score":976,"play_id":"90c63b79-9346-4f50-8aa4-b2b23ef9153d","local_time":"20190216193053","is_ascension_mode":true,"campfire_choices":[{"data":"Barrage","floor":7,"key":"SMITH"},{"floor":15,"key":"REST"},{"data":"Electrodynamics","floor":24,"key":"SMITH"},{"data":"Magnetism","floor":29,"key":"SMITH"},{"data":"Storm","floor":32,"key":"SMITH"},{"data":"Apotheosis","floor":40,"key":"SMITH"},{"data":"Amplify","floor":44,"key":"SMITH"},{"data":"Chaos","floor":49,"key":"SMITH"}],"neow_cost":"NONE","seed_source_timestamp":178558164827900,"circlet_count":0,"master_deck":["Defend_B","Defend_B","Zap","Dualcast","Leap","Defragment+1","Cold Snap","Barrage+1","Double Energy","Genetic Algorithm","Magnetism+1","Go for the Eyes","Electrodynamics+1","Defragment","Bite","Bite","Bite","Bite","Bite","BootSequence","Skim+1","Parasite","Lockon","Storm+1","FTL","Amplify+1","Beam Cell+1","White Noise+1","Apotheosis+1","Self Repair","Turbo","Coolheaded","Discovery","Dark Shackles","Pain","Hello World","Chaos+1","Double Energy+1","Consume+1"],"relics":["Cracked Core","Runic Capacitor","Gremlin Horn","Ornamental Fan","Smiling Mask","Happy Flower","Unceasing Top","Dream Catcher","Regal Pillow","Darkstone Periapt","Cursed Key","DataDisk","Letter Opener","Nunchaku","Question Card","Lizard Tail","Sundial","Blue Candle","Du-Vu Doll"],"potions_floor_usage":[6,8,10,27,33,33,46,50,50],"damage_taken":[{"damage":4,"enemies":"2 Louse","floor":1,"turns":2},{"damage":12,"enemies":"3 Sentries","floor":6,"turns":5},{"damage":10,"enemies":"Gremlin Nob","floor":8,"turns":4},{"damage":13,"enemies":"Lagavulin","floor":10,"turns":6},{"damage":28,"enemies":"3 Sentries","floor":12,"turns":7},{"damage":29,"enemies":"Hexaghost","floor":16,"turns":9},{"damage":12,"enemies":"2 Thieves","floor":18,"turns":4},{"damage":8,"enemies":"Gremlin Leader","floor":23,"turns":4},{"damage":8,"enemies":"3 Byrds","floor":25,"turns":2},{"damage":6,"enemies":"Cultist and Chosen","floor":27,"turns":6},{"damage":4,"enemies":"Centurion and Healer","floor":31,"turns":5},{"damage":20,"enemies":"Automaton","floor":33,"turns":5},{"damage":4,"enemies":"3 Shapes","floor":35,"turns":3},{"damage":10,"enemies":"Orb Walker","floor":36,"turns":3},{"damage":8,"enemies":"Spire Growth","floor":39,"turns":3},{"damage":68,"enemies":"Reptomancer","floor":46,"turns":5},{"damage":4,"enemies":"Writhing Mass","floor":47,"turns":2},{"damage":16,"enemies":"Nemesis","floor":48,"turns":4},{"damage":25,"enemies":"Awakened One","floor":50,"turns":5}],"seed_played":"-8943398114318208092","potions_obtained":[{"floor":1,"key":"Fire Potion"},{"floor":6,"key":"Block Potion"},{"floor":8,"key":"Regen Potion"},{"floor":12,"key":"Ancient Potion"},{"floor":27,"key":"PowerPotion"},{"floor":31,"key":"Swift Potion"},{"floor":39,"key":"EssenceOfSteel"},{"floor":46,"key":"Swift Potion"},{"floor":47,"key":"EssenceOfSteel"}],"is_trial":false,"path_per_floor":["M","?","$","?","?","E","R","E","T","E","?","E","T","$","R","B",null,"M","?","?","$","?","E","R","M","T","M","?","R","?","M","R","B",null,"M","M","$","?","M","R","?","?","T","R","$","E","M","E","R","B",null],"character_chosen":"DEFECT","items_purchased":["Defragment","Runic Capacitor","Cold Snap","Magnetism","DataDisk","Block Potion","Apotheosis","Self Repair","Hello World"],"campfire_rested":1,"item_purchase_floors":[3,3,3,14,21,21,37,37,45],"current_hp_per_floor":[71,71,71,71,68,56,56,46,46,48,48,20,20,20,57,28,75,63,63,52,52,52,48,48,46,52,56,56,56,56,58,58,42,58,58,50,50,50,51,51,46,46,52,52,52,33,48,54,54,47],"gold":78,"neow_bonus":"HUNDRED_GOLD","is_prod":false,"is_daily":false,"chose_seed":false,"campfire_upgraded":7,"win_rate":0,"timestamp":1550363453,"path_taken":["M","?","$","?","?","E","R","E","T","E","?","E","?","$","R","BOSS","M","?","?","$","?","E","R","M","T","?","?","R","?","?","R","BOSS","M","M","$","?","?","R","?","?","T","R","$","E","M","E","R","BOSS"],"build_version":"2019-01-23","purchased_purges":1,"victory":true,"max_hp_per_floor":[75,75,75,75,75,75,75,75,75,75,75,75,75,75,75,75,75,75,75,52,52,52,52,52,52,58,58,58,58,58,58,58,58,58,58,58,58,58,58,58,58,55,61,61,61,61,61,61,61,61],"card_choices":[{"not_picked":["Rip and Tear","Streamline"],"picked":"Leap","floor":1},{"not_picked":["Sunder","Hologram"],"picked":"Barrage","floor":6},{"not_picked":["Hello World","Ball Lightning"],"picked":"Double Energy","floor":8},{"not_picked":["Rebound","Conserve Battery"],"picked":"Genetic Algorithm","floor":10},{"not_picked":["Recycle","Meteor Strike","Barrage"],"picked":"SKIP","floor":12},{"not_picked":["Sweeping Beam","Skim"],"picked":"Go for the Eyes","floor":15},{"not_picked":["Biased Cognition","Echo Form"],"picked":"Electrodynamics","floor":16},{"not_picked":["Rip and Tear","Coolheaded+1"],"picked":"Defragment","floor":18},{"not_picked":["Rebound","Barrage"],"picked":"BootSequence","floor":23},{"not_picked":["Compile Driver+1","Leap"],"picked":"Skim+1","floor":25},{"not_picked":["Go for the Eyes","Recycle"],"picked":"Lockon","floor":27},{"not_picked":["Aggregate+1","Reprogram+1","Rebound"],"picked":"FTL","floor":31},{"not_picked":["Hyperbeam","Seek","Thunder Strike"],"picked":"Amplify","floor":33},{"not_picked":["Hologram","Redo+1","Scrape"],"picked":"Beam Cell+1","floor":35},{"not_picked":["Glacier","Doom and Gloom","Sunder"],"picked":"White Noise+1","floor":36},{"not_picked":["Sunder","BootSequence+1","Go for the Eyes"],"picked":"Coolheaded","floor":39},{"not_picked":["Impatience","Swift Strike","Purity"],"picked":"Discovery","floor":41},{"not_picked":["Good Instincts","The Bomb","Flash of Steel"],"picked":"Dark Shackles","floor":41},{"not_picked":["Aggregate+1","Streamline","Genetic Algorithm"],"picked":"Chaos","floor":46},{"not_picked":["Compile Driver","Rebound","Streamline+1"],"picked":"Double Energy+1","floor":47},{"not_picked":["Barrage","Fission","Sweeping Beam"],"picked":"Consume+1","floor":48}],"player_experience":505258,"relics_obtained":[{"floor":6,"key":"Ornamental Fan"},{"floor":8,"key":"Smiling Mask"},{"floor":9,"key":"Happy Flower"},{"floor":10,"key":"Unceasing Top"},{"floor":12,"key":"Regal Pillow"},{"floor":13,"key":"Darkstone Periapt"},{"floor":23,"key":"Letter Opener"},{"floor":26,"key":"Nunchaku"},{"floor":43,"key":"Sundial"},{"floor":46,"key":"Blue Candle"},{"floor":48,"key":"Du-Vu Doll"}],"event_choices":[{"damage_healed":0,"gold_gain":175,"player_choice":"AGREE","damage_taken":0,"max_hp_gain":0,"max_hp_loss":0,"event_name":"Liars Game","floor":2,"gold_loss":0,"cards_obtained":["Doubt"]},{"damage_healed":0,"gold_gain":0,"player_choice":"Grow","damage_taken":0,"max_hp_gain":0,"max_hp_loss":0,"event_name":"Living Wall","floor":4,"gold_loss":0,"cards_upgraded":["Defragment"]},{"damage_healed":0,"gold_gain":0,"player_choice":"Success","damage_taken":3,"relics_obtained":["Gremlin Horn"],"max_hp_gain":0,"max_hp_loss":0,"event_name":"Scrap Ooze","floor":5,"gold_loss":0},{"damage_healed":0,"gold_gain":0,"player_choice":"Searched \u00272\u0027 times","damage_taken":0,"relics_obtained":["Dream Catcher"],"max_hp_gain":0,"max_hp_loss":0,"event_name":"Dead Adventurer","floor":11,"gold_loss":0},{"damage_healed":0,"gold_gain":99,"player_choice":"Stole From Cult","damage_taken":0,"max_hp_gain":0,"max_hp_loss":0,"event_name":"Nest","floor":19,"gold_loss":0},{"damage_healed":0,"gold_gain":0,"player_choice":"Became a vampire","damage_taken":0,"max_hp_gain":0,"max_hp_loss":23,"event_name":"Vampires","floor":20,"gold_loss":0,"cards_obtained":["Bite","Bite","Bite","Bite","Bite"]},{"damage_healed":0,"gold_gain":0,"player_choice":"Ignored","damage_taken":0,"max_hp_gain":0,"max_hp_loss":0,"event_name":"Beggar","floor":22,"gold_loss":0},{"damage_healed":0,"gold_gain":0,"player_choice":"Opened","damage_taken":0,"relics_obtained":["Question Card"],"max_hp_gain":0,"max_hp_loss":0,"event_name":"The Mausoleum","floor":28,"gold_loss":0},{"damage_healed":0,"gold_gain":0,"cards_transformed":["Defend_B"],"player_choice":"Transformed","damage_taken":0,"max_hp_gain":0,"max_hp_loss":0,"event_name":"Transmorgrifier","floor":30,"gold_loss":0,"cards_obtained":["Storm"]},{"damage_healed":0,"gold_gain":0,"cards_transformed":["Defend_B"],"player_choice":"Transformed","damage_taken":0,"max_hp_gain":0,"max_hp_loss":0,"event_name":"Transmorgrifier","floor":38,"gold_loss":0,"cards_obtained":["Turbo"]},{"damage_healed":0,"gold_gain":0,"player_choice":"Memory 2","damage_taken":5,"max_hp_gain":0,"max_hp_loss":0,"event_name":"SensoryStone","floor":41,"gold_loss":0},{"damage_healed":0,"gold_gain":0,"player_choice":"Max HP","damage_taken":0,"max_hp_gain":0,"max_hp_loss":3,"event_name":"Winding Halls","floor":42,"gold_loss":0}],"is_beta":false,"boss_relics":[{"not_picked":["Fusion Hammer","Sozu"],"picked":"Cursed Key"},{"not_picked":["Pandora\u0027s Box","Black Star"],"picked":"Lizard Tail"}],"items_purged_floors":[3],"is_endless":false,"potions_floor_spawned":[1,6,8,12,27,31,39,46,47],"ascension_level":3}