{"gold_per_floor":[115,190,33,33,50,85,85,102,102,102,118,118,130,149,149,220,220,237,257,257,257,277,277,307,232,232,232],"floor_reached":27,"playtime":1527,"items_purged":[],"score":439,"play_id":"e9573e7b-5395-47b3-be1c-e0430944a12f","local_time":"20190222233546","is_ascension_mode":true,"campfire_choices":[{"data":"Searing Blow","floor":7,"key":"SMITH"},{"data":"Searing Blow+1","floor":10,"key":"SMITH"},{"data":"Searing Blow+2","floor":12,"key":"SMITH"},{"data":"Searing Blow+3","floor":15,"key":"SMITH"},{"floor":23,"key":"REST"}],"neow_cost":"NONE","seed_source_timestamp":212583390288300,"circlet_count":0,"master_deck":["AscendersBane","Strike_R+1","Strike_R","Strike_R","Strike_R","Defend_R","Defend_R","Defend_R","Defend_R","Bash+1","Searing Blow+4","Reaper","Inflame","Exhume","Clothesline","Feed","Inflame","Metallicize","Shrug It Off","Ghostly Armor"],"relics":["Burning Blood","NeowsBlessing","Orichalcum","Whetstone","Gremlin Horn","Sozu","Enchiridion","Blue Candle","Letter Opener"],"potions_floor_usage":[16,19],"damage_taken":[{"damage":0,"enemies":"2 Louse","floor":1,"turns":1},{"damage":0,"enemies":"Jaw Worm","floor":5,"turns":1},{"damage":0,"enemies":"Lagavulin","floor":6,"turns":1},{"damage":7,"enemies":"Small Slimes","floor":8,"turns":3},{"damage":9,"enemies":"2 Fungi Beasts","floor":11,"turns":3},{"damage":6,"enemies":"3 Louse","floor":13,"turns":2},{"damage":5,"enemies":"Looter","floor":14,"turns":2},{"damage":83,"enemies":"Slime Boss","floor":16,"turns":9},{"damage":21,"enemies":"2 Thieves","floor":18,"turns":3},{"damage":12,"enemies":"3 Byrds","floor":19,"turns":6},{"damage":12,"enemies":"Cultist and Chosen","floor":22,"turns":6},{"damage":61,"enemies":"Slavers","floor":24,"turns":6},{"damage":29,"enemies":"Snake Plant","floor":27,"turns":6}],"seed_played":"-4382204563262097282","potions_obtained":[{"floor":1,"key":"Weak Potion"},{"floor":11,"key":"Swift Potion"}],"is_trial":false,"path_per_floor":["M","?","$","?","M","E","R","M","T","R","M","R","M","M","R","B",null,"M","M","?","?","M","R","E","?","T","M"],"character_chosen":"IRONCLAD","items_purchased":["Orichalcum"],"campfire_rested":1,"item_purchase_floors":[3],"current_hp_per_floor":[74,63,63,63,69,75,75,74,74,74,71,71,75,75,75,10,59,54,60,60,44,41,65,23,23,23,0],"gold":232,"neow_bonus":"THREE_ENEMY_KILL","is_prod":false,"is_daily":false,"chose_seed":false,"campfire_upgraded":4,"win_rate":0,"timestamp":1550896546,"path_taken":["M","?","?","?","M","E","R","M","T","R","M","R","M","M","R","BOSS","M","M","?","?","M","R","E","?","T","M"],"build_version":"2019-01-23","purchased_purges":0,"victory":false,"max_hp_per_floor":[75,75,75,75,75,75,75,75,75,75,75,75,75,75,75,75,75,75,78,78,78,81,81,81,81,81,81],"card_choices":[{"not_picked":["Seeing Red","Clash","Warcry"],"picked":"SKIP","floor":1},{"not_picked":["Shrug It Off","Havoc"],"picked":"Searing Blow","floor":5},{"not_picked":["Pommel Strike","Flex"],"picked":"Reaper","floor":6},{"not_picked":["Bloodletting","Twin Strike"],"picked":"Inflame","floor":8},{"not_picked":["Twin Strike","Flex","Pommel Strike"],"picked":"SKIP","floor":11},{"not_picked":["Thunderclap","Blood for Blood"],"picked":"Exhume","floor":13},{"not_picked":["Infernal Blade","Warcry"],"picked":"Clothesline","floor":14},{"not_picked":["Immolate","Juggernaut"],"picked":"Feed","floor":16},{"not_picked":["Clothesline","Havoc","Pommel Strike"],"picked":"SKIP","floor":18},{"not_picked":["Clash","Pommel Strike"],"picked":"Inflame","floor":19},{"not_picked":["Flex+1","Headbutt"],"picked":"Shrug It Off","floor":22},{"not_picked":["Evolve","Wild Strike"],"picked":"Ghostly Armor","floor":24}],"player_experience":1307770,"relics_obtained":[{"floor":6,"key":"Whetstone"},{"floor":9,"key":"Gremlin Horn"},{"floor":21,"key":"Enchiridion"},{"floor":24,"key":"Blue Candle"},{"floor":26,"key":"Letter Opener"}],"event_choices":[{"damage_healed":0,"gold_gain":75,"player_choice":"Gather Gold","damage_taken":11,"max_hp_gain":0,"max_hp_loss":0,"event_name":"World of Goop","floor":2,"gold_loss":0},{"damage_healed":0,"gold_gain":0,"player_choice":"Ignored","damage_taken":0,"max_hp_gain":0,"max_hp_loss":0,"event_name":"Shining Light","floor":4,"gold_loss":0},{"damage_healed":0,"gold_gain":0,"player_choice":"Read","damage_taken":0,"max_hp_gain":0,"max_hp_loss":0,"event_name":"The Library","floor":20,"gold_loss":0,"cards_obtained":["Metallicize"]},{"damage_healed":0,"gold_gain":0,"player_choice":"Obtained Book","damage_taken":16,"max_hp_gain":0,"max_hp_loss":0,"event_name":"Cursed Tome","floor":21,"gold_loss":0},{"cards_removed":["Strike_R"],"damage_healed":0,"gold_gain":0,"player_choice":"Gave Gold","damage_taken":0,"max_hp_gain":0,"max_hp_loss":0,"event_name":"Beggar","floor":25,"gold_loss":75}],"is_beta":false,"boss_relics":[{"not_picked":["Calling Bell","Busted Crown"],"picked":"Sozu"}],"items_purged_floors":[],"is_endless":false,"potions_floor_spawned":[1,11,13,14,22,24],"killed_by":"Snake Plant","ascension_level":14}