{"gold_per_floor":[118,138,113,113,288,317,330,330,330,330],"floor_reached":10,"playtime":271,"items_purged":[],"score":79,"play_id":"2e2170cf-20e6-46ee-ab52-32ca53b1e9d6","local_time":"20190114205934","is_ascension_mode":true,"campfire_choices":[],"neow_cost":"TEN_PERCENT_HP_LOSS","seed_source_timestamp":356591473806199,"circlet_count":0,"master_deck":["Strike_R","Strike_R","Strike_R","Strike_R","Strike_R","Defend_R","Defend_R","Defend_R","Defend_R","Bash","Juggernaut","Shrug It Off","Body Slam","Heavy Blade","Doubt","Corruption","Heavy Blade","Fiend Fire","Injury"],"special_seed":0,"relics":["Burning Blood","Prayer Wheel","Golden Idol","Ginger"],"potions_floor_usage":[10,10],"damage_taken":[{"damage":6.0,"enemies":"2 Louse","floor":1.0,"turns":3.0},{"damage":3.0,"enemies":"Small Slimes","floor":2.0,"turns":4.0},{"damage":34.0,"enemies":"Gremlin Nob","floor":6.0,"turns":5.0},{"damage":6.0,"enemies":"Jaw Worm","floor":7.0,"turns":4.0},{"damage":55,"enemies":"Lagavulin","floor":10,"turns":5}],"seed_played":"-9011302880957289990","potions_obtained":[{"floor":1.0,"key":"EssenceOfSteel"},{"floor":2.0,"key":"LiquidBronze"},{"floor":7.0,"key":"LiquidBronze"}],"is_trial":false,"path_per_floor":["M","M","$","?","?","E","M","?","T","E"],"character_chosen":"IRONCLAD","items_purchased":["Heavy Blade"],"campfire_rested":0,"item_purchase_floors":[3],"current_hp_per_floor":[72,72,72,72,72,44,44,44,44,0],"gold":330,"neow_bonus":"THREE_RARE_CARDS","is_prod":false,"is_daily":false,"chose_seed":false,"campfire_upgraded":0,"win_rate":0,"timestamp":1547528374,"path_taken":["M","M","$","?","?","E","M","?","T","E"],"build_version":"2019-01-10","purchased_purges":0,"victory":false,"max_hp_per_floor":[72,72,72,72,72,72,72,72,72,72],"card_choices":[{"not_picked":["Fiend Fire","Offering"],"picked":"Juggernaut","floor":0.0},{"not_picked":["Flame Barrier","Clash"],"picked":"Shrug It Off","floor":1.0},{"not_picked":["Armaments","Sever Soul"],"picked":"Body Slam","floor":2.0},{"not_picked":["Thunderclap","Evolve"],"picked":"Corruption","floor":6.0},{"not_picked":["Sever Soul","Anger"],"picked":"Heavy Blade","floor":7.0},{"not_picked":["Intimidate","Clash"],"picked":"Fiend Fire","floor":7.0}],"player_experience":166183,"relics_obtained":[{"floor":6.0,"key":"Prayer Wheel"},{"floor":9.0,"key":"Ginger"}],"event_choices":[{"damage_healed":0.0,"max_hp_gain":0.0,"max_hp_loss":0.0,"gold_gain":0.0,"event_name":"The Cleric","player_choice":"Leave","floor":4.0,"gold_loss":0.0,"damage_taken":0.0},{"damage_healed":0.0,"max_hp_gain":0.0,"max_hp_loss":0.0,"gold_gain":175.0,"event_name":"Liars Game","player_choice":"AGREE","floor":5.0,"gold_loss":0.0,"damage_taken":0.0,"cards_obtained":["Doubt"]},{"damage_healed":0.0,"max_hp_gain":0.0,"max_hp_loss":0.0,"gold_gain":0.0,"event_name":"Golden Idol","player_choice":"Take Wound","floor":8.0,"gold_loss":0.0,"damage_taken":0.0,"relics_obtained":["Golden Idol"],"cards_obtained":["Injury"]}],"is_beta":false,"boss_relics":[],"items_purged_floors":[],"is_endless":false,"potions_floor_spawned":[1,2,7],"killed_by":"Lagavulin","ascension_level":4}