{"path_per_floor":["M","M","M","M","$","E","M","R","T","$","?","?","$","M","R","B",null,"M","?","?","M","M","R","M","?","T","R","M","M","M","M","R","B",null,"M","?","$","?","M","E","$","?","T","M","R","M","R","M","R","B"],"character_chosen":"IRONCLAD","items_purchased":["Lee\u0027s Waffle","Bag of Preparation","Bottled Tornado"],"gold_per_floor":[367,382,393,410,335,360,373,373,373,28,103,103,3,14,14,111,111,126,26,26,36,52,52,71,171,198,198,216,227,245,255,255,360,360,378,378,13,13,29,54,54,54,54,65,65,83,83,103,103,103],"floor_reached":51,"campfire_rested":2,"playtime":3415,"current_hp_per_floor":[73,78,79,75,75,22,32,32,32,87,76,76,76,82,82,23,87,87,87,71,60,62,62,63,63,63,63,62,57,43,62,62,59,87,66,87,87,87,87,55,55,55,55,56,56,28,54,57,83,23],"items_purged":["Strike_R","Injury","Defend_R"],"gold":103,"play_id":"d928d46c-8196-4cf0-86a8-963dd1d41525","is_prod":false,"is_daily":false,"campfire_rituals":0,"campfire_upgraded":6,"is_hardmode":false,"path_taken":["M","M","M","M","$","E","M","R","T","$","?","?","$","M","R","BOSS","M","?","?","M","?","R","?","?","T","R","M","?","M","M","R","BOSS","M","?","$","?","M","E","$","?","T","M","R","M","R","M","R","BOSS"],"build_version":"2018-01-18-PROD4","purchased_purges":4,"victory":true,"master_deck":["Strike_R","Strike_R","Strike_R","Strike_R","Defend_R","Defend_R","Defend_R","Bash","Evolve","Whirlwind","Rampage","Clothesline","Limit Break","True Grit","J.A.X.","Pommel Strike","Pommel Strike","Uppercut","Power Through","Demon Form","Dropkick","Shrug It Off","Wild Strike","Feed","Warcry"],"max_hp_per_floor":[80,80,80,80,80,80,80,80,80,87,87,87,87,87,87,87,87,87,87,87,87,87,87,87,87,87,87,87,87,87,87,87,87,87,87,87,87,87,87,87,87,87,87,87,87,87,87,87,87,90],"relics":["Black Blood","Meat on the Bone","Whetstone","Lee\u0027s Waffle","Bag of Preparation","Omamori","Enchiridion","Orichalcum","Sozu","Bottled Tornado","Dream Catcher","Oddly Smooth Stone"],"campfire_meditates":0,"card_choices":[{"not_picked":["Flex","Corruption"],"picked":"Evolve"},{"not_picked":["Rampage","Cleave"],"picked":"Whirlwind"},{"not_picked":["Heavy Blade","Disarm"],"picked":"Shrug It Off"},{"not_picked":["Iron Wave","Blood for Blood"],"picked":"Rampage"},{"not_picked":["Thunderclap","Shockwave"],"picked":"Clothesline"},{"not_picked":["Juggernaut","Brutality"],"picked":"Limit Break"},{"not_picked":["Twin Strike","Body Slam"],"picked":"True Grit"},{"not_picked":["Armaments","True Grit"],"picked":"Pommel Strike"},{"not_picked":["True Grit","Anger"],"picked":"Pommel Strike"},{"not_picked":["Armaments","Bludgeon"],"picked":"Uppercut"},{"not_picked":["Thunderclap","Flex"],"picked":"Power Through"},{"not_picked":["Exhume","Fiend Fire"],"picked":"Demon Form"},{"not_picked":["Clash","Pommel Strike"],"picked":"Dropkick"},{"not_picked":["Clothesline","Havoc"],"picked":"Wild Strike"},{"not_picked":["Anger","Shrug It Off"],"picked":"Feed"},{"not_picked":["Feed","Evolve"],"picked":"Warcry"}],"player_experience":137931,"potions_floor_usage":[7,21,33,33,33],"damage_taken":[{"damage":13,"enemies":"Blue Slaver","floor":1,"turns":5},{"damage":1,"enemies":"Cultist","floor":2,"turns":4},{"damage":5,"enemies":"Small Slimes","floor":3,"turns":5},{"damage":10,"enemies":"3 Louse","floor":4,"turns":2},{"damage":59,"enemies":"3 Sentries","floor":6,"turns":5},{"damage":8,"enemies":"Exordium Wildlife","floor":7,"turns":6},{"damage":0,"enemies":"Red Slaver","floor":14,"turns":4},{"damage":77,"enemies":"The Guardian","floor":16,"turns":9},{"damage":4,"enemies":"3 Byrds","floor":18,"turns":5},{"damage":33,"enemies":"Shell Parasite","floor":21,"turns":5},{"damage":20,"enemies":"Snecko","floor":22,"turns":4},{"damage":21,"enemies":"Centurion and Healer","floor":24,"turns":4},{"damage":11,"enemies":"3 Cultists","floor":28,"turns":4},{"damage":27,"enemies":"Sentry and Sphere","floor":29,"turns":5},{"damage":36,"enemies":"Snake Plant","floor":30,"turns":4},{"damage":3,"enemies":"Snecko","floor":31,"turns":3},{"damage":13,"enemies":"Champ","floor":33,"turns":9},{"damage":31,"enemies":"3 Darklings","floor":35,"turns":3},{"damage":6,"enemies":"Orb Walker","floor":39,"turns":3},{"damage":54,"enemies":"2 Orb Walkers","floor":40,"turns":4},{"damage":9,"enemies":"Maw","floor":44,"turns":6},{"damage":50,"enemies":"Sphere and 2 Shapes","floor":46,"turns":6},{"damage":19,"enemies":"3 Darklings","floor":48,"turns":5},{"damage":85,"enemies":"Awakened One","floor":50,"turns":12}],"event_choices":[{"event_name":"World of Goop","player_choice":"Gather Gold","floor":11,"damage_taken":0},{"event_name":"Dead Adventurer","player_choice":"Searched \u00271\u0027 times","floor":12,"damage_taken":0},{"event_name":"Dead Adventurer","player_choice":"Searched \u00271\u0027 times","floor":12,"damage_taken":0},{"event_name":"Dead Adventurer","player_choice":"Searched \u00271\u0027 times","floor":12,"damage_taken":0},{"event_name":"Drug Dealer","player_choice":"Got JAXXED","floor":19,"damage_taken":0},{"event_name":"Cursed Tome","player_choice":"Obtained Book","floor":20,"damage_taken":0},{"event_name":"Golden Shrine","player_choice":"Pray","floor":25,"damage_taken":0},{"event_name":"Winding Halls","player_choice":"Writhe","floor":36,"damage_taken":0},{"event_name":"Duplicator","player_choice":"One dupe","floor":38,"damage_taken":0}],"boss_relics":[{"not_picked":["Runic Dome","Snecko Eye"],"picked":"Black Blood"},{"not_picked":["Black Star","Philosopher\u0027s Stone"],"picked":"Sozu"}],"potions_floor_spawned":[3,4,6,7,16,18,21,22,30,33,44,46,48],"seed_played":"5843024428662935782","is_trial":false}