{"gold_per_floor":[114,132,132,57,75,109,109,109,157,176,69,85,101,114,114,217,267,281,281,294,122,134,134,49,49,49,60,141,141,141,155,155,256,256,266,266,48,48,68,68],"floor_reached":40,"playtime":3061,"items_purged":["Strike_B","Strike_B","Dualcast"],"score":435,"play_id":"67f3d991-91ce-4f95-9c12-6ba8c0dbca0a","local_time":"20181021232122","is_ascension_mode":true,"campfire_choices":[{"data":"Loop","floor":7,"key":"SMITH"},{"floor":15,"key":"REST"},{"floor":23,"key":"REST"},{"floor":30,"key":"REST"},{"data":"Blizzard","floor":32,"key":"SMITH"}],"neow_cost":"NONE","seed_source_timestamp":1020045602006580,"circlet_count":0,"master_deck":["Strike_B+1","Defend_B","Defend_B","Defend_B","Zap","Impatience","Coolheaded","Glacier","Loop+1","White Noise","Cold Snap","Loop","Blizzard+1","Capacitor","Barrage","Coolheaded","Coolheaded","Glacier","Glacier+1","Coolheaded","Seek","Hologram+1","Loop","Hologram"],"relics":["Cracked Core","Potion Belt","Regal Pillow","Bag of Preparation","Tiny House","Symbiotic Virus","Bottled Lightning","Molten Egg 2","Torii","Empty Cage","FaceOfCleric"],"potions_floor_usage":[6,16,22,25,33,33,33,40],"damage_taken":[{"damage":6,"enemies":"Jaw Worm","floor":1,"turns":3},{"damage":0,"enemies":"Cultist","floor":2,"turns":3},{"damage":0,"enemies":"Small Slimes","floor":5,"turns":4},{"damage":21,"enemies":"Gremlin Nob","floor":6,"turns":4},{"damage":10,"enemies":"Exordium Wildlife","floor":10,"turns":7},{"damage":10,"enemies":"Exordium Thugs","floor":12,"turns":8},{"damage":5,"enemies":"3 Louse","floor":13,"turns":4},{"damage":0,"enemies":"Lots of Slimes","floor":14,"turns":1},{"damage":48,"enemies":"The Guardian","floor":16,"turns":13},{"damage":25,"enemies":"Chosen","floor":18,"turns":7},{"damage":18,"enemies":"Shell Parasite","floor":20,"turns":11},{"damage":31,"enemies":"Cultist and Chosen","floor":22,"turns":11},{"damage":0,"enemies":"3 Cultists","floor":25,"turns":1},{"damage":13,"enemies":"Centurion and Healer","floor":27,"turns":15},{"damage":0,"enemies":"Snecko","floor":31,"turns":10},{"damage":72,"enemies":"Collector","floor":33,"turns":16},{"damage":9,"enemies":"3 Darklings","floor":35,"turns":7},{"damage":3,"enemies":"3 Shapes","floor":39,"turns":6},{"damage":86,"enemies":"Reptomancer","floor":40,"turns":8}],"seed_played":"5498853886200823577","potions_obtained":[{"floor":2,"key":"Poison Potion"},{"floor":12,"key":"Weak Potion"},{"floor":14,"key":"Ancient Potion"},{"floor":17,"key":"Fruit Juice"},{"floor":18,"key":"SkillPotion"},{"floor":19,"key":"FairyPotion"},{"floor":19,"key":"SmokeBomb"},{"floor":31,"key":"AttackPotion"},{"floor":39,"key":"SkillPotion"}],"is_trial":false,"path_per_floor":["M","M","?","$","M","E","R","?","T","M","$","M","M","M","R","B",null,"M","?","M","$","M","R","?","M","T","M","T","?","R","M","R","B",null,"M","?","$","?","M"],"character_chosen":"DEFECT","items_purchased":["Cold Snap","Loop","Glacier","Loop","Hologram"],"campfire_rested":3,"item_purchase_floors":[11,11,21,37,37],"current_hp_per_floor":[69,69,69,69,69,48,48,45,45,35,35,25,20,20,57,9,80,55,55,37,37,6,45,45,45,45,32,32,32,71,71,71,4,85,76,76,76,76,74,0],"gold":68,"neow_bonus":"RANDOM_COLORLESS","is_prod":false,"is_daily":false,"chose_seed":false,"campfire_upgraded":2,"win_rate":0,"timestamp":1540178482,"path_taken":["M","M","?","$","M","E","R","?","T","M","$","?","M","M","R","BOSS","M","?","M","$","M","R","?","M","T","?","?","?","R","M","R","BOSS","M","?","$","?","M","E"],"build_version":"2018-10-18","purchased_purges":3,"victory":false,"max_hp_per_floor":[75,75,75,75,75,75,75,75,75,75,75,75,75,75,75,75,80,80,80,80,80,80,80,80,80,80,80,80,80,80,80,80,85,85,85,85,85,85,86,86],"card_choices":[{"not_picked":["Reprogram","Chill"],"picked":"Coolheaded","floor":1},{"not_picked":["Leap","Turbo"],"picked":"Glacier","floor":2},{"not_picked":["Sunder","Doom and Gloom"],"picked":"Loop","floor":5},{"not_picked":["BootSequence","FTL","Rip and Tear"],"picked":"SKIP","floor":6},{"not_picked":["Sweeping Beam","BootSequence"],"picked":"White Noise","floor":10},{"not_picked":["Hyperbeam","Sweeping Beam","Melter"],"picked":"SKIP","floor":12},{"not_picked":["Sweeping Beam","Leap"],"picked":"Blizzard","floor":13},{"not_picked":["Redo","Skim"],"picked":"Capacitor","floor":14},{"not_picked":["Seek","Amplify"],"picked":"Creative AI","floor":16},{"not_picked":["Consume","Rebound"],"picked":"Barrage","floor":17},{"not_picked":["Ball Lightning","Compile Driver"],"picked":"Coolheaded","floor":18},{"not_picked":["Go for the Eyes+1","Hologram"],"picked":"Coolheaded","floor":20},{"not_picked":["Melter","Aggregate+1"],"picked":"Glacier+1","floor":22},{"not_picked":["Undo","Conserve Battery"],"picked":"Coolheaded","floor":27},{"not_picked":["Hello World","Tempest","Ball Lightning+1"],"picked":"SKIP","floor":31},{"not_picked":["Buffer","Biased Cognition"],"picked":"Seek","floor":33},{"not_picked":["Conserve Battery","Heatsinks"],"picked":"Hologram+1","floor":35},{"not_picked":["Sweeping Beam+1","Leap","Aggregate+1"],"picked":"SKIP","floor":39}],"player_experience":659228,"relics_obtained":[{"floor":6,"key":"Potion Belt"},{"floor":9,"key":"Bag of Preparation"},{"floor":26,"key":"Bottled Lightning"},{"floor":28,"key":"Molten Egg 2"}],"event_choices":[{"cards_removed":["Defend_B"],"damage_healed":0,"gold_gain":0,"player_choice":"Purged","damage_taken":0,"max_hp_gain":0,"max_hp_loss":0,"event_name":"Purifier","floor":3,"gold_loss":0},{"damage_healed":0,"gold_gain":0,"player_choice":"Success","damage_taken":3,"relics_obtained":["Regal Pillow"],"max_hp_gain":0,"max_hp_loss":0,"event_name":"Scrap Ooze","floor":8,"gold_loss":0},{"damage_healed":0,"gold_gain":0,"player_choice":"Got Potions","damage_taken":0,"max_hp_gain":0,"max_hp_loss":0,"event_name":"The Lab","floor":19,"gold_loss":0},{"damage_healed":0,"gold_gain":0,"player_choice":"Obtained Relic","damage_taken":0,"relics_obtained":["Symbiotic Virus"],"max_hp_gain":0,"max_hp_loss":0,"event_name":"Addict","floor":24,"gold_loss":85},{"damage_healed":0,"gold_gain":0,"player_choice":"Opened","damage_taken":0,"relics_obtained":["Torii"],"max_hp_gain":0,"max_hp_loss":0,"event_name":"The Mausoleum","floor":29,"gold_loss":0},{"damage_healed":0,"gold_gain":0,"player_choice":"Ignored","damage_taken":0,"max_hp_gain":0,"max_hp_loss":0,"event_name":"Mysterious Sphere","floor":36,"gold_loss":0},{"damage_healed":0,"gold_gain":0,"player_choice":"Trade","damage_taken":0,"relics_obtained":["FaceOfCleric"],"max_hp_gain":0,"max_hp_loss":0,"event_name":"FaceTrader","floor":38,"gold_loss":0}],"is_beta":false,"boss_relics":[{"not_picked":["Lizard Tail","Philosopher\u0027s Stone"],"picked":"Tiny House"},{"not_picked":["Runic Dome","Black Star"],"picked":"Empty Cage"}],"items_purged_floors":[4,21,37],"is_endless":false,"potions_floor_spawned":[2,12,14,18,20,31,39],"killed_by":"Reptomancer","ascension_level":1}