{"gold_per_floor":[20,95,20,20,34,63,63,63,63,63,80,92,109,164,164,164],"floor_reached":16,"playtime":720,"items_purged":[],"score":220,"play_id":"db0d094d-f0e3-4bc5-9a8b-882520983436","local_time":"20181223163417","is_ascension_mode":true,"campfire_choices":[{"floor":7,"key":"DIG"},{"floor":10,"key":"DIG"},{"floor":15,"key":"DIG"}],"neow_cost":"NO_GOLD","seed_source_timestamp":163866667462412,"circlet_count":0,"master_deck":["AscendersBane","Strike_R","Strike_R","Strike_R","Strike_R","Defend_R","Defend_R","Defend_R","Defend_R","Bash","Clothesline","Armaments+1","Iron Wave","Cleave","Feel No Pain","Impervious"],"relics":["Burning Blood","Shovel","Art of War","Centennial Puzzle","Shuriken","Ginger","Tiny Chest","Blood Vial"],"potions_floor_usage":[6,6,14],"damage_taken":[{"damage":5,"enemies":"Small Slimes","floor":1,"turns":4},{"damage":10,"enemies":"2 Louse","floor":5,"turns":3},{"damage":23,"enemies":"Gremlin Nob","floor":6,"turns":4},{"damage":2,"enemies":"Jaw Worm","floor":11,"turns":5},{"damage":1,"enemies":"Looter","floor":12,"turns":5},{"damage":5,"enemies":"Large Slime","floor":13,"turns":3},{"damage":30,"enemies":"Lagavulin","floor":14,"turns":10},{"damage":31,"enemies":"Slime Boss","floor":16,"turns":10}],"seed_played":"114965392595303242","potions_obtained":[{"floor":1,"key":"PowerPotion"},{"floor":5,"key":"EssenceOfSteel"},{"floor":6,"key":"Weak Potion"}],"is_trial":false,"path_per_floor":["M","?","?","$","M","E","R","?","T","R","M","M","M","E","R","B"],"character_chosen":"IRONCLAD","items_purchased":[],"campfire_rested":0,"item_purchase_floors":[],"current_hp_per_floor":[69,58,58,58,54,37,37,37,37,37,41,46,47,23,23,0],"gold":164,"neow_bonus":"ONE_RARE_RELIC","is_prod":false,"is_daily":false,"chose_seed":false,"campfire_upgraded":0,"win_rate":0,"timestamp":1545611657,"path_taken":["M","?","?","?","M","E","R","?","T","R","M","M","M","E","R","BOSS"],"build_version":"2018-12-20","purchased_purges":0,"victory":false,"max_hp_per_floor":[75,75,75,75,75,75,75,75,75,75,75,75,75,75,75,75],"card_choices":[{"not_picked":["Rage","Shockwave"],"picked":"Clothesline","floor":1},{"not_picked":["Perfected Strike","Headbutt"],"picked":"Armaments","floor":5},{"not_picked":["Body Slam","Iron Wave","Dual Wield"],"picked":"SKIP","floor":6},{"not_picked":["Flex","Twin Strike"],"picked":"Iron Wave","floor":11},{"not_picked":["Shockwave","Twin Strike"],"picked":"Cleave","floor":12},{"not_picked":["Heavy Blade","Iron Wave"],"picked":"Feel No Pain","floor":13},{"not_picked":["Pommel Strike","Carnage"],"picked":"Impervious","floor":14}],"player_experience":4010776,"relics_obtained":[{"floor":6,"key":"Art of War"},{"floor":7,"key":"Centennial Puzzle"},{"floor":9,"key":"Shuriken"},{"floor":10,"key":"Ginger"},{"floor":14,"key":"Tiny Chest"},{"floor":15,"key":"Blood Vial"}],"event_choices":[{"damage_healed":0,"gold_gain":75,"player_choice":"Gather Gold","damage_taken":11,"max_hp_gain":0,"max_hp_loss":0,"event_name":"World of Goop","floor":2,"gold_loss":0},{"cards_removed":["Strike_R"],"damage_healed":0,"gold_gain":0,"player_choice":"Card Removal","damage_taken":0,"max_hp_gain":0,"max_hp_loss":0,"event_name":"The Cleric","floor":3,"gold_loss":75},{"damage_healed":0,"gold_gain":0,"player_choice":"Grow","damage_taken":0,"max_hp_gain":0,"max_hp_loss":0,"event_name":"Living Wall","floor":8,"gold_loss":0,"cards_upgraded":["Armaments"]}],"is_beta":true,"boss_relics":[],"items_purged_floors":[],"is_endless":false,"potions_floor_spawned":[1,5,6],"killed_by":"Slime Boss","ascension_level":20}