{"gold_per_floor":[115,130,145,145,165,191,173,173,173,202,302,263,297,19,19,119,119,135,88,88,113,113,113],"floor_reached":23,"playtime":1186,"items_purged":[],"score":269,"play_id":"11531b3f-07df-4676-b2b6-367e520c5eb6","local_time":"20181215122404","is_ascension_mode":true,"campfire_choices":[{"floor":8,"key":"REST"},{"data":"1","floor":15,"key":"LIFT"}],"neow_cost":"NONE","seed_source_timestamp":240126464524727,"circlet_count":0,"master_deck":["Defend_G","Defend_G","Defend_G","Defend_G","Defend_G","Strike_G","Strike_G","Strike_G","Strike_G","Strike_G","Survivor","Neutralize+1","Choke","Accuracy","Infinite Blades","Accuracy","Dodge and Roll","Finisher","Escape Plan","Infinite Blades","Well Laid Plans","Bullet Time","Bouncing Flask","Cloak And Dagger","Accuracy"],"relics":["Ring of the Snake","NeowsBlessing","Incense Burner","Girya","Du-Vu Doll","Bird Faced Urn","Lee\u0027s Waffle","Cursed Key","Red Mask"],"potions_floor_usage":[5,16,18],"damage_taken":[{"damage":0,"enemies":"Cultist","floor":1,"turns":1},{"damage":0,"enemies":"Small Slimes","floor":2,"turns":1},{"damage":0,"enemies":"2 Louse","floor":3,"turns":1},{"damage":5,"enemies":"2 Fungi Beasts","floor":5,"turns":3},{"damage":37,"enemies":"3 Sentries","floor":6,"turns":7},{"damage":12,"enemies":"Exordium Thugs","floor":7,"turns":4},{"damage":8,"enemies":"Lagavulin","floor":10,"turns":6},{"damage":14,"enemies":"3 Sentries","floor":13,"turns":9},{"damage":36,"enemies":"Hexaghost","floor":16,"turns":8},{"damage":5,"enemies":"Chosen","floor":18,"turns":4},{"damage":39,"enemies":"Masked Bandits","floor":21,"turns":5},{"damage":46,"enemies":"Book of Stabbing","floor":23,"turns":5}],"seed_played":"-6164921361348592599","potions_obtained":[{"floor":1,"key":"Fire Potion"},{"floor":13,"key":"Weak Potion"},{"floor":16,"key":"Swift Potion"}],"is_trial":false,"path_per_floor":["M","M","M","?","M","E","M","R","T","E","?","$","E","$","R","B",null,"M","$","?","?","?","E"],"character_chosen":"THE_SILENT","items_purchased":["Infinite Blades","Lee\u0027s Waffle","Well Laid Plans","Cloak And Dagger"],"campfire_rested":1,"item_purchase_floors":[12,14,14,19],"current_hp_per_floor":[63,63,63,63,58,21,9,30,30,22,22,22,8,77,77,43,69,74,74,74,43,29,0],"gold":113,"neow_bonus":"THREE_ENEMY_KILL","is_prod":false,"is_daily":false,"chose_seed":false,"campfire_upgraded":0,"win_rate":0,"timestamp":1544894644,"path_taken":["M","M","M","?","M","E","M","R","T","E","?","$","E","$","R","BOSS","M","?","?","?","?","E"],"build_version":"2018-12-13","purchased_purges":0,"victory":false,"max_hp_per_floor":[70,70,70,70,70,70,70,70,70,70,70,70,70,77,77,77,77,77,77,77,77,82,82],"card_choices":[{"not_picked":["Riddle With Holes","Prepared"],"picked":"Choke","floor":1},{"not_picked":["Backflip","Flying Knee"],"picked":"Accuracy","floor":2},{"not_picked":["Footwork","Sucker Punch"],"picked":"Infinite Blades","floor":3},{"not_picked":["Glass Knife","Slice"],"picked":"Accuracy","floor":5},{"not_picked":["Poisoned Stab","Flying Knee"],"picked":"Dodge and Roll","floor":6},{"not_picked":["PiercingWail","Slice"],"picked":"Finisher","floor":7},{"not_picked":["Predator","PiercingWail"],"picked":"Escape Plan","floor":10},{"not_picked":["Concentrate","Dagger Throw","Predator"],"picked":"SKIP","floor":13},{"not_picked":["Unload","Tools of the Trade"],"picked":"Bullet Time","floor":16},{"not_picked":["All Out Attack+1","Well Laid Plans"],"picked":"Bouncing Flask","floor":18}],"player_experience":315763,"relics_obtained":[{"floor":6,"key":"Incense Burner"},{"floor":9,"key":"Girya"},{"floor":10,"key":"Du-Vu Doll"},{"floor":13,"key":"Bird Faced Urn"},{"floor":21,"key":"Red Mask"}],"event_choices":[{"damage_healed":0,"gold_gain":0,"player_choice":"Grow","damage_taken":0,"max_hp_gain":0,"max_hp_loss":0,"event_name":"Living Wall","floor":4,"gold_loss":0,"cards_upgraded":["Neutralize"]},{"damage_healed":0,"gold_gain":100,"player_choice":"Pray","damage_taken":0,"max_hp_gain":0,"max_hp_loss":0,"event_name":"Golden Shrine","floor":11,"gold_loss":0},{"damage_healed":0,"gold_gain":0,"player_choice":"Read","damage_taken":0,"max_hp_gain":0,"max_hp_loss":0,"event_name":"The Library","floor":20,"gold_loss":0,"cards_obtained":["Accuracy"]},{"damage_healed":0,"gold_gain":0,"player_choice":"Fought Bandits","damage_taken":0,"max_hp_gain":0,"max_hp_loss":0,"event_name":"Masked Bandits","floor":21,"gold_loss":0},{"damage_healed":0,"gold_gain":0,"player_choice":"Shed Blood","damage_taken":19,"max_hp_gain":5,"max_hp_loss":0,"event_name":"Forgotten Altar","floor":22,"gold_loss":0}],"is_beta":false,"boss_relics":[{"not_picked":["Ectoplasm","Pandora\u0027s Box"],"picked":"Cursed Key"}],"items_purged_floors":[],"is_endless":false,"potions_floor_spawned":[1,13,16],"killed_by":"Book of Stabbing","ascension_level":6}