{"gold_per_floor":[111,111,36,47,65,65,91,91,91,122,197,197,197,208,208,283,283,302,217,142,142,65,65,37,37,37,56,75,75,109,109,109,185,185,199,218,218,218],"floor_reached":38,"playtime":1886,"items_purged":["Strike_R"],"score":796,"play_id":"21ea148b-30a6-43d9-a791-757abacb1953","local_time":"20181230164323","is_ascension_mode":true,"campfire_choices":[{"data":"Bash","floor":6,"key":"SMITH"},{"data":"Anger","floor":8,"key":"SMITH"},{"floor":13,"key":"REST"},{"data":"Combust","floor":15,"key":"SMITH"},{"data":"Brutality","floor":23,"key":"SMITH"},{"data":"Armaments","floor":25,"key":"SMITH"},{"floor":29,"key":"REST"},{"floor":32,"key":"REST"}],"neow_cost":"NONE","seed_source_timestamp":768041741772477,"circlet_count":0,"master_deck":["AscendersBane","Strike_R","Strike_R","Defend_R","Defend_R","Defend_R","Defend_R","Bash+1","Anger+1","Spot Weakness","Sword Boomerang","Pommel Strike","Combust+1","Flame Barrier","Brutality+1","Shrug It Off","Writhe","Rupture","Armaments+1","Impervious"],"relics":["Burning Blood","NeowsBlessing","Mummified Hand","Singing Bowl","Strawberry","White Beast Statue","Anchor","MawBank","Gremlin Horn","Pen Nib","Runic Dome"],"potions_floor_usage":[10,16,18,30,30,30,31,33,35,38,38],"damage_taken":[{"damage":0,"enemies":"Jaw Worm","floor":1,"turns":1},{"damage":0,"enemies":"Cultist","floor":4,"turns":1},{"damage":0,"enemies":"Small Slimes","floor":5,"turns":1},{"damage":35,"enemies":"3 Sentries","floor":7,"turns":8},{"damage":34,"enemies":"Lagavulin","floor":10,"turns":5},{"damage":10,"enemies":"Red Slaver","floor":14,"turns":3},{"damage":14,"enemies":"Slime Boss","floor":16,"turns":6},{"damage":20,"enemies":"Spheric Guardian","floor":18,"turns":4},{"damage":3,"enemies":"3 Byrds","floor":27,"turns":4},{"damage":18,"enemies":"Centurion and Healer","floor":28,"turns":5},{"damage":41,"enemies":"Book of Stabbing","floor":30,"turns":4},{"damage":25,"enemies":"Colosseum Slavers","floor":31,"turns":4},{"damage":38,"enemies":"Champ","floor":33,"turns":8},{"damage":39,"enemies":"3 Darklings","floor":35,"turns":5},{"damage":20,"enemies":"3 Shapes","floor":36,"turns":5},{"damage":45,"enemies":"3 Darklings","floor":38,"turns":5}],"seed_played":"-4178731263805159140","potions_obtained":[{"floor":7,"key":"LiquidBronze"},{"floor":10,"key":"SteroidPotion"},{"floor":14,"key":"SpeedPotion"},{"floor":18,"key":"SneckoOil"},{"floor":27,"key":"EntropicBrew"},{"floor":28,"key":"Swift Potion"},{"floor":30,"key":"FearPotion"},{"floor":33,"key":"Poison Potion"},{"floor":35,"key":"BloodPotion"},{"floor":36,"key":"BloodPotion"}],"is_trial":false,"path_per_floor":["M","?","$","M","M","R","E","R","T","E","?","?","R","M","R","B",null,"M","?","?","?","$","R","$","R","T","M","M","R","E","?","R","B",null,"M","M","?","M"],"character_chosen":"IRONCLAD","items_purchased":["Rupture","Armaments"],"campfire_rested":3,"item_purchase_floors":[22,24],"current_hp_per_floor":[74,74,74,75,75,75,46,46,46,25,14,14,38,34,34,26,68,54,54,54,54,54,54,54,54,54,59,49,74,41,22,48,16,70,39,27,27,0],"gold":218,"neow_bonus":"THREE_ENEMY_KILL","is_prod":false,"is_daily":false,"chose_seed":false,"campfire_upgraded":5,"win_rate":0,"timestamp":1546217003,"path_taken":["M","?","$","?","M","R","E","R","T","E","?","?","R","M","R","BOSS","M","?","?","?","$","R","$","R","T","M","M","R","E","?","R","BOSS","M","M","?","M"],"build_version":"2018-12-25","purchased_purges":1,"victory":false,"max_hp_per_floor":[75,75,75,75,75,75,75,75,75,82,82,82,82,82,82,82,82,82,82,82,82,82,82,82,82,82,84,86,86,88,88,88,88,88,90,92,92,92],"card_choices":[{"not_picked":["Armaments","True Grit"],"picked":"Anger","floor":1},{"not_picked":["Searing Blow","Cleave"],"picked":"Spot Weakness","floor":4},{"not_picked":["True Grit","Heavy Blade"],"picked":"Sword Boomerang","floor":5},{"not_picked":["Heavy Blade","Anger"],"picked":"Pommel Strike","floor":7},{"not_picked":["Metallicize","Wild Strike"],"picked":"Combust","floor":10},{"not_picked":["Armaments","Fiend Fire"],"picked":"Flame Barrier","floor":14},{"not_picked":["Barricade","Exhume"],"picked":"Brutality","floor":16},{"not_picked":["True Grit","Twin Strike"],"picked":"Shrug It Off","floor":18},{"not_picked":["Heavy Blade","Sever Soul","Power Through"],"picked":"Singing Bowl","floor":27},{"not_picked":["Cleave","Wild Strike","Twin Strike"],"picked":"Singing Bowl","floor":28},{"not_picked":["Rampage","Body Slam","Armaments"],"picked":"Singing Bowl","floor":30},{"not_picked":["Double Tap","Exhume"],"picked":"Impervious","floor":33},{"not_picked":["Fire Breathing+1","Clothesline","Uppercut"],"picked":"Singing Bowl","floor":35},{"not_picked":["Havoc","Armaments+1","Cleave"],"picked":"Singing Bowl","floor":36}],"player_experience":4122323,"relics_obtained":[{"floor":7,"key":"Mummified Hand"},{"floor":9,"key":"Singing Bowl"},{"floor":10,"key":"Strawberry"},{"floor":26,"key":"Gremlin Horn"},{"floor":30,"key":"Pen Nib"}],"event_choices":[{"cards_removed":["Strike_R"],"damage_healed":0,"gold_gain":0,"player_choice":"Purged","damage_taken":0,"max_hp_gain":0,"max_hp_loss":0,"event_name":"Purifier","floor":2,"gold_loss":0},{"damage_healed":0,"gold_gain":75,"player_choice":"Gather Gold","damage_taken":11,"max_hp_gain":0,"max_hp_loss":0,"event_name":"World of Goop","floor":11,"gold_loss":0},{"damage_healed":0,"gold_gain":0,"player_choice":"Leave","damage_taken":0,"max_hp_gain":0,"max_hp_loss":0,"event_name":"FaceTrader","floor":12,"gold_loss":0},{"damage_healed":0,"gold_gain":0,"player_choice":"Obtained Relic","damage_taken":0,"relics_obtained":["Anchor"],"max_hp_gain":0,"max_hp_loss":0,"event_name":"Addict","floor":19,"gold_loss":85},{"cards_removed":["Strike_R"],"damage_healed":0,"gold_gain":0,"player_choice":"Gave Gold","damage_taken":0,"max_hp_gain":0,"max_hp_loss":0,"event_name":"Beggar","floor":20,"gold_loss":75},{"damage_healed":0,"gold_gain":0,"player_choice":"Opened","damage_taken":0,"relics_obtained":["MawBank"],"max_hp_gain":0,"max_hp_loss":0,"event_name":"The Mausoleum","floor":21,"gold_loss":0,"cards_obtained":["Writhe"]},{"damage_healed":0,"gold_gain":0,"player_choice":"Fight","damage_taken":0,"max_hp_gain":0,"max_hp_loss":0,"event_name":"Colosseum","floor":31,"gold_loss":0},{"damage_healed":0,"gold_gain":0,"player_choice":"Fled From Nobs","damage_taken":0,"max_hp_gain":0,"max_hp_loss":0,"event_name":"Colosseum","floor":31,"gold_loss":0},{"damage_healed":0,"gold_gain":0,"player_choice":"Ignored","damage_taken":0,"max_hp_gain":0,"max_hp_loss":0,"event_name":"The Moai Head","floor":37,"gold_loss":0}],"is_beta":true,"boss_relics":[{"not_picked":["Lizard Tail","Black Blood"],"picked":"White Beast Statue"},{"not_picked":["Mark of Pain","Tiny House"],"picked":"Runic Dome"}],"items_purged_floors":[3],"is_endless":false,"potions_floor_spawned":[7,10,14,18,27,28,30,31,33,35,36],"killed_by":"3 Darklings","ascension_level":20}