{"path_per_floor":["M","T","M","$","?","R","M","M","T","M","M","?","$","M","R","B",null,"M","?","M","M","M","R"],"character_chosen":"THE_SILENT","items_purchased":["Deep Breath","Dodge and Roll","Infinite Blades","Dagger Throw"],"gold_per_floor":[119,144,161,19,19,19,42,12,60,80,98,132,14,39,39,162,162,177,177,201,221,239,239],"floor_reached":24,"campfire_rested":3,"playtime":2895,"current_hp_per_floor":[70,70,70,70,53,70,70,69,69,61,60,43,43,43,64,23,70,41,41,34,34,15,36],"items_purged":[],"gold":239,"play_id":"ed36df11-15f2-4709-8330-7da2f0ed4b37","is_prod":false,"is_daily":false,"is_ascension_mode":false,"campfire_upgraded":0,"path_taken":["M","?","M","?","?","R","M","M","T","M","?","?","?","M","R","BOSS","M","?","M","?","M","R","M"],"build_version":"2018-02-01-PROD3","purchased_purges":0,"victory":false,"master_deck":["Defend_G","Defend_G","Defend_G","Defend_G","Defend_G","Strike_G","Strike_G","Strike_G","Strike_G","Strike_G","Survivor","Neutralize","Doubt","After Image","Quick Slash","Footwork","Deep Breath","Dodge and Roll","Dodge and Roll","Dodge and Roll","Deflect","Dagger Throw","Prepared","Leg Sweep","Infinite Blades","Dagger Throw","Distraction","Dagger Throw","Unload","Flying Knee","Quick Slash","Acrobatics","Backstab","Dagger Throw"],"max_hp_per_floor":[70,70,70,70,70,70,70,70,70,70,70,70,70,70,70,70,70,70,70,70,70,70,70],"relics":["Ring of the Snake","Dream Catcher","Golden Idol","Oddly Smooth Stone","Odd Mushroom","Question Card"],"card_choices":[{"not_picked":["Burst","Phantasmal Killer"],"picked":"After Image"},{"not_picked":["Choke","Dagger Spray"],"picked":"Quick Slash"},{"not_picked":["Slice","Heel Hook"],"picked":"Footwork"},{"not_picked":["Blur","Outmaneuver"],"picked":"Dodge and Roll"},{"not_picked":["Malaise","Envenom"],"picked":"Dodge and Roll"},{"not_picked":["Leg Sweep","Masterful Stab"],"picked":"Deflect"},{"not_picked":["Sucker Punch","PiercingWail"],"picked":"Dagger Throw"},{"not_picked":["Deadly Poison","Crippling Poison"],"picked":"Prepared"},{"not_picked":["Endless Agony","Sucker Punch"],"picked":"Leg Sweep"},{"not_picked":["Backstab","Predator"],"picked":"Distraction"},{"not_picked":["Crippling Poison","Backflip"],"picked":"Dagger Throw"},{"not_picked":["Night Terror","Glass Knife"],"picked":"Unload"},{"not_picked":["Dodge and Roll","Dagger Spray","Deflect"],"picked":"Flying Knee"},{"not_picked":["Bouncing Flask","Heel Hook","Eviscerate"],"picked":"Quick Slash"},{"not_picked":["Venomology","Slice","Poisoned Stab"],"picked":"Acrobatics"},{"not_picked":["Deadly Poison","Leg Sweep","Acrobatics"],"picked":"Backstab"},{"not_picked":["Acrobatics","Skewer","Venomology"],"picked":"Dagger Throw"}],"player_experience":9087,"potions_floor_usage":[22],"damage_taken":[{"damage":0,"enemies":"Blue Slaver","floor":1,"turns":6},{"damage":0,"enemies":"Cultist","floor":3,"turns":4},{"damage":0,"enemies":"Jaw Worm","floor":7,"turns":7},{"damage":1,"enemies":"Looter","floor":8,"turns":4},{"damage":8,"enemies":"Lots of Slimes","floor":10,"turns":10},{"damage":1,"enemies":"Exordium Thugs","floor":11,"turns":7},{"damage":17,"enemies":"The Mushroom Lair","floor":12,"turns":8},{"damage":0,"enemies":"Large Slime","floor":14,"turns":10},{"damage":41,"enemies":"The Guardian","floor":16,"turns":12},{"damage":29,"enemies":"Spheric Guardian","floor":18,"turns":7},{"damage":7,"enemies":"3 Byrds","floor":20,"turns":11},{"damage":0,"enemies":"Snecko","floor":21,"turns":9},{"damage":19,"enemies":"Snake Plant","floor":22,"turns":9},{"damage":45,"enemies":"3 Cultists","floor":24,"turns":7}],"event_choices":[{"event_name":"Golden Idol","player_choice":"Take Damage","floor":5,"damage_taken":0},{"event_name":"Mushrooms","player_choice":"Fought Mushrooms","floor":12,"damage_taken":0},{"event_name":"Drug Dealer","player_choice":"Ignored","floor":19,"damage_taken":0}],"boss_relics":[{"not_picked":["The Specimen","Philosopher\u0027s Stone"],"picked":"Question Card"}],"potions_floor_spawned":[1,7,11,12,21,22],"seed_played":"9213824045481009073","killed_by":"3 Cultists","ascension_level":0,"is_trial":false}