{"gold_per_floor":[19,19,39,52,67,67,86,116,141,141,168,181,213,288,288,288],"floor_reached":16,"playtime":1018,"items_purged":[],"score":294,"play_id":"f07cb40f-90c2-4c97-833f-dcf22fcffa22","local_time":"20181225110729","is_ascension_mode":true,"campfire_choices":[{"data":"Fiend Fire","floor":6,"key":"SMITH"},{"data":"Offering","floor":10,"key":"SMITH"},{"data":"Disarm","floor":15,"key":"SMITH"}],"neow_cost":"NO_GOLD","seed_source_timestamp":316759976466896,"circlet_count":0,"master_deck":["AscendersBane","Strike_R","Strike_R","Strike_R","Strike_R","Strike_R","Defend_R","Defend_R","Defend_R","Defend_R","Bash","Fiend Fire+1","Shrug It Off","Thunderclap","Offering+1","Pommel Strike","Anger","Shrug It Off","Disarm+1","Flame Barrier"],"relics":["Burning Blood","Gambling Chip","Centennial Puzzle","Boot","Happy Flower"],"potions_floor_usage":[11,16,16],"damage_taken":[{"damage":1,"enemies":"Cultist","floor":1,"turns":3},{"damage":12,"enemies":"Small Slimes","floor":3,"turns":3},{"damage":0,"enemies":"2 Louse","floor":4,"turns":2},{"damage":1,"enemies":"2 Fungi Beasts","floor":5,"turns":3},{"damage":13,"enemies":"3 Louse","floor":7,"turns":4},{"damage":21,"enemies":"Lagavulin","floor":8,"turns":3},{"damage":18,"enemies":"3 Sentries","floor":11,"turns":6},{"damage":9,"enemies":"Exordium Thugs","floor":12,"turns":2},{"damage":6,"enemies":"Gremlin Nob","floor":13,"turns":1},{"damage":61,"enemies":"Hexaghost","floor":16,"turns":11}],"seed_played":"-5649030738430136740","potions_obtained":[{"floor":3,"key":"Block Potion"},{"floor":4,"key":"EssenceOfSteel"},{"floor":7,"key":"Regen Potion"},{"floor":8,"key":"PowerPotion"},{"floor":12,"key":"Regen Potion"}],"is_trial":false,"path_per_floor":["M","$","M","M","M","R","M","E","T","R","E","M","E","?","R","B"],"character_chosen":"IRONCLAD","items_purchased":[],"campfire_rested":0,"item_purchase_floors":[],"current_hp_per_floor":[73,73,67,73,75,75,68,53,53,53,56,53,53,42,42,0],"gold":288,"neow_bonus":"THREE_RARE_CARDS","is_prod":false,"is_daily":false,"chose_seed":false,"campfire_upgraded":3,"win_rate":0,"timestamp":1545764849,"path_taken":["M","?","M","M","M","R","M","E","T","R","E","M","E","?","R","BOSS"],"build_version":"2018-12-20","purchased_purges":0,"victory":false,"max_hp_per_floor":[75,75,75,75,75,75,75,75,75,75,75,75,75,75,75,75],"card_choices":[{"not_picked":["Offering","Exhume"],"picked":"Fiend Fire","floor":0},{"not_picked":["Iron Wave","Headbutt"],"picked":"Shrug It Off","floor":1},{"not_picked":["Clash","Flex","Warcry"],"picked":"SKIP","floor":3},{"not_picked":["Warcry","Cleave"],"picked":"Thunderclap","floor":4},{"not_picked":["Anger","True Grit"],"picked":"Offering","floor":5},{"not_picked":["Havoc","Body Slam"],"picked":"Pommel Strike","floor":7},{"not_picked":["Heavy Blade","Ghostly Armor"],"picked":"Anger","floor":8},{"not_picked":["Clash","Clothesline"],"picked":"Shrug It Off","floor":11},{"not_picked":["Reaper","Armaments"],"picked":"Disarm","floor":12},{"not_picked":["Evolve","Body Slam"],"picked":"Flame Barrier","floor":13}],"player_experience":4031485,"relics_obtained":[{"floor":8,"key":"Gambling Chip"},{"floor":9,"key":"Centennial Puzzle"},{"floor":11,"key":"Boot"},{"floor":13,"key":"Happy Flower"}],"event_choices":[{"damage_healed":0,"gold_gain":75,"player_choice":"Gather Gold","damage_taken":11,"max_hp_gain":0,"max_hp_loss":0,"event_name":"World of Goop","floor":14,"gold_loss":0}],"is_beta":true,"boss_relics":[],"items_purged_floors":[],"is_endless":false,"potions_floor_spawned":[3,4,7,8,12],"killed_by":"Hexaghost","ascension_level":20}