{"gold_per_floor":[367,35,47,65,76,76,93,110,110,110,23,23,23,49,49,49],"floor_reached":16,"playtime":1376,"items_purged":[],"score":128,"play_id":"fcf01ddf-73d0-4789-aa5a-2b4f0a6dd123","local_time":"20190220205009","is_ascension_mode":true,"campfire_choices":[{"floor":10,"key":"REST"},{"floor":13,"key":"REST"},{"floor":15,"key":"REST"}],"neow_cost":"TEN_PERCENT_HP_LOSS","seed_source_timestamp":7186724034420,"circlet_count":0,"master_deck":["Defend_G","Defend_G","Defend_G","Defend_G","Defend_G","Strike_G","Strike_G","Strike_G","Strike_G","Survivor","Neutralize","Sucker Punch","Blade Dance+1","Setup","Dagger Spray","Outmaneuver+1","Footwork","Acrobatics","Flying Knee","Flash of Steel","Dodge and Roll"],"relics":["Ring of the Snake","Kunai","Question Card","Torii"],"potions_floor_usage":[5,14],"damage_taken":[{"damage":3,"enemies":"Jaw Worm","floor":1,"turns":8},{"damage":4,"enemies":"Small Slimes","floor":3,"turns":5},{"damage":0,"enemies":"Cultist","floor":4,"turns":4},{"damage":17,"enemies":"Lots of Slimes","floor":5,"turns":5},{"damage":6,"enemies":"Large Slime","floor":7,"turns":9},{"damage":0,"enemies":"Looter","floor":8,"turns":3},{"damage":14,"enemies":"3 Sentries","floor":14,"turns":11},{"damage":53,"enemies":"Hexaghost","floor":16,"turns":16}],"seed_played":"-3690274914339742037","potions_obtained":[{"floor":4,"key":"Weak Potion"},{"floor":7,"key":"SkillPotion"},{"floor":14,"key":"Energy Potion"}],"is_trial":false,"path_per_floor":["M","$","M","M","M","?","M","M","T","R","$","?","R","E","R","B"],"character_chosen":"THE_SILENT","items_purchased":["Kunai","Blade Dance","Setup","Flash of Steel"],"campfire_rested":3,"item_purchase_floors":[2,2,2,11],"current_hp_per_floor":[60,60,56,56,39,26,20,20,20,38,38,31,49,35,53,0],"gold":49,"neow_bonus":"TWO_FIFTY_GOLD","is_prod":false,"is_daily":false,"chose_seed":false,"campfire_upgraded":0,"win_rate":0,"timestamp":1550695809,"path_taken":["M","$","M","M","M","?","M","M","T","R","$","?","R","E","R","BOSS"],"build_version":"2019-01-23","purchased_purges":0,"victory":false,"max_hp_per_floor":[63,63,63,63,63,63,63,63,63,63,63,63,63,63,63,63],"card_choices":[{"not_picked":["Deflect","PiercingWail"],"picked":"Sucker Punch","floor":1},{"not_picked":["Escape Plan","Poisoned Stab"],"picked":"Dagger Spray","floor":3},{"not_picked":["Phantasmal Killer","Dagger Throw"],"picked":"Outmaneuver","floor":4},{"not_picked":["Dagger Throw","All Out Attack"],"picked":"Footwork","floor":5},{"not_picked":["Flying Knee","Choke"],"picked":"Acrobatics","floor":7},{"not_picked":["Endless Agony","Masterful Stab","Flying Knee"],"picked":"SKIP","floor":8},{"not_picked":["Endless Agony","Masterful Stab"],"picked":"Flying Knee","floor":8},{"not_picked":["Blade Dance","Bane","Outmaneuver"],"picked":"Dodge and Roll","floor":14}],"player_experience":534804,"relics_obtained":[{"floor":9,"key":"Question Card"},{"floor":14,"key":"Torii"}],"event_choices":[{"damage_healed":0,"gold_gain":0,"player_choice":"Entered Light","damage_taken":13,"max_hp_gain":0,"max_hp_loss":0,"event_name":"Shining Light","floor":6,"gold_loss":0,"cards_upgraded":["Blade Dance","Outmaneuver"]},{"cards_removed":["Strike_G"],"damage_healed":0,"gold_gain":0,"player_choice":"Card Removal","damage_taken":7,"max_hp_gain":0,"max_hp_loss":0,"event_name":"Golden Wing","floor":12,"gold_loss":0}],"is_beta":false,"boss_relics":[],"items_purged_floors":[],"is_endless":false,"potions_floor_spawned":[4,7,14],"killed_by":"Hexaghost","ascension_level":5}