{"gold_per_floor":[118,118,118,137,62,62,62,62,62,62,91,111,111,131,131,131],"floor_reached":16,"playtime":306,"items_purged":[],"score":240,"play_id":"3ef11e0c-6a3e-4765-9f21-315046a0f045","local_time":"20190302160048","is_ascension_mode":true,"campfire_choices":[{"data":"Bash","floor":6,"key":"SMITH"},{"data":"Defend_R","floor":10,"key":"SMITH"},{"data":"True Grit","floor":13,"key":"SMITH"},{"data":"Body Slam","floor":15,"key":"SMITH"}],"neow_cost":"NONE","seed_source_timestamp":67537673846367,"circlet_count":0,"master_deck":["AscendersBane","Strike_R","Strike_R","Strike_R","Strike_R","Defend_R+1","Defend_R","Defend_R","Defend_R","Bash+1","Thunderclap","True Grit+1","Body Slam+1"],"relics":["Burning Blood","NeowsBlessing","Unceasing Top","Happy Flower","Dodecahedron","Darkstone Periapt"],"potions_floor_usage":[16],"damage_taken":[{"damage":0,"enemies":"2 Louse","floor":1,"turns":1},{"damage":0,"enemies":"Small Slimes","floor":4,"turns":1},{"damage":0,"enemies":"3 Sentries","floor":11,"turns":2},{"damage":0,"enemies":"Jaw Worm","floor":12,"turns":3},{"damage":0,"enemies":"Looter","floor":14,"turns":4},{"damage":80,"enemies":"Hexaghost","floor":16,"turns":9}],"seed_played":"-7190844912928642447","potions_obtained":[{"floor":4,"key":"FearPotion"},{"floor":14,"key":"Poison Potion"}],"is_trial":false,"path_per_floor":["M","?","?","M","?","R","T","$","T","R","E","M","R","M","R","B"],"character_chosen":"IRONCLAD","items_purchased":[],"campfire_rested":0,"item_purchase_floors":[],"current_hp_per_floor":[74,79,68,74,74,74,74,74,74,74,80,80,80,80,80,0],"gold":131,"neow_bonus":"THREE_ENEMY_KILL","is_prod":false,"is_daily":false,"chose_seed":false,"campfire_upgraded":4,"win_rate":0,"timestamp":1551510048,"path_taken":["M","?","?","M","?","R","?","$","T","R","E","M","R","?","R","BOSS"],"build_version":"2019-01-23","purchased_purges":0,"victory":false,"max_hp_per_floor":[75,80,80,80,80,80,80,80,80,80,80,80,80,80,80,80],"card_choices":[{"not_picked":["Anger","Havoc","Intimidate"],"picked":"SKIP","floor":1},{"not_picked":["Wild Strike","Perfected Strike","Iron Wave"],"picked":"SKIP","floor":4},{"not_picked":["Havoc","Pommel Strike"],"picked":"Thunderclap","floor":11},{"not_picked":["Feel No Pain","Armaments"],"picked":"True Grit","floor":12},{"not_picked":["Pommel Strike","Armaments","Body Slam"],"picked":"SKIP","floor":14},{"not_picked":["Pommel Strike","Armaments"],"picked":"Body Slam","floor":14}],"player_experience":988267,"relics_obtained":[{"floor":7,"key":"Happy Flower"},{"floor":9,"key":"Dodecahedron"},{"floor":11,"key":"Darkstone Periapt"}],"event_choices":[{"damage_healed":0,"gold_gain":0,"player_choice":"Donut","damage_taken":0,"max_hp_gain":5,"max_hp_loss":0,"event_name":"Big Fish","floor":2,"gold_loss":0},{"damage_healed":0,"gold_gain":0,"player_choice":"Success","damage_taken":11,"relics_obtained":["Unceasing Top"],"max_hp_gain":0,"max_hp_loss":0,"event_name":"Scrap Ooze","floor":3,"gold_loss":0},{"cards_removed":["Strike_R"],"damage_healed":0,"gold_gain":0,"player_choice":"Card Removal","damage_taken":0,"max_hp_gain":0,"max_hp_loss":0,"event_name":"The Cleric","floor":5,"gold_loss":75}],"is_beta":false,"boss_relics":[],"items_purged_floors":[],"is_endless":false,"potions_floor_spawned":[4,14],"killed_by":"Hexaghost","ascension_level":19}