{"gold_per_floor":[111,11,11,11,21,21,56,3,3,37,37,53,68,83,83,185,185,202,220,50,67,67,67,102,102,127,139,64,64,83,96,96,96],"floor_reached":33,"playtime":1602,"items_purged":["Strike_B"],"score":375,"play_id":"4ea8dcb0-47ba-48d1-bad3-e11ce70f5b4d","local_time":"20181120222546","is_ascension_mode":true,"campfire_choices":[{"data":"Sunder","floor":6,"key":"SMITH"},{"data":"Beam Cell","floor":11,"key":"SMITH"},{"floor":15,"key":"REST"},{"data":"Apotheosis","floor":23,"key":"SMITH"},{"floor":25,"key":"REST"},{"floor":27,"key":"REST"},{"floor":32,"key":"REST"}],"neow_cost":"NONE","seed_source_timestamp":586021910749092,"circlet_count":0,"master_deck":["Strike_B","Strike_B","Strike_B","Defend_B","Defend_B","Defend_B","Defend_B","Zap","Dualcast","Go for the Eyes+1","Gash","Sunder+1","Leap","Conserve Battery","Beam Cell+1","Beam Cell","Steam","Core Surge","Streamline","Self Repair","Apotheosis+1","Leap","Steam+1","Bandage Up","J.A.X.","Stack"],"relics":["Cracked Core","NeowsBlessing","Ginger","Bag of Marbles","Kunai","Turnip","Lizard Tail","Mummified Hand","Peace Pipe","MawBank"],"potions_floor_usage":[16,24,24,24,33],"damage_taken":[{"damage":0,"enemies":"2 Louse","floor":1,"turns":1},{"damage":0,"enemies":"Jaw Worm","floor":5,"turns":1},{"damage":0,"enemies":"3 Sentries","floor":7,"turns":1},{"damage":12,"enemies":"Gremlin Nob","floor":10,"turns":3},{"damage":0,"enemies":"Cultist","floor":12,"turns":3},{"damage":0,"enemies":"3 Louse","floor":13,"turns":3},{"damage":4,"enemies":"Looter","floor":14,"turns":2},{"damage":28,"enemies":"The Guardian","floor":16,"turns":11},{"damage":6,"enemies":"Chosen","floor":18,"turns":5},{"damage":5,"enemies":"3 Byrds","floor":19,"turns":5},{"damage":10,"enemies":"Snecko","floor":21,"turns":5},{"damage":88,"enemies":"Gremlin Leader","floor":24,"turns":5},{"damage":21,"enemies":"Shelled Parasite and Fungi","floor":30,"turns":6},{"damage":47,"enemies":"Cultist and Chosen","floor":31,"turns":8},{"damage":46,"enemies":"Champ","floor":33,"turns":12}],"seed_played":"452179345094117334","potions_obtained":[{"floor":1,"key":"SteroidPotion"},{"floor":5,"key":"Dexterity Potion"},{"floor":7,"key":"SpeedPotion"},{"floor":21,"key":"Regen Potion"},{"floor":24,"key":"Explosive Potion"}],"is_trial":false,"path_per_floor":["M","$","?","?","M","R","E","$","T","E","R","M","M","M","R","B",null,"M","M","$","M","T","R","E","R","T","R","$","?","M","M","R","B"],"character_chosen":"DEFECT","items_purchased":["Gash","Conserve Battery","Apotheosis","Bandage Up"],"campfire_rested":4,"item_purchase_floors":[2,8,20,28],"current_hp_per_floor":[75,75,63,63,63,63,63,63,63,51,51,51,51,47,69,41,67,61,56,56,46,46,46,16,38,38,60,60,60,50,14,36,0],"gold":96,"neow_bonus":"THREE_ENEMY_KILL","is_prod":false,"is_daily":false,"chose_seed":false,"campfire_upgraded":3,"win_rate":0,"timestamp":1542770746,"path_taken":["M","$","?","?","M","R","E","$","T","E","R","M","?","M","R","BOSS","M","M","$","M","?","R","E","R","T","R","$","?","M","M","R","BOSS"],"build_version":"2018-11-15","purchased_purges":1,"victory":false,"max_hp_per_floor":[75,75,75,75,75,75,75,75,75,75,75,75,75,75,75,75,75,75,75,75,75,75,75,75,75,75,75,75,75,75,75,75,75],"card_choices":[{"not_picked":["Scrape","Compile Driver"],"picked":"Go for the Eyes","floor":1},{"not_picked":["Compile Driver","Undo"],"picked":"Sunder","floor":5},{"not_picked":["Melter","Defragment"],"picked":"Leap","floor":7},{"not_picked":["Genetic Algorithm","Multi-Cast"],"picked":"Beam Cell","floor":10},{"not_picked":["Hologram","Static Discharge"],"picked":"Beam Cell","floor":12},{"not_picked":["Turbo","Blizzard"],"picked":"Steam","floor":13},{"not_picked":["Sweeping Beam","Leap","Rip and Tear"],"picked":"SKIP","floor":14},{"not_picked":["Machine Learning","Fission"],"picked":"Core Surge","floor":16},{"not_picked":["Barrage+1","Coolheaded"],"picked":"Streamline","floor":18},{"not_picked":["Heatsinks","Redo"],"picked":"Self Repair","floor":19},{"not_picked":["Lockon","Undo"],"picked":"Leap","floor":21},{"not_picked":["Compile Driver","Chill"],"picked":"Steam+1","floor":24},{"not_picked":["Cold Snap","Rebound","Rip and Tear+1"],"picked":"SKIP","floor":30},{"not_picked":["Heatsinks","Rainbow"],"picked":"Stack","floor":31}],"player_experience":826063,"relics_obtained":[{"floor":7,"key":"Bag of Marbles"},{"floor":9,"key":"Kunai"},{"floor":10,"key":"Turnip"},{"floor":22,"key":"Mummified Hand"},{"floor":24,"key":"Peace Pipe"},{"floor":26,"key":"MawBank"}],"event_choices":[{"damage_healed":0,"gold_gain":0,"player_choice":"Success","damage_taken":12,"relics_obtained":["Ginger"],"max_hp_gain":0,"max_hp_loss":0,"event_name":"Scrap Ooze","floor":3,"gold_loss":0},{"damage_healed":0,"gold_gain":0,"player_choice":"Grow","damage_taken":0,"max_hp_gain":0,"max_hp_loss":0,"event_name":"Living Wall","floor":4,"gold_loss":0,"cards_upgraded":["Go for the Eyes"]},{"damage_healed":0,"gold_gain":0,"player_choice":"Obtain J.A.X.","damage_taken":0,"max_hp_gain":0,"max_hp_loss":0,"event_name":"Drug Dealer","floor":29,"gold_loss":0,"cards_obtained":["J.A.X."]}],"is_beta":false,"boss_relics":[{"not_picked":["Runic Dome","Busted Crown"],"picked":"Lizard Tail"}],"items_purged_floors":[2],"is_endless":false,"potions_floor_spawned":[1,5,7,14,21,24],"killed_by":"Champ","ascension_level":5}