{"gold_per_floor":[114,131,143,69,69,69,85,85,85,85,101,115,135,152,152,257,257,267,286,140,159,59,59,70,70,70,87,87,87,87],"floor_reached":30,"playtime":1755,"items_purged":["Heavy Blade","Reckless Charge"],"score":226,"play_id":"fb630726-7356-47e9-89cd-6b8bc95b9f64","local_time":"20181023001653","is_ascension_mode":false,"campfire_choices":[{"data":"Bash","floor":6,"key":"SMITH"},{"data":"Shrug It Off","floor":8,"key":"SMITH"},{"data":"Flame Barrier","floor":10,"key":"SMITH"},{"floor":15,"key":"REST"},{"floor":23,"key":"REST"},{"data":"True Grit","floor":25,"key":"SMITH"},{"floor":28,"key":"REST"}],"neow_cost":"TEN_PERCENT_HP_LOSS","seed_source_timestamp":1111078517028360,"circlet_count":0,"master_deck":["Bash+1","Shrug It Off+1","Flame Barrier+1","Dropkick+1","Rampage","Fiend Fire","Flame Barrier","Whirlwind","Seeing Red","Twin Strike","Second Wind","Twin Strike","Rampage","Dropkick","True Grit","True Grit+1"],"relics":["Burning Blood","Champion Belt","Letter Opener","Pandora\u0027s Box","Dodecahedron"],"potions_floor_usage":[16,21,21],"damage_taken":[{"damage":3,"enemies":"Jaw Worm","floor":1,"turns":5},{"damage":1,"enemies":"Cultist","floor":2,"turns":4},{"damage":2,"enemies":"2 Louse","floor":3,"turns":4},{"damage":37,"enemies":"Gremlin Gang","floor":7,"turns":7},{"damage":7,"enemies":"2 Fungi Beasts","floor":11,"turns":3},{"damage":0,"enemies":"Blue Slaver","floor":12,"turns":4},{"damage":22,"enemies":"Gremlin Gang","floor":13,"turns":4},{"damage":0,"enemies":"2 Fungi Beasts","floor":14,"turns":4},{"damage":47,"enemies":"Hexaghost","floor":16,"turns":12},{"damage":32,"enemies":"2 Thieves","floor":18,"turns":4},{"damage":22,"enemies":"Shell Parasite","floor":19,"turns":5},{"damage":23,"enemies":"Chosen and Byrds","floor":21,"turns":5},{"damage":17,"enemies":"Cultist and Chosen","floor":24,"turns":6},{"damage":15,"enemies":"Centurion and Healer","floor":27,"turns":10},{"damage":33,"enemies":"Colosseum Slavers","floor":29,"turns":6},{"damage":21,"enemies":"Snake Plant","floor":30,"turns":1}],"seed_played":"3015796359640961565","potions_obtained":[{"floor":2,"key":"Regen Potion"},{"floor":7,"key":"Poison Potion"},{"floor":12,"key":"Fire Potion"},{"floor":19,"key":"Energy Potion"},{"floor":24,"key":"Weak Potion"}],"is_trial":false,"path_per_floor":["M","M","M","$","?","R","M","R","T","R","M","M","M","M","R","B",null,"M","M","$","M","$","R","M","R","T","M","R","?"],"character_chosen":"IRONCLAD","items_purchased":["Dropkick","Dropkick"],"campfire_rested":3,"item_purchase_floors":[4,20],"current_hp_per_floor":[72,72,72,72,72,72,41,41,41,41,40,46,30,36,57,16,72,46,30,30,22,22,43,32,32,32,23,44,17,0],"gold":87,"neow_bonus":"ONE_RARE_RELIC","is_prod":false,"is_daily":false,"chose_seed":false,"campfire_upgraded":4,"win_rate":0,"timestamp":1540268213,"path_taken":["M","M","M","$","?","R","M","R","T","R","M","M","?","M","R","BOSS","M","M","$","M","$","R","M","R","T","M","R","?","M"],"build_version":"2018-10-18","purchased_purges":2,"victory":false,"max_hp_per_floor":[72,72,72,72,72,72,72,72,72,72,72,72,72,72,72,72,72,72,72,72,72,72,72,72,72,72,72,72,72,72],"card_choices":[{"not_picked":["Twin Strike","Inflame"],"picked":"Shrug It Off","floor":1},{"not_picked":["Thunderclap","Power Through"],"picked":"Flame Barrier","floor":2},{"not_picked":["Warcry","True Grit","Iron Wave"],"picked":"SKIP","floor":3},{"not_picked":["Anger","Thunderclap","Feel No Pain"],"picked":"SKIP","floor":7},{"not_picked":["Demon Form","Anger","Pommel Strike"],"picked":"SKIP","floor":11},{"not_picked":["Metallicize","Feel No Pain","Twin Strike"],"picked":"SKIP","floor":12},{"not_picked":["Pummel","Sword Boomerang","Twin Strike"],"picked":"SKIP","floor":13},{"not_picked":["Perfected Strike","Rupture"],"picked":"Rampage","floor":14},{"not_picked":["Brutality","Offering"],"picked":"Fiend Fire","floor":16},{"not_picked":["Flame Barrier+1","Clothesline","Metallicize"],"picked":"SKIP","floor":18},{"not_picked":["Havoc","Iron Wave+1","Inflame"],"picked":"SKIP","floor":19},{"not_picked":["Sword Boomerang","Searing Blow"],"picked":"True Grit","floor":21},{"not_picked":["Wild Strike","Perfected Strike"],"picked":"True Grit","floor":24},{"not_picked":["Twin Strike+1","Carnage","Wild Strike+1"],"picked":"SKIP","floor":27}],"player_experience":667390,"relics_obtained":[{"floor":9,"key":"Letter Opener"},{"floor":26,"key":"Dodecahedron"}],"event_choices":[{"damage_healed":0,"gold_gain":0,"player_choice":"Upgraded","damage_taken":0,"max_hp_gain":0,"max_hp_loss":0,"event_name":"Upgrade Shrine","floor":5,"gold_loss":0,"cards_upgraded":["Dropkick"]},{"damage_healed":0,"gold_gain":0,"player_choice":"Fight","damage_taken":0,"max_hp_gain":0,"max_hp_loss":0,"event_name":"Colosseum","floor":29,"gold_loss":0},{"damage_healed":0,"gold_gain":0,"player_choice":"Fled From Nobs","damage_taken":0,"max_hp_gain":0,"max_hp_loss":0,"event_name":"Colosseum","floor":29,"gold_loss":0}],"is_beta":false,"boss_relics":[{"not_picked":["Velvet Choker","Tiny House"],"picked":"Pandora\u0027s Box"}],"items_purged_floors":[20,22],"is_endless":false,"potions_floor_spawned":[2,7,12,13,19,24,29],"killed_by":"Snake Plant","ascension_level":0}