{"gold_per_floor":[111,111,122,122,139,139,167,137,164,164],"floor_reached":10,"playtime":1657,"items_purged":[],"score":79,"play_id":"dbb62664-6f03-402d-b7a3-9a98ba9e93b4","local_time":"20181208124149","is_ascension_mode":true,"campfire_choices":[{"data":"Tools of the Trade","floor":6,"key":"SMITH"}],"neow_cost":"NONE","seed_source_timestamp":1261150741018478,"circlet_count":0,"master_deck":["Defend_G","Defend_G","Defend_G","Defend_G","Defend_G","Strike_G","Strike_G","Strike_G","Strike_G","Survivor","Neutralize+1","Expertise","Blade Dance","Tools of the Trade+1","Blade Dance","Catalyst"],"relics":["Ring of the Snake","Omamori","Lantern"],"potions_floor_usage":[7],"damage_taken":[{"damage":0,"enemies":"Jaw Worm","floor":1,"turns":5},{"damage":2,"enemies":"Cultist","floor":3,"turns":5},{"damage":16,"enemies":"Small Slimes","floor":5,"turns":4},{"damage":55,"enemies":"Gremlin Nob","floor":7,"turns":7},{"damage":1,"enemies":"Looter","floor":8,"turns":4},{"damage":10,"enemies":"3 Sentries","floor":10,"turns":2}],"seed_played":"-4701405667197747157","potions_obtained":[{"floor":3,"key":"GamblersBrew"}],"is_trial":false,"path_per_floor":["M","?","M","?","M","R","E","M","T","E"],"character_chosen":"THE_SILENT","items_purchased":[],"campfire_rested":0,"item_purchase_floors":[],"current_hp_per_floor":[77,77,75,75,59,59,4,3,3,0],"gold":164,"neow_bonus":"TEN_PERCENT_HP_BONUS","is_prod":false,"is_daily":false,"chose_seed":false,"campfire_upgraded":1,"win_rate":0,"timestamp":1544290909,"path_taken":["M","?","M","?","?","R","E","M","T","E"],"build_version":"2018-12-06","purchased_purges":0,"victory":false,"max_hp_per_floor":[77,77,77,77,77,77,77,77,77,77],"card_choices":[{"not_picked":["Deadly Poison","Dodge and Roll"],"picked":"Expertise","floor":1},{"not_picked":["Bane","Deadly Poison"],"picked":"Blade Dance","floor":3},{"not_picked":["Prepared","Sucker Punch"],"picked":"Tools of the Trade","floor":5},{"not_picked":["Backflip","Cloak And Dagger"],"picked":"Blade Dance","floor":7},{"not_picked":["Deadly Poison","Acrobatics"],"picked":"Catalyst","floor":8}],"player_experience":245367,"relics_obtained":[{"floor":7,"key":"Omamori"},{"floor":9,"key":"Lantern"}],"event_choices":[{"damage_healed":0,"gold_gain":0,"player_choice":"Grow","damage_taken":0,"max_hp_gain":0,"max_hp_loss":0,"event_name":"Living Wall","floor":2,"gold_loss":0,"cards_upgraded":["Neutralize"]},{"cards_removed":["Strike_G"],"damage_healed":0,"gold_gain":0,"player_choice":"Purged","damage_taken":0,"max_hp_gain":0,"max_hp_loss":0,"event_name":"Purifier","floor":4,"gold_loss":0}],"is_beta":false,"boss_relics":[],"items_purged_floors":[],"is_endless":false,"potions_floor_spawned":[3],"killed_by":"3 Sentries","ascension_level":4}