{"path_per_floor":["M","?","$","M","M","R","M","?","T","M","M","M","M","M","R","B",null,"M","?","M","M"],"character_chosen":"THE_SILENT","items_purchased":["Footwork","Catalyst"],"gold_per_floor":[117,117,8,22,38,38,48,48,48,58,70,85,99,119,119,216,216,235,235,249,266],"floor_reached":22,"campfire_rested":1,"playtime":2332,"current_hp_per_floor":[70,70,70,68,64,64,45,45,45,45,37,35,27,24,45,29,70,36,36,36,23],"items_purged":[],"gold":266,"score":184,"play_id":"4bbbbe43-76f8-4414-b0a3-c89cbf47cb61","is_prod":false,"is_daily":false,"is_ascension_mode":false,"campfire_upgraded":1,"path_taken":["M","?","?","M","M","R","M","?","T","M","?","M","M","M","R","BOSS","M","?","?","?","M"],"build_version":"2018-02-12-PROD1","purchased_purges":0,"victory":false,"master_deck":["Defend_G","Defend_G","Defend_G","Defend_G","Defend_G","Strike_G","Strike_G","Strike_G","Strike_G","Survivor","Neutralize+1","Noxious Fumes+1","Bouncing Flask","Footwork","Catalyst+1","Expertise","Deadly Poison","Injury","Blur","Acrobatics","Burst","Backflip","Crippling Poison","Footwork+1","Writhe","Bane+1"],"max_hp_per_floor":[70,70,70,70,70,70,70,70,70,70,70,70,70,70,70,70,70,70,70,70,70],"relics":["Ring of the Snake","Du-Vu Doll","Question Card","Pen Nib"],"card_choices":[{"not_picked":["Outmaneuver","Endless Agony"],"picked":"Noxious Fumes"},{"not_picked":["Flying Knee","Riddle With Holes"],"picked":"Expertise"},{"not_picked":["Deflect","Cloak And Dagger"],"picked":"Deadly Poison"},{"not_picked":["Backflip","Sucker Punch"],"picked":"Blur"},{"not_picked":["Flying Knee","Slice"],"picked":"Acrobatics"},{"not_picked":["Sucker Punch","Dodge and Roll"],"picked":"Burst"},{"not_picked":["Flying Knee","Poisoned Stab"],"picked":"Backflip"},{"not_picked":["Poisoned Stab","Caltrops"],"picked":"Crippling Poison"},{"not_picked":["Outmaneuver","Slice","Underhanded Strike"],"picked":"Footwork"},{"not_picked":["Sucker Punch","Dagger Throw","Outmaneuver"],"picked":"Bane"}],"player_experience":81024,"potions_floor_usage":[16,16,16,22],"damage_taken":[{"damage":0,"enemies":"Jaw Worm","floor":1,"turns":7},{"damage":2,"enemies":"Cultist","floor":4,"turns":5},{"damage":4,"enemies":"2 Louse","floor":5,"turns":3},{"damage":19,"enemies":"Gremlin Gang","floor":7,"turns":6},{"damage":0,"enemies":"Looter","floor":10,"turns":4},{"damage":8,"enemies":"Exordium Thugs","floor":11,"turns":6},{"damage":2,"enemies":"3 Louse","floor":12,"turns":4},{"damage":8,"enemies":"Lots of Slimes","floor":13,"turns":5},{"damage":3,"enemies":"Red Slaver","floor":14,"turns":6},{"damage":31,"enemies":"Slime Boss","floor":16,"turns":12},{"damage":34,"enemies":"3 Byrds","floor":18,"turns":5},{"damage":0,"enemies":"Chosen","floor":20,"turns":4},{"damage":13,"enemies":"Snecko","floor":21,"turns":5},{"damage":26,"enemies":"Slaver and Parasite","floor":22,"turns":5}],"event_choices":[{"event_name":"Living Wall","player_choice":"Change","floor":2,"damage_taken":0},{"event_name":"Accursed Blacksmith","player_choice":"Forge","floor":8,"damage_taken":0},{"event_name":"The Mausoleum","player_choice":"Yes","floor":19,"damage_taken":0}],"boss_relics":[{"not_picked":["Eternal Feather","Ectoplasm"],"picked":"Question Card"}],"potions_floor_spawned":[4,11,12,14,20,21],"seed_played":"-8514000378566843658","killed_by":"Slaver and Parasite","ascension_level":0,"is_trial":false}