{"gold_per_floor":[111,43,43,218,218,218,318,346,346,346,359,359,372,372,372,475,475,485,59,59,75,87,87,87,104,104,116,116],"floor_reached":28,"playtime":1331,"items_purged":["Doubt"],"score":313,"play_id":"6259beff-cbf7-4e83-b1ea-bb28c3b91136","local_time":"20181121020030","is_ascension_mode":true,"campfire_choices":[{"data":"Deflect","floor":6,"key":"SMITH"},{"data":"Dodge and Roll","floor":10,"key":"SMITH"},{"data":"Bouncing Flask","floor":12,"key":"SMITH"},{"floor":15,"key":"REST"},{"data":"Noxious Fumes","floor":23,"key":"SMITH"}],"neow_cost":"NONE","seed_source_timestamp":599177998911487,"circlet_count":0,"master_deck":["Defend_G","Defend_G","Defend_G","Defend_G","Defend_G","Strike_G","Strike_G","Strike_G","Strike_G","Strike_G","Survivor","Neutralize","PiercingWail","Deflect+1","Noxious Fumes+1","Dodge and Roll+1","Bouncing Flask+1","Noxious Fumes+1","Cloak And Dagger+1","Accuracy","Blade Dance","Bouncing Flask","Decay","Catalyst"],"relics":["Ring of the Snake","Paper Crane","Bottled Flame","Cursed Key","Mercury Hourglass","Gambling Chip"],"potions_floor_usage":[28,28,28],"damage_taken":[{"damage":5,"enemies":"Small Slimes","floor":1,"turns":7},{"damage":27,"enemies":"3 Sentries","floor":8,"turns":9},{"damage":0,"enemies":"Jaw Worm","floor":11,"turns":6},{"damage":0,"enemies":"2 Louse","floor":13,"turns":2},{"damage":41,"enemies":"Slime Boss","floor":16,"turns":10},{"damage":7,"enemies":"Spheric Guardian","floor":18,"turns":4},{"damage":4,"enemies":"Shell Parasite","floor":21,"turns":5},{"damage":16,"enemies":"Sentry and Sphere","floor":22,"turns":5},{"damage":8,"enemies":"Centurion and Healer","floor":25,"turns":6},{"damage":25,"enemies":"Shelled Parasite and Fungi","floor":27,"turns":5},{"damage":12,"enemies":"Snecko","floor":28,"turns":2}],"seed_played":"5918014597918922706","potions_obtained":[{"floor":1,"key":"Ancient Potion"},{"floor":21,"key":"Strength Potion"},{"floor":27,"key":"Explosive Potion"}],"is_trial":false,"path_per_floor":["M","$","?","?","?","R","?","E","T","R","M","R","M","?","R","B",null,"M","$","?","M","M","R","?","M","T","M","M"],"character_chosen":"THE_SILENT","items_purchased":["Noxious Fumes","Accuracy","Blade Dance","Mercury Hourglass"],"campfire_rested":1,"item_purchase_floors":[2,19,19,19],"current_hp_per_floor":[58,58,63,63,63,63,63,36,36,36,36,36,36,36,58,17,61,54,54,54,50,34,34,34,26,26,1,0],"gold":116,"neow_bonus":"THREE_CARDS","is_prod":false,"is_daily":false,"chose_seed":false,"campfire_upgraded":4,"win_rate":0,"timestamp":1542783630,"path_taken":["M","$","?","?","?","R","?","E","T","R","?","R","M","?","R","BOSS","M","$","?","M","M","R","?","M","T","M","M"],"build_version":"2018-11-15","purchased_purges":1,"victory":false,"max_hp_per_floor":[70,70,75,75,75,75,75,75,75,75,75,75,75,75,75,75,75,75,75,75,75,75,75,75,75,75,75,75],"card_choices":[{"not_picked":["Flying Knee","Outmaneuver"],"picked":"PiercingWail","floor":0},{"not_picked":["Tactician","Underhanded Strike"],"picked":"Deflect","floor":1},{"not_picked":["Masterful Stab","All Out Attack"],"picked":"Dodge and Roll","floor":8},{"not_picked":["Caltrops","Blade Dance"],"picked":"Bouncing Flask","floor":11},{"not_picked":["Prepared","Dagger Spray"],"picked":"Noxious Fumes","floor":13},{"not_picked":["Caltrops","PiercingWail"],"picked":"Cloak And Dagger+1","floor":18},{"not_picked":["Endless Agony","Dagger Spray","Flying Knee+1"],"picked":"SKIP","floor":21},{"not_picked":["Masterful Stab","Dagger Spray","Quick Slash"],"picked":"SKIP","floor":22},{"not_picked":["Expertise+1","PiercingWail+1"],"picked":"Bouncing Flask","floor":25},{"not_picked":["Leg Sweep","Blade Dance"],"picked":"Catalyst","floor":27}],"player_experience":830163,"relics_obtained":[{"floor":8,"key":"Paper Crane"},{"floor":9,"key":"Bottled Flame"},{"floor":26,"key":"Gambling Chip"}],"event_choices":[{"damage_healed":0,"gold_gain":0,"player_choice":"Donut","damage_taken":0,"max_hp_gain":5,"max_hp_loss":0,"event_name":"Big Fish","floor":3,"gold_loss":0},{"damage_healed":0,"gold_gain":175,"player_choice":"AGREE","damage_taken":0,"max_hp_gain":0,"max_hp_loss":0,"event_name":"Liars Game","floor":4,"gold_loss":0,"cards_obtained":["Doubt"]},{"damage_healed":0,"gold_gain":0,"player_choice":"Grow","damage_taken":0,"max_hp_gain":0,"max_hp_loss":0,"event_name":"Living Wall","floor":5,"gold_loss":0,"cards_upgraded":["Noxious Fumes"]},{"damage_healed":0,"gold_gain":100,"player_choice":"Pray","damage_taken":0,"max_hp_gain":0,"max_hp_loss":0,"event_name":"Golden Shrine","floor":7,"gold_loss":0},{"damage_healed":0,"gold_gain":0,"player_choice":"Searched \u00271\u0027 times","damage_taken":0,"max_hp_gain":0,"max_hp_loss":0,"event_name":"Dead Adventurer","floor":14,"gold_loss":0},{"damage_healed":0,"gold_gain":0,"player_choice":"Ignored","damage_taken":0,"max_hp_gain":0,"max_hp_loss":0,"event_name":"Ghosts","floor":20,"gold_loss":0},{"damage_healed":0,"gold_gain":0,"player_choice":"Ignored","damage_taken":0,"max_hp_gain":0,"max_hp_loss":0,"event_name":"Cursed Tome","floor":24,"gold_loss":0}],"is_beta":false,"boss_relics":[{"not_picked":["WristBlade","Ring of the Serpent"],"picked":"Cursed Key"}],"items_purged_floors":[19],"is_endless":false,"potions_floor_spawned":[1,21,27],"killed_by":"Snecko","ascension_level":9}