{"gold_per_floor":[110,129,145,165,185,185,195,195,195,211,211,211,211,231,231,335,335,352,451,451,466,484,484,519,519,542,558,558,573,573,586,586,586],"floor_reached":33,"playtime":2444,"items_purged":[],"score":329,"play_id":"55d8a08a-a118-41e9-b0cc-ed376f0443b8","local_time":"20190224113201","is_ascension_mode":true,"campfire_choices":[{"floor":6,"key":"REST"},{"data":"Neutralize","floor":8,"key":"SMITH"},{"data":"Dagger Spray","floor":12,"key":"SMITH"},{"floor":15,"key":"REST"},{"floor":23,"key":"REST"},{"floor":25,"key":"REST"},{"floor":28,"key":"REST"},{"floor":30,"key":"REST"},{"floor":32,"key":"REST"}],"neow_cost":"NONE","seed_source_timestamp":46301253675990,"circlet_count":0,"master_deck":["Defend_G","Defend_G","Defend_G","Defend_G","Defend_G","Strike_G","Strike_G","Strike_G","Strike_G","Strike_G","Survivor","Neutralize+1","Corpse Explosion","Predator+1","Escape Plan","Expertise","Quick Slash+1","Dagger Spray+1","Sucker Punch","PiercingWail","Leg Sweep","Tools of the Trade","Deflect","Acrobatics","Backflip","Backstab","Leg Sweep","Necronomicurse","Slice+1","Tactician+1","Backflip+1"],"relics":["Ring of the Snake","Bottled Flame","Orrery","Necronomicon","Smiling Mask","Whetstone"],"potions_floor_usage":[4,14,16,21,22,33],"damage_taken":[{"damage":0,"enemies":"Cultist","floor":1,"turns":4},{"damage":0,"enemies":"Jaw Worm","floor":2,"turns":3},{"damage":0,"enemies":"2 Louse","floor":3,"turns":2},{"damage":20,"enemies":"Large Slime","floor":4,"turns":7},{"damage":23,"enemies":"Exordium Thugs","floor":5,"turns":3},{"damage":10,"enemies":"2 Fungi Beasts","floor":7,"turns":3},{"damage":1,"enemies":"Blue Slaver","floor":10,"turns":5},{"damage":25,"enemies":"Exordium Thugs","floor":14,"turns":4},{"damage":40,"enemies":"The Guardian","floor":16,"turns":18},{"damage":6,"enemies":"3 Byrds","floor":18,"turns":6},{"damage":7,"enemies":"Shell Parasite","floor":21,"turns":10},{"damage":16,"enemies":"Cultist and Chosen","floor":22,"turns":10},{"damage":35,"enemies":"Slavers","floor":24,"turns":8},{"damage":13,"enemies":"Snake Plant","floor":27,"turns":5},{"damage":0,"enemies":"Centurion and Healer","floor":29,"turns":2},{"damage":19,"enemies":"3 Cultists","floor":31,"turns":5},{"damage":68,"enemies":"Automaton","floor":33,"turns":6}],"seed_played":"-3422692633825407552","potions_obtained":[{"floor":3,"key":"PowerPotion"},{"floor":7,"key":"Regen Potion"},{"floor":14,"key":"Poison Potion"},{"floor":18,"key":"EssenceOfSteel"},{"floor":21,"key":"SkillPotion"},{"floor":29,"key":"Block Potion"}],"is_trial":false,"path_per_floor":["M","M","M","M","M","R","M","R","T","M","?","R","?","M","R","B",null,"M","?","?","M","M","R","E","R","T","M","R","M","R","M","R","B"],"character_chosen":"THE_SILENT","items_purchased":[],"campfire_rested":7,"item_purchase_floors":[],"current_hp_per_floor":[70,70,70,50,27,48,38,38,38,37,37,37,42,29,51,11,59,53,53,37,30,14,36,1,23,23,10,32,32,54,35,57,0],"gold":586,"neow_bonus":"ONE_RANDOM_RARE_CARD","is_prod":false,"is_daily":false,"chose_seed":false,"campfire_upgraded":2,"win_rate":0,"timestamp":1551007921,"path_taken":["M","M","M","M","M","R","M","R","T","M","?","R","?","M","R","BOSS","M","?","?","M","M","R","E","R","T","?","R","M","R","M","R","BOSS"],"build_version":"2019-01-23","purchased_purges":0,"victory":false,"max_hp_per_floor":[70,70,70,70,70,70,70,70,70,70,70,70,75,75,75,75,75,75,75,75,75,75,75,75,75,75,75,75,75,75,75,75,75],"card_choices":[{"not_picked":["Bane","Dodge and Roll"],"picked":"Predator","floor":1},{"not_picked":["Slice","Distraction"],"picked":"Escape Plan","floor":2},{"not_picked":["Slice","Infinite Blades"],"picked":"Expertise","floor":3},{"not_picked":["Slice","Acrobatics"],"picked":"Quick Slash","floor":4},{"not_picked":["Outmaneuver","Night Terror"],"picked":"Dagger Spray","floor":5},{"not_picked":["Outmaneuver","Dagger Throw"],"picked":"Sucker Punch","floor":7},{"not_picked":["Quick Slash","Blade Dance"],"picked":"PiercingWail","floor":10},{"not_picked":["Dagger Spray","Predator"],"picked":"Leg Sweep","floor":14},{"not_picked":["Grand Finale","Phantasmal Killer"],"picked":"Tools of the Trade","floor":16},{"not_picked":["Slice","Outmaneuver"],"picked":"Deflect","floor":17},{"not_picked":["Quick Slash","Underhanded Strike"],"picked":"Acrobatics","floor":17},{"not_picked":["Dagger Spray","Terror"],"picked":"Backflip","floor":17},{"not_picked":["Concentrate","Blade Dance"],"picked":"Backstab","floor":17},{"not_picked":["Expertise","Acrobatics"],"picked":"Leg Sweep","floor":17},{"not_picked":["Dagger Throw","Eviscerate","Outmaneuver"],"picked":"SKIP","floor":18},{"not_picked":["Cloak And Dagger","Escape Plan"],"picked":"Slice+1","floor":21},{"not_picked":["Expertise","Dagger Spray","Storm of Steel"],"picked":"SKIP","floor":22},{"not_picked":["Prepared","Deadly Poison","Dagger Spray"],"picked":"SKIP","floor":24},{"not_picked":["Cloak And Dagger","PiercingWail+1"],"picked":"Tactician+1","floor":27},{"not_picked":["Masterful Stab","Bane"],"picked":"Backflip+1","floor":29},{"not_picked":["Prepared","Poisoned Stab","Crippling Poison"],"picked":"SKIP","floor":31}],"player_experience":546042,"relics_obtained":[{"floor":9,"key":"Bottled Flame"},{"floor":20,"key":"Necronomicon"},{"floor":24,"key":"Smiling Mask"},{"floor":26,"key":"Whetstone"}],"event_choices":[{"damage_healed":0,"gold_gain":0,"player_choice":"Ignored","damage_taken":0,"max_hp_gain":0,"max_hp_loss":0,"event_name":"Liars Game","floor":11,"gold_loss":0},{"damage_healed":0,"gold_gain":0,"player_choice":"Donut","damage_taken":0,"max_hp_gain":5,"max_hp_loss":0,"event_name":"Big Fish","floor":13,"gold_loss":0},{"damage_healed":0,"gold_gain":99,"player_choice":"Stole From Cult","damage_taken":0,"max_hp_gain":0,"max_hp_loss":0,"event_name":"Nest","floor":19,"gold_loss":0},{"damage_healed":0,"gold_gain":0,"player_choice":"Obtained Book","damage_taken":16,"max_hp_gain":0,"max_hp_loss":0,"event_name":"Cursed Tome","floor":20,"gold_loss":0}],"is_beta":false,"boss_relics":[{"not_picked":["White Beast Statue","Black Star"],"picked":"Orrery"}],"items_purged_floors":[],"is_endless":false,"potions_floor_spawned":[3,7,14,18,21,29],"killed_by":"Automaton","ascension_level":5}