{"gold_per_floor":[117,131,150,163,163,163,43,73,73,91,124,134,151,163,163,258,258,271,291,291,216,216],"floor_reached":22,"playtime":1587,"items_purged":[],"score":320,"play_id":"b1f6df55-a5d7-4ac0-ba70-367e73c3009a","local_time":"20190302200646","is_ascension_mode":true,"campfire_choices":[{"data":"Sucker Punch","floor":6,"key":"SMITH"},{"data":"Catalyst","floor":15,"key":"SMITH"}],"neow_cost":"NONE","seed_source_timestamp":261269305588192,"circlet_count":0,"master_deck":["AscendersBane","Defend_G","Defend_G","Defend_G","Defend_G","Defend_G+1","Strike_G","Strike_G","Strike_G+1","Strike_G","Survivor","Neutralize","Backstab","Sucker Punch+1","Adrenaline","Footwork","Deadly Poison","All Out Attack","Blur","Catalyst+1","Backflip","Die Die Die","Bane"],"relics":["Ring of the Serpent","Regal Pillow","Meat on the Bone","WingedGreaves"],"potions_floor_usage":[8,8,16,16],"damage_taken":[{"damage":0,"enemies":"Small Slimes","floor":1,"turns":4},{"damage":6,"enemies":"Jaw Worm","floor":2,"turns":4},{"damage":4,"enemies":"Cultist","floor":3,"turns":5},{"damage":5,"enemies":"Looter","floor":4,"turns":4},{"damage":8,"enemies":"3 Sentries","floor":8,"turns":11},{"damage":5,"enemies":"2 Fungi Beasts","floor":10,"turns":4},{"damage":21,"enemies":"Lagavulin","floor":11,"turns":6},{"damage":0,"enemies":"Blue Slaver","floor":12,"turns":4},{"damage":5,"enemies":"Exordium Wildlife","floor":13,"turns":5},{"damage":0,"enemies":"2 Fungi Beasts","floor":14,"turns":2},{"damage":1,"enemies":"The Guardian","floor":16,"turns":14},{"damage":27,"enemies":"Spheric Guardian","floor":18,"turns":6},{"damage":2,"enemies":"Chosen","floor":19,"turns":4},{"damage":63,"enemies":"3 Cultists","floor":22,"turns":6}],"seed_played":"-753256920084020660","potions_obtained":[{"floor":2,"key":"EssenceOfSteel"},{"floor":3,"key":"Regen Potion"},{"floor":11,"key":"Dexterity Potion"},{"floor":12,"key":"Dexterity Potion"},{"floor":19,"key":"EssenceOfSteel"}],"is_trial":false,"path_per_floor":["M","M","M","M","?","R","$","E","T","M","E","M","M","M","R","B",null,"M","M","?","?","M"],"character_chosen":"THE_SILENT","items_purchased":["Footwork","Deadly Poison"],"campfire_rested":0,"item_purchase_floors":[7,7],"current_hp_per_floor":[63,57,53,48,34,34,34,41,41,36,27,39,46,46,46,45,64,37,47,47,47,0],"gold":216,"neow_bonus":"THREE_CARDS","is_prod":false,"is_daily":false,"chose_seed":false,"campfire_upgraded":2,"win_rate":0,"timestamp":1551575206,"path_taken":["M","M","M","M","?","R","?","E","T","M","E","M","M","M","R","BOSS","M","M","?","?","?"],"build_version":"2019-01-23","purchased_purges":0,"victory":false,"max_hp_per_floor":[70,70,70,70,70,70,70,70,70,70,70,70,70,70,70,70,70,70,70,70,70,70],"card_choices":[{"not_picked":["Outmaneuver","Backflip"],"picked":"Backstab","floor":0},{"not_picked":["Acrobatics","Cloak And Dagger"],"picked":"Sucker Punch","floor":1},{"not_picked":["Backflip","Deflect"],"picked":"Adrenaline","floor":2},{"not_picked":["Bane","Backflip","Prepared"],"picked":"SKIP","floor":3},{"not_picked":["PiercingWail","Dodge and Roll","Cloak And Dagger"],"picked":"SKIP","floor":4},{"not_picked":["Outmaneuver","Deadly Poison","Footwork"],"picked":"SKIP","floor":8},{"not_picked":["Tactician","Masterful Stab"],"picked":"All Out Attack","floor":10},{"not_picked":["Setup","Dodge and Roll"],"picked":"Blur","floor":11},{"not_picked":["Cloak And Dagger","Poisoned Stab"],"picked":"Catalyst","floor":12},{"not_picked":["Blade Dance","Infinite Blades","Eviscerate"],"picked":"SKIP","floor":13},{"not_picked":["Deadly Poison","Backstab"],"picked":"Backflip","floor":14},{"not_picked":["Bullet Time","A Thousand Cuts"],"picked":"Die Die Die","floor":16},{"not_picked":["Endless Agony","Slice+1","Blade Dance"],"picked":"SKIP","floor":18},{"not_picked":["Flying Knee+1","Expertise"],"picked":"Bane","floor":19}],"player_experience":351732,"relics_obtained":[{"floor":8,"key":"Regal Pillow"},{"floor":9,"key":"Meat on the Bone"},{"floor":11,"key":"WingedGreaves"}],"event_choices":[{"damage_healed":0,"gold_gain":0,"player_choice":"Entered Light","damage_taken":14,"max_hp_gain":0,"max_hp_loss":0,"event_name":"Shining Light","floor":5,"gold_loss":0,"cards_upgraded":["Strike_G","Defend_G"]},{"damage_healed":0,"gold_gain":0,"player_choice":"Ignored","damage_taken":0,"max_hp_gain":0,"max_hp_loss":0,"event_name":"Ghosts","floor":20,"gold_loss":0},{"cards_removed":["Strike_G"],"damage_healed":0,"gold_gain":0,"player_choice":"Gave Gold","damage_taken":0,"max_hp_gain":0,"max_hp_loss":0,"event_name":"Beggar","floor":21,"gold_loss":75}],"is_beta":false,"boss_relics":[{"not_picked":["Astrolabe","Tiny House"],"picked":"Ring of the Serpent"}],"items_purged_floors":[],"is_endless":false,"potions_floor_spawned":[2,3,11,12,13,19],"killed_by":"3 Cultists","ascension_level":12}