{"path_per_floor":["M","?","$","M","?","?","R","M","T","M","M","M","M","M","R","B",null,"M","?","?","M","$","R","M","R","T","M","M","M","M","?","R","B",null,"M","?","M","$","?","M","R","M","T","M","M","$","R","$","R","B"],"character_chosen":"DEFECT","items_purchased":["Glacier","Defragment","Seek","Stack","Hello World","Tiny Chest","Blood Vial","Mercury Hourglass"],"gold_per_floor":[113,113,34,51,51,51,51,66,112,132,156,180,193,216,216,339,339,363,363,363,381,42,42,67,67,67,91,107,131,151,151,151,281,319,344,677,696,399,399,411,411,429,429,441,458,48,48,48,48,48],"floor_reached":51,"campfire_rested":2,"playtime":4455,"item_purchase_floors":[],"current_hp_per_floor":[74,74,74,74,74,56,56,56,56,56,56,56,49,42,42,49,75,57,57,57,54,54,54,42,42,42,39,39,34,33,33,55,43,80,79,79,75,75,75,68,68,64,64,46,46,46,70,70,70,46],"items_purged":["Normality","Strike_B"],"gold":48,"score":647,"play_id":"af99909a-bd35-4ed4-bef7-efcadc01b9d0","local_time":"20180613224448","is_prod":false,"is_daily":false,"chose_seed":false,"is_ascension_mode":false,"campfire_upgraded":6,"win_rate":0.0,"timestamp":1528944288,"campfire_choices":[{"data":"Redo","floor":7.0,"key":"SMITH"},{"data":"Defragment","floor":15.0,"key":"SMITH"},{"data":"Defragment","floor":23.0,"key":"SMITH"},{"data":"Redo","floor":25.0,"key":"SMITH"},{"floor":32,"key":"REST"},{"data":"Creative AI","floor":41,"key":"SMITH"},{"floor":47,"key":"REST"},{"data":"Seek","floor":49,"key":"SMITH"}],"path_taken":["M","?","$","?","?","?","R","M","T","M","M","M","?","M","R","BOSS","M","?","?","M","$","R","M","R","T","M","?","M","M","?","R","BOSS","M","?","?","$","?","M","R","M","T","?","M","?","R","?","R","BOSS"],"build_version":"2018-06-07v3","seed_source_timestamp":0,"purchased_purges":2,"victory":true,"master_deck":["Strike_B","Strike_B","Strike_B","Defend_B","Defend_B","Defend_B","Defend_B","Zap","Dualcast","Stack+1","Glacier","Redo+1","Conserve Battery","Seek+1","Glacier+1","Defragment+1","Redo+1","Electrodynamics","Cold Snap","Genetic Algorithm+1","Defragment+1","Seek","Stack","Ball Lightning+1","Seek","Conserve Battery+1","Creative AI+1","Consume+1","Hello World","BootSequence+1"],"max_hp_per_floor":[75,75,75,75,75,75,75,75,75,75,75,75,75,75,75,75,75,75,75,75,75,75,75,75,75,75,75,75,75,75,75,75,75,80,80,80,80,80,80,80,80,80,80,80,80,80,80,80,80,80],"relics":["Cracked Core","Art of War","Anchor","Inserter","Gambling Chip","Molten Egg 2","Tiny House","Tiny Chest","Dodecahedron","Blood Vial","Mercury Hourglass"],"card_choices":[{"not_picked":["Hologram","Blizzard"],"picked":"Stack","floor":1.0},{"not_picked":["Leap","Go for the Eyes"],"picked":"Redo","floor":4.0},{"not_picked":["Chaos","BootSequence"],"picked":"Conserve Battery","floor":8.0},{"not_picked":["Leap","FTL"],"picked":"Seek","floor":10.0},{"not_picked":["Barrage","Streamline","Compile Driver"],"picked":"SKIP","floor":11.0},{"not_picked":["Barrage","Rip and Tear"],"picked":"Glacier","floor":12.0},{"not_picked":["Beam Cell","Gash"],"picked":"Defragment","floor":13.0},{"not_picked":["Hologram","Cold Snap"],"picked":"Redo","floor":14.0},{"not_picked":["Biased Cognition","Multi-Cast"],"picked":"Electrodynamics","floor":16.0},{"not_picked":["Conserve Battery+1","Compile Driver"],"picked":"Cold Snap","floor":18.0},{"not_picked":["Tempest+1","Beam Cell"],"picked":"Genetic Algorithm+1","floor":21.0},{"not_picked":["Aggregate","Chill"],"picked":"Ball Lightning+1","floor":24.0},{"not_picked":["Compile Driver+1","Streamline+1"],"picked":"Seek","floor":27.0},{"not_picked":["Chaos","Conserve Battery","Leap"],"picked":"SKIP","floor":28.0},{"not_picked":["Barrage+1","Compile Driver+1"],"picked":"Conserve Battery+1","floor":29},{"not_picked":["Redo","Coolheaded","Gash+1"],"picked":"SKIP","floor":30},{"not_picked":["Seek","All For One+1"],"picked":"Creative AI","floor":33},{"not_picked":["Chaos","Stack"],"picked":"Consume+1","floor":34},{"not_picked":["Lockon+1","Go for the Eyes+1","Double Energy"],"picked":"SKIP","floor":35},{"not_picked":["Cold Snap+1","Gash+1","Ball Lightning+1"],"picked":"SKIP","floor":37},{"not_picked":["Force Field","Redo+1","Streamline+1"],"picked":"SKIP","floor":40},{"not_picked":["Compile Driver+1","Steam Power"],"picked":"BootSequence+1","floor":42},{"not_picked":["FTL+1","Chaos","Ball Lightning+1"],"picked":"SKIP","floor":44},{"not_picked":["Steam","Coolheaded+1","Skim+1"],"picked":"SKIP","floor":45}],"player_experience":510381,"potions_floor_usage":[33],"damage_taken":[{"damage":1.0,"enemies":"Jaw Worm","floor":1.0,"turns":4.0},{"damage":0.0,"enemies":"Small Slimes","floor":4.0,"turns":3.0},{"damage":0.0,"enemies":"Cultist","floor":8.0,"turns":4.0},{"damage":0.0,"enemies":"Blue Slaver","floor":10.0,"turns":4.0},{"damage":0.0,"enemies":"Lots of Slimes","floor":11.0,"turns":4.0},{"damage":0.0,"enemies":"Gremlin Gang","floor":12.0,"turns":3.0},{"damage":7.0,"enemies":"3 Louse","floor":13.0,"turns":4.0},{"damage":7.0,"enemies":"2 Fungi Beasts","floor":14.0,"turns":5.0},{"damage":8.0,"enemies":"The Guardian","floor":16.0,"turns":16.0},{"damage":18.0,"enemies":"Shell Parasite","floor":18.0,"turns":8.0},{"damage":3.0,"enemies":"Spheric Guardian","floor":21.0,"turns":4.0},{"damage":12.0,"enemies":"Slaver and Parasite","floor":24.0,"turns":7.0},{"damage":3.0,"enemies":"Centurion and Healer","floor":27.0,"turns":4.0},{"damage":0.0,"enemies":"Snake Plant","floor":28.0,"turns":5.0},{"damage":5,"enemies":"Slaver and Parasite","floor":29,"turns":8},{"damage":1,"enemies":"Centurion and Healer","floor":30,"turns":4},{"damage":12,"enemies":"Collector","floor":33,"turns":11},{"damage":1,"enemies":"3 Shapes","floor":35,"turns":2},{"damage":4,"enemies":"Orb Walker","floor":37,"turns":6},{"damage":7,"enemies":"Maw","floor":40,"turns":9},{"damage":4,"enemies":"4 Shapes","floor":42,"turns":4},{"damage":18,"enemies":"3 Darklings","floor":44,"turns":7},{"damage":0,"enemies":"Sphere and 2 Shapes","floor":45,"turns":6},{"damage":26,"enemies":"Donu and Deca","floor":50,"turns":11}],"relics_obtained":[{"floor":9.0,"key":"Anchor"},{"floor":26.0,"key":"Molten Egg 2"},{"floor":43,"key":"Dodecahedron"}],"event_choices":[{"event_name":"Living Wall","player_choice":"Grow","floor":2.0,"damage_taken":0.0},{"event_name":"Accursed Blacksmith","player_choice":"Rummage","floor":5.0,"damage_taken":0.0},{"event_name":"Golden Idol","player_choice":"Take Damage","floor":6.0,"damage_taken":0.0},{"event_name":"Ghosts","player_choice":"Ignored","floor":19.0,"damage_taken":0.0},{"event_name":"The Mausoleum","player_choice":"Yes","floor":20.0,"damage_taken":0.0},{"event_name":"Purifier","player_choice":"One Purge","floor":31,"damage_taken":0},{"event_name":"The Moai Head","player_choice":"Gave Idol","floor":36,"damage_taken":0},{"event_name":"Tomb of Lord Red Mask","player_choice":"Ignored","floor":39,"damage_taken":0}],"boss_relics":[{"not_picked":["Pandora\u0027s Box","Sozu"],"picked":"Inserter"},{"not_picked":["Eternal Feather","Orrery"],"picked":"Tiny House"}],"items_purged_floors":[],"potions_floor_spawned":[4,11,12,14,21,24,28,35,37,42,45],"seed_played":"4023525473647214846","ascension_level":0,"potions_obtained":[{"floor":4.0,"key":"SpeedPotion"},{"floor":11.0,"key":"Explosive Potion"},{"floor":12.0,"key":"Fire Potion"},{"floor":14.0,"key":"Regen Potion"},{"floor":21.0,"key":"PowerPotion"},{"floor":24.0,"key":"FairyPotion"},{"floor":28.0,"key":"Dexterity Potion"},{"floor":34,"key":"SneckoOil"}],"is_trial":false}