{"path_per_floor":["M","$","T","M","M","R","$","R","T","M","M","R","M","E","R","B",null,"M","?","M","$","M","$","M","R","T","?","R","E","R"],"character_chosen":"THE_SILENT","items_purchased":["Flash of Steel"],"gold_per_floor":[115,40,64,75,87,87,87,87,110,122,141,141,160,190,190,288,288,288,213,153,61,61,61,61,61,61,61,61,61,61,61],"floor_reached":31,"campfire_rested":1,"playtime":2260,"item_purchase_floors":[21],"current_hp_per_floor":[51,51,51,48,47,47,47,47,47,47,47,47,47,34,34,34,61,61,61,57,57,55,55,34,34,34,21,58,65,65,36],"items_purged":["Defend_G"],"gold":61,"score":495,"play_id":"e22ceac2-6b77-42f6-b1e0-b40a9ebd5713","local_time":"20180601032306","is_prod":false,"is_daily":false,"chose_seed":false,"is_ascension_mode":true,"campfire_upgraded":6,"win_rate":0,"timestamp":1527790986,"campfire_choices":[{"data":"Dodge and Roll","floor":6,"key":"SMITH"},{"data":"Neutralize","floor":8,"key":"SMITH"},{"data":"After Image","floor":12,"key":"SMITH"},{"data":"Prepared","floor":15,"key":"SMITH"},{"data":"Blade Dance","floor":25,"key":"SMITH"},{"floor":28,"key":"REST"},{"data":"Adrenaline","floor":30,"key":"SMITH"}],"path_taken":["M","?","?","M","M","R","?","R","T","?","?","R","M","E","R","BOSS","M","?","M","$","?","$","M","R","T","?","R","E","R","E"],"build_version":"2018-05-24","seed_source_timestamp":711112805719277,"purchased_purges":1,"victory":false,"master_deck":["Defend_G","Defend_G","Defend_G","Strike_G","Strike_G","Strike_G","Strike_G","Strike_G","Survivor","Neutralize+1","AscendersBane","Underhanded Strike","Dodge and Roll+1","After Image+1","Prepared+1","Adrenaline+1","Blade Dance+1","Flash of Steel"],"max_hp_per_floor":[70,70,70,70,70,70,70,70,70,70,70,70,70,70,70,70,70,70,70,70,70,70,70,70,70,70,75,75,82,82,82],"relics":["Ring of the Snake","Boot","Lantern","Thread and Needle","Ectoplasm","Regal Pillow","Strawberry"],"card_choices":[{"not_picked":["Acrobatics","Eviscerate"],"picked":"Underhanded Strike","floor":1},{"not_picked":["Slice","Quick Slash","Outmaneuver"],"picked":"SKIP","floor":4},{"not_picked":["Poisoned Stab","Quick Slash"],"picked":"Dodge and Roll","floor":5},{"not_picked":["Finisher","Deflect"],"picked":"After Image","floor":10},{"not_picked":["Backflip","Masterful Stab","Quick Slash"],"picked":"SKIP","floor":11},{"not_picked":["Outmaneuver","Poisoned Stab","Masterful Stab"],"picked":"SKIP","floor":13},{"not_picked":["Underhanded Strike","Dagger Spray"],"picked":"Prepared","floor":14},{"not_picked":["A Thousand Cuts","Bullet Time"],"picked":"Adrenaline","floor":16},{"not_picked":["Outmaneuver","Leg Sweep"],"picked":"Blade Dance","floor":18},{"not_picked":["Dagger Throw","Expertise","Endless Agony"],"picked":"SKIP","floor":20},{"not_picked":["Prepared+1","Caltrops","Bane+1"],"picked":"SKIP","floor":22},{"not_picked":["Prepared","PiercingWail","Backflip"],"picked":"SKIP","floor":24},{"not_picked":["Caltrops","Eviscerate+1","Backflip"],"picked":"SKIP","floor":29}],"player_experience":728690,"potions_floor_usage":[14,14,14,16,24,29],"damage_taken":[{"damage":12,"enemies":"Cultist","floor":1,"turns":5},{"damage":3,"enemies":"Jaw Worm","floor":4,"turns":5},{"damage":1,"enemies":"2 Louse","floor":5,"turns":3},{"damage":0,"enemies":"Looter","floor":10,"turns":4},{"damage":0,"enemies":"Exordium Wildlife","floor":11,"turns":7},{"damage":0,"enemies":"3 Louse","floor":13,"turns":3},{"damage":13,"enemies":"Gremlin Nob","floor":14,"turns":4},{"damage":0,"enemies":"Hexaghost","floor":16,"turns":13},{"damage":0,"enemies":"Shell Parasite","floor":18,"turns":8},{"damage":4,"enemies":"2 Thieves","floor":20,"turns":4},{"damage":2,"enemies":"Snake Plant","floor":22,"turns":6},{"damage":21,"enemies":"Cultist and Chosen","floor":24,"turns":10},{"damage":0,"enemies":"Slavers","floor":29,"turns":10},{"damage":29,"enemies":"Gremlin Leader","floor":31,"turns":10}],"relics_obtained":[{"floor":3,"key":"Boot"},{"floor":9,"key":"Lantern"},{"floor":14,"key":"Thread and Needle"},{"floor":26,"key":"Regal Pillow"},{"floor":29,"key":"Strawberry"}],"event_choices":[{"event_name":"Beggar","player_choice":"Gave Gold","floor":19,"damage_taken":0},{"event_name":"Forgotten Altar","player_choice":"Shed Blood","floor":27,"damage_taken":0}],"boss_relics":[{"not_picked":["Velvet Choker","Orrery"],"picked":"Ectoplasm"}],"items_purged_floors":[2],"potions_floor_spawned":[10,11,13,14,18,20,29],"seed_played":"-4493429064643701265","killed_by":"Gremlin Leader","ascension_level":10,"potions_obtained":[{"floor":10,"key":"Poison Potion"},{"floor":11,"key":"Energy Potion"},{"floor":13,"key":"PowerPotion"},{"floor":14,"key":"PowerPotion"},{"floor":18,"key":"GamblersBrew"},{"floor":20,"key":"PowerPotion"},{"floor":29,"key":"Regen Potion"}],"is_trial":false}