{"path_per_floor":["M","?","M","T","M","R","M","R","T","?","$","M","$","M","R","B",null,"M","?","?","M","M","R","M","M","T","$","?","M","$"],"character_chosen":"IRONCLAD","items_purchased":["Flex","Flex"],"gold_per_floor":[119,119,129,129,143,143,159,159,159,109,62,82,7,20,20,116,116,128,43,43,59,76,76,91,111,111,62,62,75,75,75],"floor_reached":31,"campfire_rested":1,"playtime":1354,"current_hp_per_floor":[80,55,61,61,69,69,69,69,69,69,69,76,76,80,80,69,77,68,68,68,53,11,35,37,39,49,49,31,38,38,0],"items_purged":["Strike_R"],"gold":75,"score":337,"play_id":"4beeb4fd-fced-4e31-89b1-8650ea442743","local_time":"20180404230945","is_prod":false,"is_daily":false,"is_ascension_mode":true,"campfire_upgraded":3,"timestamp":1522897785,"path_taken":["M","?","?","?","M","R","M","R","T","?","$","?","$","M","R","BOSS","M","?","?","M","?","R","M","M","T","$","?","M","$","M"],"build_version":"2018-03-29v2","purchased_purges":1,"victory":false,"master_deck":["Strike_R","Strike_R","Defend_R","Defend_R","Defend_R","Bash","Headbutt","Flex+1","Disarm","Burning Pact","Cleave+1","Flex+1","Fiend Fire","Flex","Pummel+1","Sword Boomerang+1","Flex","Dropkick"],"max_hp_per_floor":[80,80,80,80,80,80,80,80,80,80,80,80,80,80,80,80,80,80,80,80,80,80,80,80,80,90,90,95,95,95,95],"relics":["Burning Blood","Blood Vial","Du-Vu Doll","Thread and Needle","Mark of Pain","Champion Belt","Pear"],"card_choices":[{"not_picked":["Perfected Strike","Havoc"],"picked":"Flex","floor":1},{"not_picked":["Thunderclap","Sever Soul"],"picked":"Disarm","floor":3},{"not_picked":["Shockwave","Combust"],"picked":"Burning Pact","floor":5},{"not_picked":["Uppercut","Shrug It Off"],"picked":"Cleave","floor":7},{"not_picked":["Dark Embrace","Bludgeon"],"picked":"Fiend Fire","floor":16},{"not_picked":["Iron Wave","Cleave"],"picked":"Flex","floor":18},{"not_picked":["Rage","Havoc"],"picked":"Pummel","floor":21},{"not_picked":["Flex","Corruption"],"picked":"Sword Boomerang","floor":22},{"not_picked":["Dual Wield","Flex"],"picked":"Dropkick","floor":29}],"player_experience":386293,"potions_floor_usage":[16,22,22,25,29],"damage_taken":[{"damage":2,"enemies":"Jaw Worm","floor":1,"turns":3},{"damage":2,"enemies":"2 Louse","floor":3,"turns":3},{"damage":0,"enemies":"Cultist","floor":5,"turns":3},{"damage":8,"enemies":"Exordium Thugs","floor":7,"turns":3},{"damage":1,"enemies":"3 Louse","floor":12,"turns":2},{"damage":1,"enemies":"Looter","floor":14,"turns":2},{"damage":17,"enemies":"Slime Boss","floor":16,"turns":8},{"damage":17,"enemies":"Spheric Guardian","floor":18,"turns":4},{"damage":23,"enemies":"2 Thieves","floor":21,"turns":4},{"damage":50,"enemies":"Slaver and Parasite","floor":22,"turns":6},{"damage":6,"enemies":"Snecko","floor":24,"turns":4},{"damage":6,"enemies":"Chosen and Byrds","floor":25,"turns":6},{"damage":1,"enemies":"Cultist and Chosen","floor":29,"turns":3},{"damage":44,"enemies":"Slaver and Parasite","floor":31,"turns":5}],"event_choices":[{"event_name":"Scrap Ooze","player_choice":"success","floor":2,"damage_taken":25},{"event_name":"The Cleric","player_choice":"Card Removal","floor":10,"damage_taken":0},{"event_name":"Addict","player_choice":"Obtained Relic","floor":19,"damage_taken":0},{"event_name":"Back to Basics","player_choice":"Elegance","floor":20,"damage_taken":0},{"event_name":"Forgotten Altar","player_choice":"Shed Blood","floor":28,"damage_taken":0}],"boss_relics":[{"not_picked":["Tiny House","Runic Cube"],"picked":"Mark of Pain"}],"potions_floor_spawned":[12,16,18,24,25],"seed_played":"-8925411808018193189","killed_by":"Slaver and Parasite","ascension_level":5,"is_trial":false}