{"gold_per_floor":[110,285,24,24,24,84,84,84,84,104,173,200,200,220,220,347,347,365,365,380,59,259,259,291,306,379,23,23,54,89,99,99,199,199,236,111,124,143,161,161,197,197,224,260,280,280,291,291,291,291],"floor_reached":50,"playtime":2193,"items_purged":["Doubt","Pain","Writhe"],"score":754,"play_id":"3c09f7c7-6ff0-493c-b23e-5047bed8bc2d","local_time":"20181112203536","is_ascension_mode":true,"campfire_choices":[{"data":"Zap","floor":7.0,"key":"SMITH"},{"data":"Dualcast","floor":15.0,"key":"SMITH"},{"data":"Panache","floor":23.0,"key":"SMITH"},{"floor":28.0,"key":"REST"},{"floor":32.0,"key":"REST"},{"data":"Loop","floor":40.0,"key":"SMITH"},{"data":"FTL","floor":42,"key":"SMITH"},{"data":"Stack","floor":46,"key":"SMITH"},{"floor":49,"key":"REST"}],"neow_cost":"NONE","seed_source_timestamp":0,"circlet_count":0,"master_deck":["Zap+1","Dualcast+1","Coolheaded+1","HandOfGreed+1","All For One+1","Beam Cell+1","Go for the Eyes+1","Gash+1","Gash+1","Sweeping Beam+1","Cold Snap+1","Force Field+1","Loop+1","Steam+1","Beam Cell+1","Gash+1","Self Repair+1","Panache+1","Beam Cell+1","Gash+1","Leap+1","Finesse+1","Conserve Battery+1","Gash+1","All For One+1","Lockon+1","Auto Shields+1","Self Repair+1","White Noise+1","FTL+1","Beam Cell+1","Beam Cell+1","Scrape+1","Stack+1","Gash+1"],"special_seed":0,"relics":["Cracked Core","NeowsBlessing","WarpedTongs","Pocketwatch","Bottled Lightning","Gremlin Horn","Centennial Puzzle","Pandora\u0027s Box","Strawberry","Shuriken","Pear","Cables","Astrolabe","Oddly Smooth Stone","Mark of the Bloom"],"potions_floor_usage":[50,50,50],"damage_taken":[{"damage":0.0,"enemies":"Jaw Worm","floor":1.0,"turns":1.0},{"damage":0.0,"enemies":"3 Sentries","floor":6.0,"turns":1.0},{"damage":0.0,"enemies":"2 Louse","floor":10.0,"turns":1.0},{"damage":25.0,"enemies":"Lagavulin","floor":12.0,"turns":6.0},{"damage":2.0,"enemies":"Cultist","floor":14.0,"turns":2.0},{"damage":12.0,"enemies":"Hexaghost","floor":16.0,"turns":7.0},{"damage":16.0,"enemies":"Shell Parasite","floor":18.0,"turns":3.0},{"damage":15.0,"enemies":"Chosen","floor":20.0,"turns":2.0},{"damage":35.0,"enemies":"Centurion and Healer","floor":24.0,"turns":3.0},{"damage":18.0,"enemies":"Snake Plant","floor":25.0,"turns":3.0},{"damage":0.0,"enemies":"3 Cultists","floor":29.0,"turns":3.0},{"damage":34.0,"enemies":"Slavers","floor":30.0,"turns":2.0},{"damage":0.0,"enemies":"Sentry and Sphere","floor":31.0,"turns":2.0},{"damage":17.0,"enemies":"Automaton","floor":33.0,"turns":6.0},{"damage":17.0,"enemies":"3 Shapes","floor":35.0,"turns":4.0},{"damage":17.0,"enemies":"Orb Walker","floor":37.0,"turns":3.0},{"damage":7.0,"enemies":"3 Darklings","floor":38.0,"turns":2.0},{"damage":9.0,"enemies":"Transient","floor":39.0,"turns":5.0},{"damage":21.0,"enemies":"4 Shapes","floor":41.0,"turns":3.0},{"damage":0,"enemies":"Jaw Worm Horde","floor":44,"turns":2},{"damage":30,"enemies":"Maw","floor":45,"turns":4},{"damage":21,"enemies":"3 Darklings","floor":47,"turns":3},{"damage":54,"enemies":"Awakened One","floor":50,"turns":5}],"seed_played":"-3854148166510193150","potions_obtained":[{"floor":1.0,"key":"Block Potion"},{"floor":10.0,"key":"GamblersBrew"},{"floor":14.0,"key":"GamblersBrew"},{"floor":20.0,"key":"PowerPotion"},{"floor":24.0,"key":"Fire Potion"},{"floor":25.0,"key":"Ancient Potion"},{"floor":33.0,"key":"Weak Potion"}],"is_trial":false,"path_per_floor":["M","?","$","?","$","E","R","$","T","M","T","E","?","M","R","B",null,"M","?","M","$","?","R","M","M","T","$","R","M","E","M","R","B",null,"M","$","M","M","M","R","M","R","T","M","M","R","M","?","R","B"],"character_chosen":"DEFECT","items_purchased":["HandOfGreed","Self Repair","Panache","Pear","Leap","Finesse"],"campfire_rested":3,"item_purchase_floors":[3,21,21,27,27,27],"current_hp_per_floor":[75,75,75,75,75,75,75,75,75,75,75,50,55,53,53,41,80,64,71,56,56,56,56,28,17,17,27,56,56,22,22,51,44,97,90,90,73,73,64,64,60,60,60,67,54,54,50,50,50,0],"gold":291,"neow_bonus":"THREE_ENEMY_KILL","is_prod":false,"is_daily":false,"chose_seed":false,"campfire_upgraded":6,"win_rate":0,"timestamp":1542072936,"path_taken":["M","?","$","?","$","E","R","$","T","?","?","E","?","M","R","BOSS","M","?","M","$","?","R","M","M","T","$","R","M","E","M","R","BOSS","M","?","?","M","M","R","M","R","T","M","?","R","M","?","R","BOSS"],"build_version":"2018-11-08","purchased_purges":3,"victory":false,"max_hp_per_floor":[75,75,75,75,75,75,75,75,75,75,75,75,80,80,80,80,80,80,87,87,87,87,87,87,87,87,97,97,97,97,97,97,97,97,97,97,97,97,97,97,97,97,97,97,97,97,97,97,97,97],"card_choices":[{"not_picked":["BootSequence","Rebound"],"picked":"Coolheaded","floor":1.0},{"not_picked":["Ball Lightning","Fusion"],"picked":"All For One","floor":6.0},{"not_picked":["Turbo","Barrage"],"picked":"Beam Cell","floor":10.0},{"not_picked":["Ball Lightning","Blizzard"],"picked":"Go for the Eyes","floor":12.0},{"not_picked":["Stack","Redo"],"picked":"Gash","floor":14.0},{"not_picked":["BootSequence","Loop+1"],"picked":"Beam Cell+1","floor":18.0},{"not_picked":["Turbo","Barrage"],"picked":"Gash+1","floor":20.0},{"not_picked":["Recycle","Conserve Battery"],"picked":"Beam Cell","floor":24.0},{"not_picked":["Go for the Eyes","Beam Cell"],"picked":"Gash","floor":25.0},{"not_picked":["Turbo","Rebound+1"],"picked":"Conserve Battery","floor":29.0},{"not_picked":["Compile Driver+1","Fission"],"picked":"Reprogram+1","floor":30.0},{"not_picked":["Reprogram","Coolheaded"],"picked":"Gash","floor":31.0},{"not_picked":["Machine Learning","Amplify"],"picked":"All For One","floor":33.0},{"not_picked":["Lockon+1","Self Repair"],"picked":"White Noise+1","floor":35.0},{"not_picked":["Ball Lightning+1","Streamline"],"picked":"FTL","floor":37.0},{"not_picked":["Cold Snap","Static Discharge+1"],"picked":"Beam Cell+1","floor":38.0},{"not_picked":["Redo","Conserve Battery+1"],"picked":"Beam Cell+1","floor":39.0},{"not_picked":["Compile Driver+1","Leap+1"],"picked":"Scrape","floor":41.0},{"not_picked":["Redo","Steam","Streamline"],"picked":"SKIP","floor":44},{"not_picked":["Streamline","Beam Cell+1"],"picked":"Stack","floor":45},{"not_picked":["Glacier+1","White Noise"],"picked":"Gash","floor":47}],"player_experience":799605,"relics_obtained":[{"floor":6.0,"key":"Pocketwatch"},{"floor":9.0,"key":"Bottled Lightning"},{"floor":11.0,"key":"Gremlin Horn"},{"floor":12.0,"key":"Centennial Puzzle"},{"floor":26.0,"key":"Shuriken"},{"floor":30.0,"key":"Cables"},{"floor":43,"key":"Oddly Smooth Stone"}],"event_choices":[{"damage_healed":0.0,"max_hp_gain":0.0,"max_hp_loss":0.0,"gold_gain":175.0,"event_name":"Liars Game","player_choice":"AGREE","floor":2.0,"gold_loss":0.0,"damage_taken":0.0,"cards_obtained":["Doubt"]},{"damage_healed":0.0,"max_hp_gain":0.0,"max_hp_loss":0.0,"gold_gain":0.0,"event_name":"Accursed Blacksmith","player_choice":"Rummage","floor":4.0,"gold_loss":0.0,"damage_taken":0.0,"relics_obtained":["WarpedTongs"],"cards_obtained":["Pain"]},{"damage_healed":0.0,"max_hp_gain":5.0,"max_hp_loss":0.0,"gold_gain":0.0,"event_name":"Big Fish","player_choice":"Donut","floor":13.0,"gold_loss":0.0,"damage_taken":0.0},{"damage_healed":0.0,"max_hp_gain":0.0,"max_hp_loss":0.0,"gold_gain":0.0,"event_name":"The Mausoleum","player_choice":"Opened","floor":19.0,"gold_loss":0.0,"damage_taken":0.0,"relics_obtained":["Strawberry"],"cards_obtained":["Writhe"]},{"damage_healed":0.0,"max_hp_gain":0.0,"max_hp_loss":0.0,"gold_gain":250.0,"event_name":"The Joust","player_choice":"Bet on Owner","floor":22.0,"gold_loss":50.0,"damage_taken":0.0},{"damage_healed":0,"gold_gain":0,"player_choice":"Upgrade","damage_taken":0,"relics_obtained":["Mark of the Bloom"],"max_hp_gain":0,"max_hp_loss":0,"event_name":"MindBloom","floor":48,"gold_loss":0,"cards_upgraded":["Coolheaded","HandOfGreed","All For One","Beam Cell","Go for the Eyes","Gash","Gash","Sweeping Beam","Cold Snap","Force Field","Steam","Self Repair","Beam Cell","Gash","Leap","Finesse","Conserve Battery","Gash","All For One","Scrape","Gash"]}],"is_beta":false,"boss_relics":[{"not_picked":["Lizard Tail","Black Star"],"picked":"Pandora\u0027s Box"},{"not_picked":["Calling Bell","Inserter"],"picked":"Astrolabe"}],"items_purged_floors":[3,21,36],"is_endless":false,"potions_floor_spawned":[1,10,14,20,24,25,33,35,37,41,45],"killed_by":"Awakened One","ascension_level":4}