{"gold_per_floor":[114,30,43,58,71,71,82,82,82,82,95,95,113,113,113,216,216,232,172,158,47,65,65,65,75,144,144,144,156,187,197,197,295,295,309,107,122,133,63,95,95,109,109,124,49,49,68,84,84,84],"floor_reached":51,"playtime":7501,"items_purged":[],"score":720,"play_id":"bb5df71e-df94-4496-aec8-cd6596ce946f","local_time":"20190228003921","is_ascension_mode":false,"campfire_choices":[{"data":"Cloak And Dagger","floor":6.0,"key":"SMITH"},{"data":"Noxious Fumes","floor":8.0,"key":"SMITH"},{"data":"Neutralize","floor":12.0,"key":"SMITH"},{"data":"Tools of the Trade","floor":15.0,"key":"SMITH"},{"data":"Crippling Poison","floor":23.0,"key":"SMITH"},{"floor":27.0,"key":"REST"},{"data":"After Image","floor":32.0,"key":"SMITH"},{"data":"Burst","floor":41.0,"key":"SMITH"},{"data":"Well Laid Plans","floor":49.0,"key":"SMITH"}],"neow_cost":"NONE","seed_source_timestamp":33981348509500,"circlet_count":0,"master_deck":["Defend_G","Defend_G","Defend_G","Defend_G","Defend_G","Strike_G","Strike_G","Strike_G","Strike_G","Survivor","Neutralize+1","Tools of the Trade+1","Dagger Throw","Noxious Fumes+1","Backflip","Backflip","Well Laid Plans+1","Cloak And Dagger+1","Catalyst+1","Deflect","Catalyst+1","Die Die Die","Poisoned Stab","Acrobatics","Crippling Poison+1","Dodge and Roll+1","After Image+1","PiercingWail","PiercingWail+1","Deflect","Burst+1","Prepared+1","Cloak And Dagger+1","Blade Dance+1","Malaise","Infinite Blades","Deadly Poison+1","Crippling Poison","Backflip+1","Deadly Poison+1"],"special_seed":0,"relics":["Ring of the Snake","Shuriken","Calling Bell","Bird Faced Urn","Dodecahedron","PreservedInsect","Matryoshka","Blood Vial","Philosopher\u0027s Stone","Oddly Smooth Stone","FossilizedHelix","Bag of Marbles","Pantograph"],"potions_floor_usage":[50,50],"damage_taken":[{"damage":1.0,"enemies":"Jaw Worm","floor":1.0,"turns":6.0},{"damage":1.0,"enemies":"Cultist","floor":3.0,"turns":4.0},{"damage":0.0,"enemies":"2 Louse","floor":4.0,"turns":3.0},{"damage":3.0,"enemies":"Red Slaver","floor":5.0,"turns":5.0},{"damage":23.0,"enemies":"Lots of Slimes","floor":7.0,"turns":4.0},{"damage":0.0,"enemies":"Large Slime","floor":11.0,"turns":5.0},{"damage":0.0,"enemies":"Looter","floor":13.0,"turns":4.0},{"damage":10.0,"enemies":"Hexaghost","floor":16.0,"turns":6.0},{"damage":8.0,"enemies":"Shell Parasite","floor":18.0,"turns":6.0},{"damage":9.0,"enemies":"2 Thieves","floor":20.0,"turns":4.0},{"damage":31.0,"enemies":"Sentry and Sphere","floor":22.0,"turns":5.0},{"damage":10.0,"enemies":"Centurion and Healer","floor":25.0,"turns":6.0},{"damage":17.0,"enemies":"Cultist and Chosen","floor":29.0,"turns":5.0},{"damage":19.0,"enemies":"Book of Stabbing","floor":30.0,"turns":7.0},{"damage":7.0,"enemies":"Snake Plant","floor":31.0,"turns":6.0},{"damage":45.0,"enemies":"Automaton","floor":33.0,"turns":12.0},{"damage":9.0,"enemies":"3 Darklings","floor":35.0,"turns":7.0},{"damage":0.0,"enemies":"3 Shapes","floor":37.0,"turns":3.0},{"damage":4.0,"enemies":"Writhing Mass","floor":38.0,"turns":4.0},{"damage":0.0,"enemies":"Reptomancer","floor":40.0,"turns":5.0},{"damage":0.0,"enemies":"3 Darklings","floor":42.0,"turns":5.0},{"damage":0.0,"enemies":"Maw","floor":44.0,"turns":8.0},{"damage":0.0,"enemies":"Sphere and 2 Shapes","floor":47.0,"turns":6.0},{"damage":0.0,"enemies":"Jaw Worm Horde","floor":48.0,"turns":5.0},{"damage":24,"enemies":"Donu and Deca","floor":50,"turns":10}],"seed_played":"6936083843048798725","potions_obtained":[{"floor":3.0,"key":"SneckoOil"},{"floor":7.0,"key":"Poison Potion"},{"floor":11.0,"key":"Regen Potion"},{"floor":18.0,"key":"Weak Potion"},{"floor":22.0,"key":"Ancient Potion"},{"floor":29.0,"key":"FearPotion"},{"floor":38.0,"key":"GhostInAJar"},{"floor":44.0,"key":"Energy Potion"},{"floor":48.0,"key":"SteroidPotion"}],"is_trial":false,"path_per_floor":["M","$","M","M","M","R","M","R","T","?","M","R","M","?","R","B",null,"M","?","M","$","M","R","?","M","T","R","?","M","E","M","R","B",null,"M","$","M","M","$","E","R","M","T","M","$","?","M","M","R","B",null],"character_chosen":"THE_SILENT","items_purchased":["Noxious Fumes","Backflip","Crippling Poison","Ancient Potion","Poison Potion","Oddly Smooth Stone","Malaise","Crippling Poison"],"campfire_rested":1,"item_purchase_floors":[2,2,21,21,36,36,39,45],"current_hp_per_floor":[69,69,68,68,65,65,42,42,42,42,42,42,42,42,42,32,70,64,64,61,61,36,36,36,34,34,55,55,46,33,36,36,16,67,64,64,67,65,65,67,67,67,67,67,67,67,67,67,67,51],"gold":84,"neow_bonus":"ONE_RANDOM_RARE_CARD","is_prod":false,"is_daily":false,"chose_seed":false,"campfire_upgraded":8,"win_rate":0,"timestamp":1551343161,"path_taken":["M","$","M","M","M","R","M","R","T","?","M","R","?","?","R","BOSS","M","?","?","$","M","R","?","M","T","R","?","M","E","M","R","BOSS","M","$","M","M","?","E","R","M","T","M","$","?","M","?","R","BOSS"],"build_version":"2019-01-23","purchased_purges":0,"victory":true,"max_hp_per_floor":[70,70,70,70,70,70,70,70,70,70,70,70,70,70,70,70,70,70,70,70,70,70,70,70,70,70,70,67,67,67,67,67,67,67,67,67,67,67,67,67,67,67,67,67,67,67,67,67,67,67],"card_choices":[{"not_picked":["Escape Plan","Masterful Stab"],"picked":"Dagger Throw","floor":1.0},{"not_picked":["Sucker Punch","Blade Dance"],"picked":"Backflip","floor":3.0},{"not_picked":["Expertise","Sucker Punch"],"picked":"Well Laid Plans","floor":4.0},{"not_picked":["Backflip","All Out Attack"],"picked":"Cloak And Dagger","floor":5.0},{"not_picked":["Acrobatics","Choke"],"picked":"Catalyst","floor":7.0},{"not_picked":["Die Die Die","Prepared"],"picked":"Deflect","floor":11.0},{"not_picked":["Bane","Cloak And Dagger"],"picked":"Catalyst","floor":13.0},{"not_picked":["Envenom","Phantasmal Killer"],"picked":"Die Die Die","floor":16.0},{"not_picked":["Acrobatics","Riddle With Holes"],"picked":"Poisoned Stab","floor":18.0},{"not_picked":["Tactician","Choke"],"picked":"Acrobatics","floor":20.0},{"not_picked":["Quick Slash+1","Slice+1"],"picked":"Dodge and Roll+1","floor":22.0},{"not_picked":["Dagger Spray","Outmaneuver","Sucker Punch"],"picked":"SKIP","floor":25.0},{"not_picked":["Dodge and Roll","Poisoned Stab"],"picked":"PiercingWail","floor":29.0},{"not_picked":["Finisher+1","Well Laid Plans"],"picked":"PiercingWail+1","floor":30.0},{"not_picked":["Catalyst","Terror"],"picked":"Deflect","floor":31.0},{"not_picked":["Storm of Steel","Corpse Explosion"],"picked":"Burst","floor":33.0},{"not_picked":["Dagger Throw+1","Tactician"],"picked":"Prepared+1","floor":35.0},{"not_picked":["Quick Slash+1","Outmaneuver+1"],"picked":"Cloak And Dagger+1","floor":37.0},{"not_picked":["Dagger Spray+1","Poisoned Stab"],"picked":"Blade Dance+1","floor":38.0},{"not_picked":["Envenom","Heel Hook+1"],"picked":"Infinite Blades","floor":40.0},{"not_picked":["Slice+1","Blade Dance","Dagger Spray"],"picked":"SKIP","floor":42.0},{"not_picked":["Riddle With Holes+1","Flechettes"],"picked":"Deadly Poison+1","floor":44.0},{"not_picked":["Riddle With Holes","Sucker Punch+1"],"picked":"Backflip+1","floor":47.0},{"not_picked":["Flechettes+1","Cloak And Dagger"],"picked":"Deadly Poison+1","floor":48.0}],"player_experience":40561,"relics_obtained":[{"floor":9.0,"key":"Shuriken"},{"floor":17.0,"key":"Bird Faced Urn"},{"floor":17.0,"key":"Dodecahedron"},{"floor":17.0,"key":"PreservedInsect"},{"floor":26.0,"key":"Matryoshka"},{"floor":30.0,"key":"Blood Vial"},{"floor":40.0,"key":"FossilizedHelix"},{"floor":43.0,"key":"Bag of Marbles"},{"floor":43.0,"key":"Pantograph"}],"event_choices":[{"damage_healed":0.0,"max_hp_gain":0.0,"max_hp_loss":0.0,"gold_gain":0.0,"event_name":"Upgrade Shrine","player_choice":"Upgraded","floor":10.0,"gold_loss":0.0,"damage_taken":0.0,"cards_upgraded":["Catalyst"]},{"damage_healed":0.0,"max_hp_gain":0.0,"max_hp_loss":0.0,"gold_gain":0.0,"event_name":"Accursed Blacksmith","player_choice":"Forge","floor":14.0,"gold_loss":0.0,"damage_taken":0.0,"cards_upgraded":["Catalyst"]},{"cards_removed":["Normality"],"damage_healed":0.0,"max_hp_gain":0.0,"max_hp_loss":0.0,"gold_gain":0.0,"event_name":"Designer","player_choice":"Single Remove","floor":19.0,"gold_loss":60.0,"damage_taken":0.0},{"damage_healed":0.0,"max_hp_gain":0.0,"max_hp_loss":0.0,"gold_gain":0.0,"event_name":"The Library","player_choice":"Read","floor":24.0,"gold_loss":0.0,"damage_taken":0.0,"cards_obtained":["After Image"]},{"cards_removed":["Injury","Parasite"],"damage_healed":0.0,"max_hp_gain":0.0,"max_hp_loss":0.0,"gold_gain":0.0,"event_name":"Fountain of Cleansing","player_choice":"Removed Curses","floor":28.0,"gold_loss":0.0,"damage_taken":0.0},{"cards_removed":["Strike_G"],"damage_healed":0.0,"max_hp_gain":0.0,"max_hp_loss":0.0,"gold_gain":0.0,"event_name":"Bonfire Elementals","player_choice":"Offered Basic","floor":46.0,"gold_loss":0.0,"damage_taken":0.0}],"is_beta":false,"boss_relics":[{"not_picked":["Snecko Eye","Tiny House"],"picked":"Calling Bell"},{"not_picked":["Black Star","HoveringKite"],"picked":"Philosopher\u0027s Stone"}],"items_purged_floors":[],"is_endless":false,"potions_floor_spawned":[3,7,11,18,22,29,38,44,48],"ascension_level":0}