{"gold_per_floor":[117,192,212,224,242,242,242,18,92,92,103,122,156,81,81,178,178,193,206,206,222,68,68,81,81,129,31,31,31,31,47,47,148,148,162,11,21,21],"floor_reached":38,"playtime":1584,"items_purged":["Strike_R","Strike_R"],"score":470,"play_id":"9032305d-3eae-4f59-82cd-e82b8fc85fbc","local_time":"20181128025940","is_ascension_mode":true,"campfire_choices":[{"data":"Sword Boomerang","floor":6,"key":"SMITH"},{"data":"Sword Boomerang","floor":10,"key":"SMITH"},{"floor":15,"key":"REST"},{"floor":23,"key":"REST"},{"floor":25,"key":"REST"},{"data":"Flex","floor":30,"key":"SMITH"},{"floor":32,"key":"REST"}],"neow_cost":"NONE","seed_source_timestamp":1207270659950755,"circlet_count":0,"master_deck":["Strike_R","Strike_R","Defend_R","Defend_R","Defend_R","Defend_R","Bash","Fiend Fire","Shrug It Off","Sword Boomerang+1","Sword Boomerang+1","Rupture","Metallicize","Searing Blow","Inflame","Brutality","Disarm","Pummel","Metallicize","Thunderclap","Twin Strike","Flex+1","Heavy Blade","Shrug It Off","Whirlwind","Offering","Shrug It Off","Finesse","Armaments"],"relics":["Burning Blood","Lantern","Matryoshka","Bag of Marbles","Red Skull","Bag of Preparation","Cursed Key"],"potions_floor_usage":[16,21,21,21,33],"damage_taken":[{"damage":7,"enemies":"Jaw Worm","floor":1,"turns":3},{"damage":5,"enemies":"Cultist","floor":3,"turns":4},{"damage":8,"enemies":"2 Louse","floor":4,"turns":2},{"damage":8,"enemies":"Blue Slaver","floor":5,"turns":3},{"damage":11,"enemies":"Exordium Thugs","floor":11,"turns":4},{"damage":13,"enemies":"3 Louse","floor":12,"turns":3},{"damage":26,"enemies":"Lagavulin","floor":13,"turns":6},{"damage":38,"enemies":"The Guardian","floor":16,"turns":11},{"damage":31,"enemies":"3 Byrds","floor":18,"turns":5},{"damage":9,"enemies":"Chosen","floor":19,"turns":5},{"damage":39,"enemies":"Shelled Parasite and Fungi","floor":21,"turns":3},{"damage":27,"enemies":"Snake Plant","floor":24,"turns":5},{"damage":2,"enemies":"3 Cultists","floor":31,"turns":3},{"damage":67,"enemies":"Collector","floor":33,"turns":9},{"damage":66,"enemies":"3 Darklings","floor":35,"turns":5},{"damage":0,"enemies":"Orb Walker","floor":37,"turns":2},{"damage":14,"enemies":"Sphere and 2 Shapes","floor":38,"turns":2}],"seed_played":"-5299178195115490776","potions_obtained":[{"floor":1,"key":"SkillPotion"},{"floor":5,"key":"Swift Potion"},{"floor":11,"key":"LiquidBronze"},{"floor":16,"key":"Fire Potion"},{"floor":18,"key":"BloodPotion"},{"floor":31,"key":"Fruit Juice"},{"floor":35,"key":"Dexterity Potion"}],"is_trial":false,"path_per_floor":["M","?","M","M","M","R","?","$","T","R","M","M","E","$","R","B",null,"M","M","?","M","$","R","M","R","T","$","?","$","R","M","R","B",null,"M","$","M","M"],"character_chosen":"IRONCLAD","items_purchased":["Rupture","Lantern","Twin Strike","Heavy Blade","Shrug It Off","Shrug It Off","Finesse"],"campfire_rested":4,"item_purchase_floors":[8,8,22,27,27,36,36],"current_hp_per_floor":[79,68,69,67,65,65,65,65,65,65,60,53,33,33,57,25,66,41,38,38,13,13,37,16,40,40,40,40,40,40,44,68,12,67,7,7,13,0],"gold":21,"neow_bonus":"ONE_RANDOM_RARE_CARD","is_prod":false,"is_daily":false,"chose_seed":false,"campfire_upgraded":3,"win_rate":0,"timestamp":1543391980,"path_taken":["M","?","M","M","M","R","?","$","T","R","M","M","E","$","R","BOSS","M","?","?","M","?","R","M","R","T","$","?","?","R","?","R","BOSS","M","$","M","M"],"build_version":"2018-11-15","purchased_purges":2,"victory":false,"max_hp_per_floor":[80,80,80,80,80,80,80,80,80,80,80,80,80,80,80,80,80,80,80,80,80,80,80,80,80,80,80,80,80,80,80,80,85,85,85,85,85,85],"card_choices":[{"not_picked":["Reckless Charge","Armaments"],"picked":"Shrug It Off","floor":1},{"not_picked":["Warcry","Headbutt","Wild Strike"],"picked":"SKIP","floor":3},{"not_picked":["Headbutt","Iron Wave"],"picked":"Sword Boomerang","floor":4},{"not_picked":["Double Tap","Warcry"],"picked":"Sword Boomerang","floor":5},{"not_picked":["Cleave","Body Slam"],"picked":"Metallicize","floor":11},{"not_picked":["Sentinel","Clash"],"picked":"Searing Blow","floor":12},{"not_picked":["Whirlwind","Sword Boomerang"],"picked":"Inflame","floor":13},{"not_picked":["Dark Embrace","Juggernaut"],"picked":"Brutality","floor":16},{"not_picked":["Shockwave","Twin Strike+1"],"picked":"Disarm","floor":18},{"not_picked":["Entrench","Warcry"],"picked":"Pummel","floor":19},{"not_picked":["Iron Wave+1","True Grit"],"picked":"Thunderclap","floor":21},{"not_picked":["Heavy Blade","Inflame"],"picked":"Flex","floor":24},{"not_picked":["Shockwave","Dropkick"],"picked":"Whirlwind","floor":31},{"not_picked":["Double Tap","Berserk"],"picked":"Offering","floor":33},{"not_picked":["Headbutt+1","Reckless Charge","Thunderclap+1"],"picked":"SKIP","floor":35},{"not_picked":["Wild Strike+1","Reckless Charge+1"],"picked":"Armaments","floor":37}],"player_experience":839862,"relics_obtained":[{"floor":9,"key":"Matryoshka"},{"floor":13,"key":"Bag of Marbles"},{"floor":26,"key":"Red Skull"},{"floor":26,"key":"Bag of Preparation"}],"event_choices":[{"damage_healed":0,"gold_gain":75,"player_choice":"Gather Gold","damage_taken":11,"max_hp_gain":0,"max_hp_loss":0,"event_name":"World of Goop","floor":2,"gold_loss":0},{"cards_removed":["Strike_R"],"damage_healed":0,"gold_gain":0,"player_choice":"Offered Basic","damage_taken":0,"max_hp_gain":0,"max_hp_loss":0,"event_name":"Bonfire Elementals","floor":7,"gold_loss":0},{"damage_healed":0,"gold_gain":0,"player_choice":"Copied","damage_taken":0,"max_hp_gain":0,"max_hp_loss":0,"event_name":"Duplicator","floor":20,"gold_loss":0,"cards_obtained":["Metallicize"]},{"damage_healed":0,"gold_gain":0,"player_choice":"Ignored","damage_taken":0,"max_hp_gain":0,"max_hp_loss":0,"event_name":"Ghosts","floor":28,"gold_loss":0}],"is_beta":false,"boss_relics":[{"not_picked":["Fusion Hammer","Snecko Eye","Coffee Dripper"]},{"not_picked":["Mark of Pain","Lizard Tail"],"picked":"Cursed Key"}],"items_purged_floors":[14,22],"is_endless":false,"potions_floor_spawned":[1,5,11,16,18,19,31,35],"killed_by":"Sphere and 2 Shapes","ascension_level":5}