{"gold_per_floor":[114,114,133,133,58,89,89,132,155,155,176,220,220,233,233,332,332,345,345,370,394,417,417,451,469,469,469,493,493,509,542,542,635,635,656,656,672,687,687,687,720,1053,1053,1053],"floor_reached":44,"playtime":3264,"items_purged":["Strike_R"],"score":1046,"play_id":"46fd67a9-8d48-4fdf-8cae-98ea57ce61d6","local_time":"20181225141500","is_ascension_mode":true,"campfire_choices":[{"floor":7,"key":"REST"},{"data":"Defend_R","floor":10,"key":"SMITH"},{"data":"Shrug It Off","floor":15,"key":"SMITH"},{"data":"Bludgeon","floor":23,"key":"SMITH"},{"floor":27,"key":"REST"},{"floor":29,"key":"REST"},{"floor":32,"key":"REST"},{"data":"Inflame","floor":40,"key":"SMITH"}],"neow_cost":"NONE","seed_source_timestamp":325765235800972,"circlet_count":0,"master_deck":["AscendersBane","Strike_R","Strike_R","Strike_R","Strike_R","Defend_R+1","Defend_R+1","Defend_R+1","Defend_R","Bash+1","Hemokinesis+1","Reaper","Reaper","Shrug It Off+1","Feed","Iron Wave","Battle Trance","Disarm","Inflame+1","Warcry+1","Fiend Fire","Sword Boomerang+1","Shockwave+1","Offering+1","True Grit+1","Combust"],"relics":["Burning Blood","Bag of Preparation","Shuriken","War Paint","Ancient Tea Set","Sozu","Toxic Egg 2","Pear","Letter Opener","Omamori","Cursed Key","Pantograph","Darkstone Periapt"],"potions_floor_usage":[6,12,16,44],"damage_taken":[{"damage":9,"enemies":"Jaw Worm","floor":1,"turns":3},{"damage":2,"enemies":"2 Louse","floor":3,"turns":2},{"damage":29,"enemies":"3 Sentries","floor":6,"turns":7},{"damage":39,"enemies":"Lagavulin","floor":8,"turns":6},{"damage":5,"enemies":"Cultist","floor":11,"turns":4},{"damage":30,"enemies":"Gremlin Nob","floor":12,"turns":4},{"damage":3,"enemies":"2 Fungi Beasts","floor":14,"turns":5},{"damage":30,"enemies":"The Guardian","floor":16,"turns":15},{"damage":19,"enemies":"Shell Parasite","floor":18,"turns":7},{"damage":5,"enemies":"Spheric Guardian","floor":20,"turns":3},{"damage":33,"enemies":"Chosen and Byrds","floor":21,"turns":8},{"damage":27,"enemies":"Cultist and Chosen","floor":22,"turns":9},{"damage":50,"enemies":"Slavers","floor":24,"turns":8},{"damage":47,"enemies":"Snecko","floor":25,"turns":6},{"damage":11,"enemies":"Snake Plant","floor":28,"turns":5},{"damage":30,"enemies":"3 Cultists","floor":30,"turns":6},{"damage":51,"enemies":"Book of Stabbing","floor":31,"turns":4},{"damage":107,"enemies":"Collector","floor":33,"turns":9},{"damage":22,"enemies":"3 Shapes","floor":35,"turns":2},{"damage":17,"enemies":"Orb Walker","floor":37,"turns":2},{"damage":60,"enemies":"4 Shapes","floor":38,"turns":6},{"damage":78,"enemies":"Giant Head","floor":41,"turns":7},{"damage":61,"enemies":"Nemesis","floor":44,"turns":7}],"seed_played":"-6735004951372490503","potions_obtained":[{"floor":3,"key":"Explosive Potion"},{"floor":11,"key":"Strength Potion"},{"floor":12,"key":"GamblersBrew"},{"floor":14,"key":"LiquidBronze"},{"floor":16,"key":"Regen Potion"}],"is_trial":false,"path_per_floor":["M","?","M","?","$","E","R","E","T","R","M","E","?","M","R","B",null,"M","?","M","M","M","R","E","M","T","R","M","R","M","E","R","B",null,"M","T","M","M","?","R","E","?","T","E"],"character_chosen":"IRONCLAD","items_purchased":[],"campfire_rested":4,"item_purchase_floors":[],"current_hp_per_floor":[65,65,69,43,43,20,42,15,15,15,26,17,17,27,27,11,61,61,61,62,52,52,52,46,17,17,45,52,80,84,42,71,15,77,82,82,74,79,79,79,36,36,36,0],"gold":1053,"neow_bonus":"UPGRADE_CARD","is_prod":false,"is_daily":false,"chose_seed":false,"campfire_upgraded":4,"win_rate":0,"timestamp":1545776100,"path_taken":["M","?","M","?","$","E","R","E","T","R","M","E","?","?","R","BOSS","M","?","M","?","?","R","E","M","T","R","M","R","M","E","R","BOSS","M","?","M","M","?","R","E","?","T","E"],"build_version":"2018-12-20","purchased_purges":1,"victory":false,"max_hp_per_floor":[75,75,75,75,75,75,75,75,75,75,75,75,75,78,78,78,78,78,78,78,78,81,81,94,94,94,94,94,94,97,97,97,97,97,100,100,103,106,106,106,106,106,106,106],"card_choices":[{"not_picked":["Cleave","True Grit"],"picked":"Hemokinesis","floor":1},{"not_picked":["Iron Wave","Twin Strike","Flex"],"picked":"SKIP","floor":3},{"not_picked":["Havoc","Barricade"],"picked":"Reaper","floor":6},{"not_picked":["Berserk","Wild Strike"],"picked":"Reaper","floor":8},{"not_picked":["Wild Strike","Havoc"],"picked":"Shrug It Off","floor":11},{"not_picked":["Thunderclap","Clash"],"picked":"Feed","floor":12},{"not_picked":["Clash","Heavy Blade"],"picked":"Battle Trance","floor":14},{"not_picked":["Reaper","Dark Embrace"],"picked":"Bludgeon","floor":16},{"not_picked":["Rupture","Anger"],"picked":"Disarm","floor":18},{"not_picked":["Body Slam","Pummel"],"picked":"Inflame","floor":20},{"not_picked":["Pommel Strike+1","Body Slam"],"picked":"Warcry+1","floor":21},{"not_picked":["Clash+1","Reckless Charge","Iron Wave"],"picked":"SKIP","floor":22},{"not_picked":["Perfected Strike","Blood for Blood"],"picked":"Fiend Fire","floor":24},{"not_picked":["Armaments+1","Evolve","Bloodletting+1"],"picked":"SKIP","floor":25},{"not_picked":["Pommel Strike","Bloodletting+1","Wild Strike"],"picked":"SKIP","floor":28},{"not_picked":["Pommel Strike","Body Slam"],"picked":"Sword Boomerang+1","floor":30},{"not_picked":["Immolate","Perfected Strike"],"picked":"Shockwave+1","floor":31},{"not_picked":["Berserk","Double Tap+1"],"picked":"Offering+1","floor":33},{"not_picked":["Twin Strike+1","Havoc+1"],"picked":"True Grit+1","floor":35},{"not_picked":["Twin Strike","Cleave+1","Perfected Strike"],"picked":"SKIP","floor":37},{"not_picked":["Clash","Anger"],"picked":"Combust","floor":38},{"not_picked":["Heavy Blade","Sever Soul","Headbutt"],"picked":"SKIP","floor":41}],"player_experience":4040164,"relics_obtained":[{"floor":6,"key":"Bag of Preparation"},{"floor":8,"key":"Shuriken"},{"floor":9,"key":"War Paint"},{"floor":12,"key":"Ancient Tea Set"},{"floor":24,"key":"Pear"},{"floor":26,"key":"Letter Opener"},{"floor":31,"key":"Omamori"},{"floor":36,"key":"Pantograph"},{"floor":41,"key":"Darkstone Periapt"}],"event_choices":[{"damage_healed":0,"gold_gain":0,"player_choice":"Grow","damage_taken":0,"max_hp_gain":0,"max_hp_loss":0,"event_name":"Living Wall","floor":2,"gold_loss":0,"cards_upgraded":["Hemokinesis"]},{"damage_healed":0,"gold_gain":0,"player_choice":"Take Damage","damage_taken":26,"relics_obtained":["Golden Idol"],"max_hp_gain":0,"max_hp_loss":0,"event_name":"Golden Idol","floor":4,"gold_loss":0},{"damage_healed":0,"gold_gain":0,"player_choice":"1 cards matched","damage_taken":0,"max_hp_gain":0,"max_hp_loss":0,"event_name":"Match and Keep!","floor":13,"gold_loss":0,"cards_obtained":["Iron Wave"]},{"damage_healed":0,"gold_gain":0,"player_choice":"Gave Potion","damage_taken":0,"relics_obtained":["Toxic Egg 2"],"max_hp_gain":0,"max_hp_loss":0,"event_name":"WeMeetAgain","floor":19,"gold_loss":0},{"cards_removed":["Bludgeon"],"damage_healed":0,"gold_gain":0,"player_choice":"Removed Attack","damage_taken":0,"max_hp_gain":0,"max_hp_loss":0,"event_name":"Falling","floor":39,"gold_loss":0},{"damage_healed":0,"gold_gain":333,"player_choice":"Gave Idol","damage_taken":0,"max_hp_gain":0,"max_hp_loss":0,"event_name":"The Moai Head","floor":42,"relics_lost":["Golden Idol"],"gold_loss":0}],"is_beta":true,"boss_relics":[{"not_picked":["Ectoplasm","Busted Crown"],"picked":"Sozu"},{"not_picked":["Lizard Tail","Empty Cage"],"picked":"Cursed Key"}],"items_purged_floors":[5],"is_endless":false,"potions_floor_spawned":[3,11,12,14,16,18,22,31,37,41],"killed_by":"Nemesis","ascension_level":20}