{"path_per_floor":["M","?","M","T","$","E","R","M","T","R","M","M","?","M","R","B",null,"M","$","?","M","M","R","T","M","T","M","M","R","M","E","R","B",null,"M","?","T","?","M","E","R","M","T","?","R","M","M","$","R","B"],"character_chosen":"IRONCLAD","items_purchased":["Reaper","Seeing Red","Finesse","Energy Potion","Pantograph","Bronze Scales"],"gold_per_floor":[112,112,131,157,9,37,37,54,54,54,73,89,89,100,100,200,200,220,45,45,57,67,67,67,87,137,150,170,170,183,216,216,321,321,340,392,418,418,431,459,459,476,476,476,476,494,510,60,60,60],"floor_reached":51,"campfire_rested":1,"playtime":4060,"current_hp_per_floor":[77,59,64,64,64,69,69,75,75,75,80,80,80,78,78,65,80,79,79,79,71,80,80,80,75,75,54,64,64,52,24,63,40,80,78,90,97,97,101,94,94,79,79,79,79,84,79,79,79,90],"items_purged":[],"gold":60,"play_id":"41244839-48f8-4561-b86c-64c82f161ecd","is_prod":false,"is_daily":false,"campfire_rituals":0,"campfire_upgraded":8,"is_hardmode":false,"path_taken":["M","?","M","?","$","E","R","M","T","R","M","M","?","M","R","BOSS","M","$","?","M","M","R","?","M","T","M","M","R","M","E","R","BOSS","M","?","?","?","M","E","R","M","T","?","R","M","M","$","R","BOSS"],"build_version":"2018-01-11-PROD2","purchased_purges":1,"victory":true,"master_deck":["Strike_R","Strike_R","Strike_R","Strike_R","Strike_R","Defend_R","Defend_R","Defend_R","Defend_R","Bash","Thunderclap","Clothesline","Reaper","Heavy Blade","Pommel Strike","Rage","Bloodletting","Flash of Steel","Demon Form","Shrug It Off","Offering","Flex","Seeing Red","Finesse","Thunderclap","Iron Wave","Twin Strike","Pommel Strike","Cleave","Perfected Strike","Offering","Hemokinesis","Shrug It Off","Dual Wield","Burning Pact","Clumsy","Perfected Strike","Reckless Charge"],"max_hp_per_floor":[80,80,80,80,80,80,80,80,80,80,80,80,80,80,80,80,80,80,80,80,80,80,80,80,80,80,80,80,80,80,80,80,80,80,80,94,101,101,101,101,101,101,101,101,101,101,101,101,101,101],"relics":["Burning Blood","Thread and Needle","Regal Pillow","Toxic Egg","Molten Egg","Philosopher\u0027s Stone","Mummified Hand","Frozen Egg","Kunai","Cursed Key","Mango","Strawberry","Red Skull","Sundial","Pantograph","Bronze Scales"],"campfire_meditates":0,"card_choices":[{"not_picked":["Combust","Twin Strike"],"picked":"Thunderclap"},{"not_picked":["Power Through","Intimidate"],"picked":"Clothesline"},{"not_picked":["Searing Blow","Perfected Strike"],"picked":"Heavy Blade"},{"not_picked":["Cleave","Uppercut"],"picked":"Pommel Strike"},{"not_picked":["Anger","Pummel"],"picked":"Rage"},{"not_picked":["Spot Weakness","Heavy Blade"],"picked":"Bloodletting"},{"not_picked":["True Grit","Clash"],"picked":"Shrug It Off"},{"not_picked":["Feed","Berserk"],"picked":"Offering"},{"not_picked":["Pommel Strike","Reckless Charge"],"picked":"Flex"},{"not_picked":["Twin Strike","Burning Pact"],"picked":"Thunderclap"},{"not_picked":["Corruption","True Grit"],"picked":"Iron Wave"},{"not_picked":["Fiend Fire","Searing Blow"],"picked":"Twin Strike"},{"not_picked":["Shockwave","Clothesline"],"picked":"Pommel Strike"},{"not_picked":["Pummel","Burning Pact"],"picked":"Cleave"},{"not_picked":["Clothesline","Armaments"],"picked":"Perfected Strike"},{"not_picked":["Dark Embrace","Fiend Fire"],"picked":"Offering"},{"not_picked":["Headbutt","Corruption"],"picked":"Hemokinesis"},{"not_picked":["Thunderclap","Heavy Blade"],"picked":"Shrug It Off"},{"not_picked":["Bloodletting","Armaments"],"picked":"Dual Wield"},{"not_picked":["Twin Strike","Whirlwind"],"picked":"Burning Pact"},{"not_picked":["Thunderclap","Seeing Red"],"picked":"Shockwave"},{"not_picked":["Twin Strike","Power Through"],"picked":"Perfected Strike"},{"not_picked":["Pummel","Sword Boomerang"],"picked":"Reckless Charge"}],"player_experience":17047,"potions_floor_usage":[11,16,16,21,22,27,28,40,42,50,50],"damage_taken":[{"damage":9,"enemies":"2 Louse","floor":1,"turns":3},{"damage":1,"enemies":"Jaw Worm","floor":3,"turns":3},{"damage":1,"enemies":"Gremlin Nob","floor":6,"turns":4},{"damage":0,"enemies":"Blue Slaver","floor":8,"turns":3},{"damage":0,"enemies":"2 Fungi Beasts","floor":11,"turns":2},{"damage":0,"enemies":"Exordium Thugs","floor":12,"turns":5},{"damage":8,"enemies":"Red Slaver","floor":14,"turns":2},{"damage":25,"enemies":"Slime Boss","floor":16,"turns":9},{"damage":7,"enemies":"Chosen","floor":18,"turns":4},{"damage":21,"enemies":"2 Thieves","floor":21,"turns":4},{"damage":5,"enemies":"Centurion and Healer","floor":22,"turns":5},{"damage":11,"enemies":"Snake Plant","floor":25,"turns":3},{"damage":33,"enemies":"Slaver and Parasite","floor":27,"turns":7},{"damage":4,"enemies":"Centurion and Healer","floor":28,"turns":5},{"damage":18,"enemies":"Snake Plant","floor":30,"turns":3},{"damage":34,"enemies":"Slavers","floor":31,"turns":4},{"damage":49,"enemies":"Automaton","floor":33,"turns":7},{"damage":8,"enemies":"Orb Walker","floor":35,"turns":2},{"damage":17,"enemies":"Mysterious Sphere","floor":36,"turns":3},{"damage":24,"enemies":"3 Shapes","floor":39,"turns":4},{"damage":13,"enemies":"Giant Head","floor":40,"turns":5},{"damage":21,"enemies":"Sphere and 2 Shapes","floor":42,"turns":3},{"damage":11,"enemies":"Maw","floor":46,"turns":8},{"damage":11,"enemies":"3 Darklings","floor":47,"turns":3},{"damage":17,"enemies":"Awakened One","floor":50,"turns":8}],"event_choices":[{"event_name":"Scrap Ooze","player_choice":"success","floor":2,"damage_taken":18},{"event_name":"Match and Keep!","player_choice":"2 cards matched","floor":13,"damage_taken":0},{"event_name":"Back to Basics","player_choice":"Simplicity","floor":20,"damage_taken":0},{"event_name":"Mysterious Sphere","player_choice":"Fight","floor":36,"damage_taken":0},{"event_name":"Fountain of Cleansing","player_choice":"Removed Curse","floor":38,"damage_taken":0}],"boss_relics":[{"not_picked":["Black Blood","Question Card"],"picked":"Philosopher\u0027s Stone"},{"not_picked":["Orrery","Snecko Eye"],"picked":"Cursed Key"}],"potions_floor_spawned":[1,8,11,14,21,25,27,31,36,46,47],"seed_played":"-199534630320199688","is_trial":false}