{"path_per_floor":["M","M","M","M","M","R","$","E","T","E","?","T","?","M","R","B",null,"M","$","M","M","M","R","M","R","T","R","?","M","M","M","R","B",null,"M","$","?","?","M","R","E","M","T","M","M","E","$","M","R","B"],"character_chosen":"IRONCLAD","items_purchased":["Corruption","Master of Strategy","Bag of Preparation"],"gold_per_floor":[113,132,142,159,179,179,67,99,151,181,181,181,131,143,143,245,245,262,162,178,197,209,209,224,224,224,224,224,241,257,275,275,371,371,390,76,76,125,138,138,163,175,175,188,204,232,77,88,88,88],"floor_reached":51,"campfire_rested":1,"playtime":4053,"current_hp_per_floor":[72,72,72,66,65,65,65,46,46,24,17,17,17,17,38,25,60,66,66,72,57,46,46,44,44,44,44,44,50,56,52,52,47,66,72,72,72,65,71,71,72,72,72,72,72,72,72,72,72,72],"items_purged":["Strike_R","Strike_R","Strike_R"],"gold":88,"score":943,"play_id":"0b7a83cc-2ac1-4012-8a05-4baf3b66e83f","is_prod":false,"is_daily":false,"is_ascension_mode":true,"campfire_upgraded":6,"path_taken":["M","M","M","M","M","R","$","E","T","E","?","?","?","?","R","BOSS","M","$","M","M","M","R","M","R","T","R","?","?","M","M","R","BOSS","M","$","?","?","M","R","E","M","T","M","?","E","$","M","R","BOSS"],"build_version":"2018-02-08-BETA1","purchased_purges":3,"victory":true,"master_deck":["Defend_R","Defend_R","Defend_R","Bash","Pommel Strike+1","Spot Weakness","Pommel Strike+1","Pommel Strike+1","Spot Weakness","Corruption+1","Limit Break","Battle Trance+1","True Grit","Havoc+1","Master of Strategy+1","Fiend Fire","Sentinel+1"],"max_hp_per_floor":[72,72,72,72,72,72,72,72,72,72,72,72,72,72,72,72,72,72,72,72,72,72,72,72,72,72,72,72,72,72,72,72,72,72,72,72,72,72,72,72,72,72,72,72,72,72,72,72,72,72],"relics":["Burning Blood","Sundial","Gremlin Horn","Prayer Wheel","Blue Candle","Unceasing Top","Runic Dome","Frozen Eye","Black Star","Shovel","Ice Cream","Torii","Kunai","Bag of Preparation","Oddly Smooth Stone"],"card_choices":[{"not_picked":["Body Slam","Heavy Blade"],"picked":"Pommel Strike"},{"not_picked":["Corruption","Sword Boomerang"],"picked":"Spot Weakness"},{"not_picked":["Impervious","Searing Blow"],"picked":"Pommel Strike"},{"not_picked":["Carnage","Perfected Strike"],"picked":"Pommel Strike"},{"not_picked":["Dropkick","Flex"],"picked":"Spot Weakness"},{"not_picked":["Thunderclap","Heavy Blade"],"picked":"Limit Break"},{"not_picked":["Rage","Fiend Fire"],"picked":"Battle Trance"},{"not_picked":["Dual Wield","Carnage"],"picked":"True Grit"},{"not_picked":["Perfected Strike","Flex"],"picked":"Havoc"},{"not_picked":["Whirlwind","Fire Breathing"],"picked":"Sentinel"}],"player_experience":139689,"potions_floor_usage":[10,24,41,46,50,50,50],"damage_taken":[{"damage":3,"enemies":"Jaw Worm","floor":1,"turns":5},{"damage":0,"enemies":"Small Slimes","floor":2,"turns":2},{"damage":6,"enemies":"2 Louse","floor":3,"turns":2},{"damage":12,"enemies":"Exordium Thugs","floor":4,"turns":3},{"damage":7,"enemies":"Looter","floor":5,"turns":4},{"damage":25,"enemies":"Lagavulin","floor":8,"turns":6},{"damage":28,"enemies":"Gremlin Nob","floor":10,"turns":4},{"damage":6,"enemies":"Large Slime","floor":14,"turns":3},{"damage":19,"enemies":"The Guardian","floor":16,"turns":3},{"damage":0,"enemies":"Chosen","floor":18,"turns":3},{"damage":0,"enemies":"Shell Parasite","floor":20,"turns":2},{"damage":21,"enemies":"3 Cultists","floor":21,"turns":4},{"damage":17,"enemies":"Centurion and Healer","floor":22,"turns":3},{"damage":8,"enemies":"Chosen and Byrds","floor":24,"turns":3},{"damage":0,"enemies":"3 Cultists","floor":29,"turns":2},{"damage":0,"enemies":"Cultist and Chosen","floor":30,"turns":2},{"damage":10,"enemies":"Snake Plant","floor":31,"turns":3},{"damage":11,"enemies":"Champ","floor":33,"turns":3},{"damage":0,"enemies":"3 Darklings","floor":35,"turns":2},{"damage":13,"enemies":"Mysterious Sphere","floor":38,"turns":2},{"damage":0,"enemies":"Orb Walker","floor":39,"turns":2},{"damage":0,"enemies":"Giant Head","floor":41,"turns":1},{"damage":0,"enemies":"Spire Growth","floor":42,"turns":2},{"damage":4,"enemies":"Sphere and 2 Shapes","floor":44,"turns":2},{"damage":0,"enemies":"Maw","floor":45,"turns":2},{"damage":0,"enemies":"Nemesis","floor":46,"turns":2},{"damage":0,"enemies":"3 Darklings","floor":48,"turns":1},{"damage":0,"enemies":"Donu and Deca","floor":50,"turns":1}],"event_choices":[{"event_name":"Golden Wing","player_choice":"Card Removal","floor":11,"damage_taken":0},{"event_name":"The Cleric","player_choice":"Card Removal","floor":13,"damage_taken":0},{"event_name":"Vampires","player_choice":"Ignored","floor":28,"damage_taken":0},{"event_name":"Transmorgrifier","player_choice":"Transform","floor":37,"damage_taken":0},{"event_name":"Mysterious Sphere","player_choice":"Fight","floor":38,"damage_taken":0}],"boss_relics":[{"not_picked":["Question Card","Philosopher\u0027s Stone"],"picked":"Runic Dome"},{"not_picked":["Runic Pyramid","White Beast Statue"],"picked":"Black Star"}],"potions_floor_spawned":[2,8,10,16,18,21,22,31,39,41,44,46,48],"seed_played":"1441594057276516898","ascension_level":9,"is_trial":false}