{"path_per_floor":["M","M","?","T","M","R","?","M","T","R","M","$","M","?","R"],"character_chosen":"THE_SILENT","items_purchased":[],"gold_per_floor":[118,129,129,129,145,145,145,165,192,192,209,134,149,149,149,149],"floor_reached":16,"campfire_rested":0,"playtime":436,"item_purchase_floors":[],"current_hp_per_floor":[68,67,67,67,65,65,58,60,60,60,59,59,63,48,48,48],"items_purged":["Defend_G"],"gold":149,"score":92,"play_id":"1d8f6be7-bcb8-44b3-bde3-50e617d3085e","local_time":"20180606023310","is_prod":false,"is_daily":false,"chose_seed":false,"is_ascension_mode":false,"campfire_upgraded":3,"win_rate":0,"timestamp":1528219990,"campfire_choices":[{"data":"Dodge and Roll","floor":6,"key":"SMITH"},{"data":"Dagger Throw","floor":10,"key":"SMITH"},{"data":"All Out Attack","floor":15,"key":"SMITH"}],"path_taken":["M","M","?","?","?","R","?","M","T","R","M","$","?","?","R","BOSS"],"build_version":"2018-05-31","seed_source_timestamp":1141944117109535,"purchased_purges":1,"victory":false,"master_deck":["Defend_G","Defend_G","Defend_G","Defend_G","Strike_G+1","Strike_G","Strike_G","Strike_G","Strike_G","Survivor","Neutralize+1","Dodge and Roll+1","Dagger Throw+1","All Out Attack+1"],"max_hp_per_floor":[70,70,70,70,70,70,70,72,72,72,72,72,74,74,74,74],"relics":["Ring of the Snake","Bag of Preparation","Singing Bowl","Blood Vial"],"card_choices":[{"not_picked":["Acrobatics","Dagger Throw"],"picked":"Dodge and Roll","floor":1},{"not_picked":["Expertise","Distraction","Slice"],"picked":"SKIP","floor":2},{"not_picked":["Backflip","Setup"],"picked":"Dagger Throw","floor":5},{"not_picked":["Underhanded Strike","Slice","Acrobatics"],"picked":"Singing Bowl","floor":8},{"not_picked":["Well Laid Plans","Reflex"],"picked":"All Out Attack","floor":11},{"not_picked":["Quick Slash","Dagger Spray","Malaise"],"picked":"Singing Bowl","floor":13}],"player_experience":779712,"potions_floor_usage":[],"damage_taken":[{"damage":2,"enemies":"Jaw Worm","floor":1,"turns":7},{"damage":1,"enemies":"2 Louse","floor":2,"turns":3},{"damage":2,"enemies":"Cultist","floor":5,"turns":5},{"damage":0,"enemies":"3 Louse","floor":8,"turns":6},{"damage":3,"enemies":"Lots of Slimes","floor":11,"turns":4},{"damage":0,"enemies":"2 Fungi Beasts","floor":13,"turns":3},{"damage":0,"enemies":"Slime Boss","floor":16,"turns":1}],"relics_obtained":[{"floor":4,"key":"Singing Bowl"},{"floor":9,"key":"Blood Vial"}],"event_choices":[{"event_name":"Big Fish","player_choice":"Box","floor":3,"damage_taken":0},{"event_name":"Golden Wing","player_choice":"Card Removal","floor":7,"damage_taken":0},{"event_name":"Shining Light","player_choice":"Entered Light","floor":14,"damage_taken":0}],"boss_relics":[],"items_purged_floors":[12],"potions_floor_spawned":[2,5,11],"seed_played":"-6089338900318011315","killed_by":"Slime Boss","ascension_level":0,"potions_obtained":[{"floor":2,"key":"SpeedPotion"},{"floor":5,"key":"SpeedPotion"},{"floor":11,"key":"Energy Potion"}],"is_trial":false}