{"gold_per_floor":[114,114,4,4,23,49,49,78,78,78,78,78,78,98,98,197,197,213,213,231,231,231,258,51,51,127,127,127,127,127,42,42,143,143,155,168,22,22,22,55,82,82,82,82,82,14,24,37,37,37],"floor_reached":51,"playtime":2476,"items_purged":["Strike_G","Strike_G"],"score":1035,"play_id":"9b3a06a8-6931-4b3c-a5aa-88a592d60e32","local_time":"20181115004859","is_ascension_mode":true,"campfire_choices":[{"data":"Footwork","floor":7.0,"key":"SMITH"},{"floor":11.0,"key":"REST"},{"data":"Bouncing Flask","floor":13.0,"key":"SMITH"},{"data":"Deadly Poison","floor":15.0,"key":"SMITH"},{"floor":25.0,"key":"REST"},{"data":"Noxious Fumes","floor":27.0,"key":"SMITH"},{"data":"After Image","floor":29.0,"key":"SMITH"},{"floor":32.0,"key":"REST"},{"floor":42.0,"key":"REST"},{"data":"Dodge and Roll","floor":44.0,"key":"SMITH"},{"floor":49,"key":"REST"}],"neow_cost":"NONE","seed_source_timestamp":0,"circlet_count":0,"master_deck":["Defend_G","Defend_G","Defend_G","Defend_G","Strike_G","Strike_G","Survivor","Neutralize","Footwork+1","Deadly Poison+1","PiercingWail","Bouncing Flask+1","After Image+1","Bouncing Flask","Deflect+1","Cloak And Dagger","Cloak And Dagger","Accuracy","Noxious Fumes+1","Escape Plan","Crippling Poison","Infinite Blades","Backflip","RitualDagger","Corpse Explosion","Dodge and Roll+1","Caltrops","Impatience","Madness","Madness+1","Backflip","Doubt","Finesse","Noxious Fumes+1","Bouncing Flask+1"],"special_seed":0,"relics":["Ring of the Snake","NeowsBlessing","Paper Crane","Snake Skull","Matryoshka","Mercury Hourglass","Regal Pillow","Orrery","Tough Bandages","Pen Nib","Pantograph","Question Card","The Courier","Sozu","Lantern","Smiling Mask","Bronze Scales","War Paint"],"potions_floor_usage":[50],"damage_taken":[{"damage":0.0,"enemies":"Jaw Worm","floor":1.0,"turns":1.0},{"damage":0.0,"enemies":"Small Slimes","floor":5.0,"turns":1.0},{"damage":0.0,"enemies":"Lagavulin","floor":6.0,"turns":1.0},{"damage":52.0,"enemies":"3 Sentries","floor":8.0,"turns":20.0},{"damage":0.0,"enemies":"Cultist","floor":14.0,"turns":2.0},{"damage":18.0,"enemies":"Slime Boss","floor":16.0,"turns":8.0},{"damage":14.0,"enemies":"3 Byrds","floor":18.0,"turns":4.0},{"damage":22.0,"enemies":"2 Thieves","floor":20.0,"turns":4.0},{"damage":2.0,"enemies":"Colosseum Slavers","floor":21.0,"turns":4.0},{"damage":38.0,"enemies":"Book of Stabbing","floor":23.0,"turns":7.0},{"damage":59.0,"enemies":"Collector","floor":33.0,"turns":9.0},{"damage":0.0,"enemies":"3 Shapes","floor":35.0,"turns":3.0},{"damage":13.0,"enemies":"Orb Walker","floor":36.0,"turns":5.0},{"damage":21.0,"enemies":"Giant Head","floor":40.0,"turns":9.0},{"damage":10,"enemies":"Transient","floor":47,"turns":5},{"damage":20,"enemies":"Maw","floor":48,"turns":7},{"damage":40,"enemies":"Time Eater","floor":50,"turns":11}],"seed_played":"-2880595868052090801","potions_obtained":[{"floor":6.0,"key":"GamblersBrew"},{"floor":14.0,"key":"Energy Potion"},{"floor":18.0,"key":"Weak Potion"},{"floor":33.0,"key":"Block Potion"}],"is_trial":false,"path_per_floor":["M","?","$","?","M","E","R","E","T","T","R","?","R","M","R","B",null,"M","?","M","?","?","E","$","R","T","R","?","R","T","?","R","B",null,"M","M","$","?","?","E","T","R","T","R","?","$","M","M","R","B",null],"character_chosen":"THE_SILENT","items_purchased":["Footwork","Infinite Blades","Backflip","Caltrops","Lantern","Finesse"],"campfire_rested":5,"item_purchase_floors":[3,24,24,37,37,46],"current_hp_per_floor":[63,63,63,68,68,68,68,16,16,16,53,46,46,46,46,28,63,49,49,27,25,50,12,12,49,49,49,43,43,43,43,75,16,60,60,47,47,47,38,17,17,54,54,54,75,75,65,45,75,35],"gold":37,"neow_bonus":"THREE_ENEMY_KILL","is_prod":false,"is_daily":false,"chose_seed":false,"campfire_upgraded":6,"win_rate":0,"timestamp":1542260939,"path_taken":["M","?","$","?","M","E","R","E","T","?","R","?","R","M","R","BOSS","M","?","?","?","?","E","$","R","T","R","?","R","?","?","R","BOSS","M","M","$","?","?","E","?","R","T","R","?","$","M","M","R","BOSS"],"build_version":"2018-11-08","purchased_purges":2,"victory":true,"max_hp_per_floor":[70,70,70,75,75,75,75,75,75,75,75,75,75,75,75,75,75,75,75,75,75,75,75,75,75,75,75,75,75,75,75,75,75,75,75,75,75,75,75,75,75,75,75,75,75,75,75,75,75,75],"card_choices":[{"not_picked":["Slice","Flying Knee"],"picked":"Underhanded Strike","floor":1.0},{"not_picked":["Accuracy","Poisoned Stab"],"picked":"Deadly Poison","floor":5.0},{"not_picked":["Phantasmal Killer","Underhanded Strike"],"picked":"PiercingWail","floor":6.0},{"not_picked":["Dagger Throw","Flying Knee"],"picked":"Bouncing Flask","floor":8.0},{"not_picked":["Predator","PiercingWail","Riddle With Holes"],"picked":"SKIP","floor":14.0},{"not_picked":["Bullet Time","Storm of Steel"],"picked":"After Image","floor":16.0},{"not_picked":["Prepared","Deadly Poison"],"picked":"Bouncing Flask","floor":17.0},{"not_picked":["Slice","Poisoned Stab"],"picked":"Deflect","floor":17.0},{"not_picked":["Poisoned Stab","Slice"],"picked":"Cloak And Dagger","floor":17.0},{"not_picked":["PiercingWail","Predator"],"picked":"Cloak And Dagger","floor":17.0},{"not_picked":["Acrobatics","Dodge and Roll"],"picked":"Accuracy","floor":17.0},{"not_picked":["Dash+1","Outmaneuver","Terror"],"picked":"SKIP","floor":18.0},{"not_picked":["Acrobatics+1","Riddle With Holes"],"picked":"Escape Plan","floor":20.0},{"not_picked":["Caltrops","Poisoned Stab"],"picked":"Crippling Poison","floor":23.0},{"not_picked":["Adrenaline","Tools of the Trade","Wraith Form v2"],"picked":"Corpse Explosion","floor":33.0},{"not_picked":["Dagger Throw","Outmaneuver","Finisher+1","Flying Knee"],"picked":"SKIP","floor":35.0},{"not_picked":["PiercingWail","Dagger Spray+1","Dagger Throw"],"picked":"Dodge and Roll","floor":36.0},{"not_picked":["Enlightenment","Master of Strategy","Thinking Ahead"],"picked":"Impatience","floor":38.0},{"not_picked":["Terror+1","Slice","Sucker Punch"],"picked":"Backflip","floor":40.0},{"not_picked":["Backflip","Sucker Punch","Dodge and Roll"],"picked":"Noxious Fumes+1","floor":47},{"not_picked":["Flying Knee+1","Deadly Poison+1","Dash+1"],"picked":"Bouncing Flask+1","floor":48}],"player_experience":807586,"relics_obtained":[{"floor":6.0,"key":"Paper Crane"},{"floor":8.0,"key":"Snake Skull"},{"floor":9.0,"key":"Matryoshka"},{"floor":10.0,"key":"Mercury Hourglass"},{"floor":10.0,"key":"Regal Pillow"},{"floor":23.0,"key":"Tough Bandages"},{"floor":26.0,"key":"Pen Nib"},{"floor":26.0,"key":"Pantograph"},{"floor":30.0,"key":"Question Card"},{"floor":40.0,"key":"Smiling Mask"},{"floor":41.0,"key":"Bronze Scales"},{"floor":43.0,"key":"War Paint"}],"event_choices":[{"cards_removed":["Strike_G"],"damage_healed":0.0,"max_hp_gain":0.0,"max_hp_loss":0.0,"gold_gain":0.0,"event_name":"Living Wall","player_choice":"Forget","floor":2.0,"gold_loss":0.0,"damage_taken":0.0},{"damage_healed":0.0,"max_hp_gain":5.0,"max_hp_loss":0.0,"gold_gain":0.0,"event_name":"Big Fish","player_choice":"Donut","floor":4.0,"gold_loss":0.0,"damage_taken":0.0},{"cards_removed":["Defend_G"],"damage_healed":0.0,"max_hp_gain":0.0,"max_hp_loss":0.0,"gold_gain":0.0,"event_name":"Golden Wing","player_choice":"Card Removal","floor":12.0,"gold_loss":0.0,"damage_taken":7.0},{"damage_healed":0.0,"max_hp_gain":0.0,"max_hp_loss":0.0,"gold_gain":0.0,"cards_transformed":["Underhanded Strike"],"event_name":"Transmorgrifier","player_choice":"Transformed","floor":19.0,"gold_loss":0.0,"damage_taken":0.0,"cards_obtained":["Noxious Fumes"]},{"damage_healed":0.0,"max_hp_gain":0.0,"max_hp_loss":0.0,"gold_gain":0.0,"event_name":"Colosseum","player_choice":"Fight","floor":21.0,"gold_loss":0.0,"damage_taken":0.0},{"damage_healed":0.0,"max_hp_gain":0.0,"max_hp_loss":0.0,"gold_gain":0.0,"event_name":"Colosseum","player_choice":"Fled From Nobs","floor":21.0,"gold_loss":0.0,"damage_taken":0.0},{"damage_healed":25.0,"max_hp_gain":0.0,"max_hp_loss":0.0,"gold_gain":0.0,"event_name":"The Library","player_choice":"Heal","floor":22.0,"gold_loss":0.0,"damage_taken":0.0},{"damage_healed":0.0,"max_hp_gain":0.0,"max_hp_loss":0.0,"gold_gain":0.0,"event_name":"Nest","player_choice":"Joined the Cult","floor":28.0,"gold_loss":0.0,"damage_taken":6.0,"cards_obtained":["RitualDagger"]},{"damage_healed":0.0,"max_hp_gain":0.0,"max_hp_loss":0.0,"gold_gain":0.0,"event_name":"Addict","player_choice":"Obtained Relic","floor":31.0,"gold_loss":85.0,"damage_taken":0.0,"relics_obtained":["The Courier"]},{"damage_healed":0.0,"max_hp_gain":0.0,"max_hp_loss":0.0,"gold_gain":0.0,"event_name":"SensoryStone","player_choice":"Memory 1","floor":38.0,"gold_loss":0.0,"damage_taken":0.0},{"damage_healed":0.0,"max_hp_gain":0.0,"max_hp_loss":0.0,"gold_gain":0.0,"event_name":"Winding Halls","player_choice":"Embrace Madness","floor":39.0,"gold_loss":0.0,"damage_taken":9.0,"cards_obtained":["Madness","Madness"]},{"damage_healed":21.0,"max_hp_gain":0.0,"max_hp_loss":0.0,"gold_gain":0.0,"event_name":"MindBloom","player_choice":"Heal","floor":45.0,"gold_loss":0.0,"damage_taken":0.0,"cards_obtained":["Doubt"]}],"is_beta":false,"boss_relics":[{"not_picked":["Pandora\u0027s Box","Runic Dome"],"picked":"Orrery"},{"not_picked":["Coffee Dripper","Calling Bell"],"picked":"Sozu"}],"items_purged_floors":[3,24],"is_endless":false,"potions_floor_spawned":[6,14,18,33,40,48],"ascension_level":8}