{"gold_per_floor":[109,124,144,144,157,157,183,183,210,242,254,267,284,300,300,379,379,396,59,59,59,70,70,81,81,81,91,91],"floor_reached":28,"playtime":2233,"items_purged":[],"score":386,"play_id":"cbf3f2ed-9738-4a0e-b4b0-5c62286ca558","local_time":"20190303120733","is_ascension_mode":true,"campfire_choices":[{"data":"Neutralize","floor":6,"key":"SMITH"},{"data":"Blur","floor":8,"key":"SMITH"},{"data":"Caltrops","floor":15,"key":"SMITH"},{"data":"Leg Sweep","floor":23,"key":"SMITH"},{"data":"RitualDagger","floor":25,"key":"SMITH"}],"neow_cost":"NONE","seed_source_timestamp":318272806917667,"circlet_count":0,"master_deck":["AscendersBane","Defend_G","Defend_G","Defend_G","Defend_G","Defend_G","Strike_G","Strike_G","Strike_G","Strike_G","Strike_G","Survivor","Neutralize+1","Dash+1","Caltrops+1","Blur+1","All Out Attack","Poisoned Stab","Adrenaline","Leg Sweep+1","PiercingWail","Backflip","Footwork","RitualDagger+1","Venomology","Crippling Poison"],"relics":["Ring of the Snake","Centennial Puzzle","Ancient Tea Set","Art of War","Boot","Orrery","Blood Vial","Orichalcum","Bottled Lightning"],"potions_floor_usage":[7,10,10,16,27,27,28],"damage_taken":[{"damage":0,"enemies":"Small Slimes","floor":1,"turns":3},{"damage":0,"enemies":"2 Louse","floor":2,"turns":4},{"damage":4,"enemies":"Cultist","floor":3,"turns":4},{"damage":0,"enemies":"Looter","floor":5,"turns":3},{"damage":9,"enemies":"3 Sentries","floor":7,"turns":11},{"damage":3,"enemies":"Lagavulin","floor":10,"turns":7},{"damage":14,"enemies":"Exordium Thugs","floor":11,"turns":5},{"damage":0,"enemies":"2 Fungi Beasts","floor":12,"turns":4},{"damage":0,"enemies":"Red Slaver","floor":13,"turns":4},{"damage":9,"enemies":"Exordium Wildlife","floor":14,"turns":4},{"damage":17,"enemies":"Hexaghost","floor":16,"turns":10},{"damage":20,"enemies":"Spheric Guardian","floor":18,"turns":6},{"damage":1,"enemies":"Shell Parasite","floor":22,"turns":9},{"damage":42,"enemies":"Sentry and Sphere","floor":24,"turns":9},{"damage":6,"enemies":"Chosen and Byrds","floor":27,"turns":6},{"damage":32,"enemies":"Gremlin Leader","floor":28,"turns":6}],"seed_played":"-5588114542605850480","potions_obtained":[{"floor":3,"key":"Energy Potion"},{"floor":5,"key":"SteroidPotion"},{"floor":7,"key":"Block Potion"},{"floor":13,"key":"Strength Potion"},{"floor":16,"key":"Poison Potion"}],"is_trial":false,"path_per_floor":["M","M","M","?","M","R","E","R","T","E","M","M","M","M","R","B",null,"M","$","?","?","M","R","M","R","T","M","E"],"character_chosen":"THE_SILENT","items_purchased":["Footwork","Blood Vial","Orichalcum"],"campfire_rested":0,"item_purchase_floors":[19,19,19],"current_hp_per_floor":[63,63,59,59,59,59,50,50,50,47,33,33,33,24,24,7,54,34,34,28,70,69,69,28,28,28,24,0],"gold":91,"neow_bonus":"RANDOM_COMMON_RELIC","is_prod":false,"is_daily":false,"chose_seed":false,"campfire_upgraded":5,"win_rate":0,"timestamp":1551632853,"path_taken":["M","M","M","?","M","R","E","R","T","E","M","M","M","M","R","BOSS","M","$","?","?","M","R","M","R","T","?","E"],"build_version":"2019-01-23","purchased_purges":0,"victory":false,"max_hp_per_floor":[70,70,70,70,70,70,70,70,70,70,70,70,70,70,70,70,70,70,70,70,70,70,70,70,70,70,70,70],"card_choices":[{"not_picked":["Quick Slash","Concentrate"],"picked":"Dash","floor":1},{"not_picked":["Tactician","Flying Knee"],"picked":"Caltrops","floor":2},{"not_picked":["Bane","Sucker Punch"],"picked":"Blur","floor":3},{"not_picked":["Flying Knee","Prepared","Acrobatics"],"picked":"SKIP","floor":5},{"not_picked":["Sucker Punch","Choke","Bane"],"picked":"SKIP","floor":7},{"not_picked":["Quick Slash","Underhanded Strike"],"picked":"All Out Attack","floor":10},{"not_picked":["Dagger Throw","Deflect","Unload"],"picked":"SKIP","floor":11},{"not_picked":["Poisoned Stab","Slice","Distraction"],"picked":"SKIP","floor":12},{"not_picked":["Outmaneuver","Dash","Reflex"],"picked":"SKIP","floor":13},{"not_picked":["Finisher","Underhanded Strike"],"picked":"Poisoned Stab","floor":14},{"not_picked":["Wraith Form v2","Tools of the Trade"],"picked":"Adrenaline","floor":16},{"not_picked":["Flying Knee","Underhanded Strike"],"picked":"Leg Sweep","floor":17},{"not_picked":["Quick Slash","Poisoned Stab"],"picked":"PiercingWail","floor":17},{"not_picked":["Sucker Punch","Acrobatics"],"picked":"Backflip","floor":17},{"not_picked":["Expertise","Quick Slash","Deadly Poison"],"picked":"SKIP","floor":18},{"not_picked":["PiercingWail","Terror"],"picked":"Venomology","floor":22},{"not_picked":["Underhanded Strike","Dodge and Roll","Finisher+1"],"picked":"SKIP","floor":24},{"not_picked":["Tactician","Cloak And Dagger"],"picked":"Crippling Poison","floor":27}],"player_experience":372213,"relics_obtained":[{"floor":7,"key":"Ancient Tea Set"},{"floor":9,"key":"Art of War"},{"floor":10,"key":"Boot"},{"floor":26,"key":"Bottled Lightning"}],"event_choices":[{"damage_healed":0,"gold_gain":0,"player_choice":"Grow","damage_taken":0,"max_hp_gain":0,"max_hp_loss":0,"event_name":"Living Wall","floor":4,"gold_loss":0,"cards_upgraded":["Dash"]},{"damage_healed":0,"gold_gain":0,"player_choice":"Joined the Cult","damage_taken":6,"max_hp_gain":0,"max_hp_loss":0,"event_name":"Nest","floor":20,"gold_loss":0,"cards_obtained":["RitualDagger"]},{"damage_healed":42,"gold_gain":0,"player_choice":"Full Heal","damage_taken":0,"max_hp_gain":0,"max_hp_loss":0,"event_name":"Wheel of Change","floor":21,"gold_loss":0}],"is_beta":false,"boss_relics":[{"not_picked":["Empty Cage","Pandora\u0027s Box"],"picked":"Orrery"}],"items_purged_floors":[],"is_endless":false,"potions_floor_spawned":[3,5,7,13,16,24],"killed_by":"Gremlin Leader","ascension_level":13}