{"gold_per_floor":[112,112,130,145,160,193,193,118,118,145,168,168,188,31,31,131,131,145,161,31,49,66,66,91,91,118,218,218],"floor_reached":28,"playtime":2688,"items_purged":["Strike_G"],"score":298,"play_id":"eba3ffd1-7680-4d37-b7bb-a51337dee779","local_time":"20190217150629","is_ascension_mode":true,"campfire_choices":[{"data":"Neutralize","floor":7.0,"key":"SMITH"},{"floor":12.0,"key":"REST"},{"floor":15.0,"key":"REST"},{"data":"Noxious Fumes","floor":23,"key":"SMITH"}],"neow_cost":"NONE","seed_source_timestamp":0,"circlet_count":0,"master_deck":["Defend_G","Defend_G","Defend_G","Defend_G","Defend_G","Strike_G","Strike_G","Strike_G","Survivor","Neutralize+1","Cloak And Dagger","Dagger Spray","Accuracy","Blade Dance","Deadly Poison","Corpse Explosion","Footwork","Leg Sweep","Blur","After Image","Backstab","Prepared+1","Noxious Fumes+1","Bandage Up","Escape Plan","Footwork","Deflect"],"special_seed":0,"relics":["Ring of the Snake","Art of War","Ancient Tea Set","Ornamental Fan","Odd Mushroom","Eternal Feather","Torii","Nunchaku","Dream Catcher"],"potions_floor_usage":[18,22,22,22],"damage_taken":[{"damage":0.0,"enemies":"Jaw Worm","floor":1.0,"turns":5.0},{"damage":1.0,"enemies":"2 Louse","floor":3.0,"turns":2.0},{"damage":0.0,"enemies":"Cultist","floor":4.0,"turns":3.0},{"damage":5.0,"enemies":"Red Slaver","floor":5.0,"turns":5.0},{"damage":20.0,"enemies":"3 Sentries","floor":6.0,"turns":7.0},{"damage":22.0,"enemies":"Gremlin Nob","floor":10.0,"turns":4.0},{"damage":11.0,"enemies":"The Mushroom Lair","floor":11.0,"turns":3.0},{"damage":11.0,"enemies":"Exordium Wildlife","floor":13.0,"turns":4.0},{"damage":28.0,"enemies":"Slime Boss","floor":16.0,"turns":12.0},{"damage":17,"enemies":"3 Byrds","floor":18,"turns":4},{"damage":7,"enemies":"Shell Parasite","floor":19,"turns":11},{"damage":21,"enemies":"Snake Plant","floor":21,"turns":9},{"damage":2,"enemies":"Cultist and Chosen","floor":22,"turns":7},{"damage":53,"enemies":"Gremlin Leader","floor":24,"turns":9},{"damage":7,"enemies":"Chosen and Byrds","floor":28,"turns":4}],"seed_played":"5481901661725256117","potions_obtained":[{"floor":1.0,"key":"SpeedPotion"},{"floor":4.0,"key":"Poison Potion"},{"floor":5.0,"key":"EssenceOfSteel"},{"floor":10.0,"key":"FearPotion"},{"floor":16.0,"key":"SkillPotion"},{"floor":18,"key":"SkillPotion"},{"floor":21,"key":"GhostInAJar"}],"is_trial":false,"path_per_floor":["M","?","M","M","M","E","R","$","T","E","?","R","M","$","R","B",null,"M","M","$","M","M","R","E","?","T","?","M"],"character_chosen":"THE_SILENT","items_purchased":["Leg Sweep","Blur","Noxious Fumes","Bandage Up"],"campfire_rested":2,"item_purchase_floors":[14,14,20,20],"current_hp_per_floor":[70,75,74,74,69,49,49,49,49,27,16,38,27,27,49,21,75,58,51,51,34,36,51,2,2,2,2,0],"gold":218,"neow_bonus":"TRANSFORM_CARD","is_prod":false,"is_daily":false,"chose_seed":false,"campfire_upgraded":2,"win_rate":0,"timestamp":1550415989,"path_taken":["M","?","M","M","M","E","R","$","T","E","?","R","M","$","R","BOSS","M","M","$","M","M","R","E","?","T","?","M"],"build_version":"2019-01-23","purchased_purges":1,"victory":false,"max_hp_per_floor":[70,75,75,75,75,75,75,75,75,75,75,75,75,75,75,75,75,75,75,75,75,75,75,75,75,75,75,75],"card_choices":[{"not_picked":["Infinite Blades","Blade Dance"],"picked":"Dagger Spray","floor":1.0},{"not_picked":["Dagger Spray","PiercingWail"],"picked":"Accuracy","floor":3.0},{"not_picked":["Tactician","Deflect"],"picked":"Blade Dance","floor":4.0},{"not_picked":["Deflect","Poisoned Stab"],"picked":"Deadly Poison","floor":5.0},{"not_picked":["Flying Knee","Sucker Punch"],"picked":"Corpse Explosion","floor":6.0},{"not_picked":["Sucker Punch","Expertise","Poisoned Stab"],"picked":"SKIP","floor":10.0},{"not_picked":["Quick Slash","Flying Knee"],"picked":"Footwork","floor":13.0},{"not_picked":["Wraith Form v2","Tools of the Trade"],"picked":"After Image","floor":16.0},{"not_picked":["Flechettes","Concentrate"],"picked":"Backstab","floor":18},{"not_picked":["Slice+1","Quick Slash+1"],"picked":"Prepared+1","floor":19},{"not_picked":["Dagger Spray","Prepared"],"picked":"Escape Plan","floor":21},{"not_picked":["Expertise","Endless Agony"],"picked":"Footwork","floor":22},{"not_picked":["Accuracy","Acrobatics"],"picked":"Deflect","floor":24}],"player_experience":498220,"relics_obtained":[{"floor":6.0,"key":"Art of War"},{"floor":9.0,"key":"Ancient Tea Set"},{"floor":10.0,"key":"Ornamental Fan"},{"floor":11.0,"key":"Odd Mushroom"},{"floor":24,"key":"Torii"},{"floor":26,"key":"Dream Catcher"}],"event_choices":[{"damage_healed":0.0,"max_hp_gain":5.0,"max_hp_loss":0.0,"gold_gain":0.0,"event_name":"Big Fish","player_choice":"Donut","floor":2.0,"gold_loss":0.0,"damage_taken":0.0},{"damage_healed":0.0,"max_hp_gain":0.0,"max_hp_loss":0.0,"gold_gain":0.0,"event_name":"Mushrooms","player_choice":"Fought Mushrooms","floor":11.0,"gold_loss":0.0,"damage_taken":0.0},{"damage_healed":0,"gold_gain":0,"player_choice":"Opened","damage_taken":0,"relics_obtained":["Nunchaku"],"max_hp_gain":0,"max_hp_loss":0,"event_name":"The Mausoleum","floor":25,"gold_loss":0},{"damage_healed":0,"gold_gain":100,"player_choice":"Pray","damage_taken":0,"max_hp_gain":0,"max_hp_loss":0,"event_name":"Golden Shrine","floor":27,"gold_loss":0}],"is_beta":false,"boss_relics":[{"not_picked":["White Beast Statue","Lizard Tail"],"picked":"Eternal Feather"}],"items_purged_floors":[8],"is_endless":false,"potions_floor_spawned":[1,4,5,10,16,18,21],"killed_by":"Chosen and Byrds","ascension_level":4}