{"gold_per_floor":[113,127,146,5,5,5,35,35,61,61,161,175,207,225,225,225],"floor_reached":16,"playtime":1145,"items_purged":[],"score":230,"play_id":"2455c436-959e-4a80-a96e-83d3f7d17f2c","local_time":"20190225224407","is_ascension_mode":true,"campfire_choices":[{"data":"Whirlwind","floor":6,"key":"SMITH"},{"data":"Armaments","floor":15,"key":"SMITH"}],"neow_cost":"NONE","seed_source_timestamp":44596638566500,"circlet_count":0,"master_deck":["AscendersBane","Strike_R","Strike_R","Strike_R+1","Strike_R+1","Defend_R","Defend_R","Defend_R","Defend_R","Bash","Juggernaut","Armaments+1","Shrug It Off","Sword Boomerang","Metallicize","Whirlwind+1","Feed"],"relics":["Burning Blood","Pen Nib","Whetstone","Bottled Flame"],"potions_floor_usage":[3,12,13,16],"damage_taken":[{"damage":3,"enemies":"2 Louse","floor":1,"turns":4},{"damage":8,"enemies":"Jaw Worm","floor":2,"turns":5},{"damage":2,"enemies":"Small Slimes","floor":3,"turns":4},{"damage":0,"enemies":"Lagavulin","floor":7,"turns":7},{"damage":2,"enemies":"Exordium Thugs","floor":12,"turns":8},{"damage":40,"enemies":"Gremlin Nob","floor":13,"turns":5},{"damage":12,"enemies":"Large Slime","floor":14,"turns":8},{"damage":44,"enemies":"Hexaghost","floor":16,"turns":9}],"seed_played":"-1813823114240602365","potions_obtained":[{"floor":2,"key":"Explosive Potion"},{"floor":3,"key":"Explosive Potion"},{"floor":12,"key":"Energy Potion"},{"floor":14,"key":"Poison Potion"}],"is_trial":false,"path_per_floor":["M","M","M","$","?","R","E","?","T","?","?","M","E","M","R","B"],"character_chosen":"IRONCLAD","items_purchased":["Metallicize","Whirlwind"],"campfire_rested":0,"item_purchase_floors":[4,4],"current_hp_per_floor":[71,69,73,73,73,73,75,68,68,73,73,80,46,40,40,0],"gold":225,"neow_bonus":"ONE_RANDOM_RARE_CARD","is_prod":false,"is_daily":false,"chose_seed":false,"campfire_upgraded":2,"win_rate":0,"timestamp":1551152647,"path_taken":["M","M","M","$","?","R","E","?","T","?","?","?","E","M","R","BOSS"],"build_version":"2019-01-23","purchased_purges":0,"victory":false,"max_hp_per_floor":[75,75,75,75,75,75,75,75,75,80,80,83,83,83,83,83],"card_choices":[{"not_picked":["Pommel Strike","Havoc"],"picked":"Armaments","floor":1},{"not_picked":["Second Wind","Power Through"],"picked":"Shrug It Off","floor":2},{"not_picked":["Pommel Strike","Havoc"],"picked":"Sword Boomerang","floor":3},{"not_picked":["Cleave","Clash"],"picked":"Feed","floor":7},{"not_picked":["Infernal Blade","Rampage","Searing Blow"],"picked":"SKIP","floor":12},{"not_picked":["Rupture","Sword Boomerang","Perfected Strike"],"picked":"SKIP","floor":13},{"not_picked":["Bloodletting","Flex","Cleave"],"picked":"SKIP","floor":14}],"player_experience":1351775,"relics_obtained":[{"floor":7,"key":"Pen Nib"},{"floor":9,"key":"Whetstone"},{"floor":13,"key":"Bottled Flame"}],"event_choices":[{"damage_healed":0,"gold_gain":0,"player_choice":"Ignored","damage_taken":0,"max_hp_gain":0,"max_hp_loss":0,"event_name":"Shining Light","floor":5,"gold_loss":0},{"cards_removed":["Strike_R"],"damage_healed":0,"gold_gain":0,"player_choice":"Card Removal","damage_taken":7,"max_hp_gain":0,"max_hp_loss":0,"event_name":"Golden Wing","floor":8,"gold_loss":0},{"damage_healed":0,"gold_gain":0,"player_choice":"Donut","damage_taken":0,"max_hp_gain":5,"max_hp_loss":0,"event_name":"Big Fish","floor":10,"gold_loss":0},{"damage_healed":0,"gold_gain":100,"player_choice":"Pray","damage_taken":0,"max_hp_gain":0,"max_hp_loss":0,"event_name":"Golden Shrine","floor":11,"gold_loss":0}],"is_beta":false,"boss_relics":[],"items_purged_floors":[],"is_endless":false,"potions_floor_spawned":[2,3,12,14],"killed_by":"Hexaghost","ascension_level":14}