{"path_per_floor":["M","$","M","?","M","E","M","$","T","?","M","R","?","M","R","B",null,"M","?","?","M","M"],"character_chosen":"IRONCLAD","items_purchased":["Shrug It Off","Madness"],"gold_per_floor":[116,15,31,31,51,85,100,9,9,9,29,29,29,48,48,145,145,115,115,115,127,142],"floor_reached":23,"campfire_rested":1,"playtime":1199,"current_hp_per_floor":[80,80,80,80,80,37,23,23,23,30,31,31,31,23,53,57,102,70,70,70,49,54],"items_purged":["Strike_R"],"gold":142,"score":272,"play_id":"40af332a-3527-408f-8117-38cf038f093b","local_time":"20180304195937","is_prod":false,"is_daily":false,"is_ascension_mode":true,"campfire_upgraded":1,"timestamp":1520211577,"path_taken":["M","$","M","?","M","E","M","$","T","?","M","R","?","M","R","BOSS","M","?","?","?","M","E"],"build_version":"2018-03-01-PROD1","purchased_purges":1,"victory":false,"master_deck":["Strike_R","Strike_R","Strike_R","Defend_R","Defend_R","Defend_R","Defend_R","Bash","Metallicize","Shrug It Off","Body Slam","Feed","Barricade+1","Warcry","Madness","Clothesline","Regret","Metallicize","Body Slam","True Grit"],"max_hp_per_floor":[80,80,80,80,80,83,86,86,86,96,99,99,99,102,102,102,102,105,105,105,108,111],"relics":["Burning Blood","NeowsBlessing","Calipers","Bird Faced Urn","Pear","Ancient Tea Set","Runic Dome"],"card_choices":[{"not_picked":["Clash","Iron Wave"],"picked":"Metallicize"},{"not_picked":["Havoc","Armaments"],"picked":"Body Slam"},{"not_picked":["Clash","Pommel Strike"],"picked":"Feed"},{"not_picked":["True Grit","Thunderclap"],"picked":"Barricade"},{"not_picked":["Pummel","Pommel Strike"],"picked":"Warcry"},{"not_picked":["Twin Strike","Havoc"],"picked":"Clothesline"},{"not_picked":["Infernal Blade","Sword Boomerang"],"picked":"Metallicize"},{"not_picked":["Cleave","Clash"],"picked":"Body Slam"},{"not_picked":["Ghostly Armor","Wild Strike"],"picked":"True Grit"}],"player_experience":226435,"potions_floor_usage":[16],"damage_taken":[{"damage":0,"enemies":"2 Louse","floor":1,"turns":1},{"damage":0,"enemies":"Small Slimes","floor":3,"turns":1},{"damage":0,"enemies":"Cultist","floor":5,"turns":1},{"damage":52,"enemies":"Gremlin Nob","floor":6,"turns":6},{"damage":23,"enemies":"3 Louse","floor":7,"turns":4},{"damage":10,"enemies":"2 Fungi Beasts","floor":11,"turns":4},{"damage":19,"enemies":"Gremlin Gang","floor":14,"turns":8},{"damage":8,"enemies":"Hexaghost","floor":16,"turns":13},{"damage":43,"enemies":"2 Thieves","floor":18,"turns":5},{"damage":34,"enemies":"Spheric Guardian","floor":21,"turns":7},{"damage":10,"enemies":"Centurion and Healer","floor":22,"turns":7},{"damage":63,"enemies":"Gremlin Leader","floor":23,"turns":4}],"event_choices":[{"event_name":"Liars Game","player_choice":"disagreed","floor":4,"damage_taken":0},{"event_name":"Scrap Ooze","player_choice":"success","floor":10,"damage_taken":3},{"event_name":"Big Fish","player_choice":"Box","floor":13,"damage_taken":0},{"event_name":"The Woman in Blue","player_choice":"Bought 0 Potions","floor":19,"damage_taken":0},{"event_name":"Back to Basics","player_choice":"Elegance","floor":20,"damage_taken":0}],"boss_relics":[{"not_picked":["Black Blood","Runic Cube"],"picked":"Runic Dome"}],"potions_floor_spawned":[6,7,14,22],"seed_played":"-1838581143370944759","killed_by":"Gremlin Leader","ascension_level":3,"is_trial":false}