{"gold_per_floor":[114,114,127,138,63,63,92,167,167,67,67,67,134,184,184,260,260,278,328,342,83,58,58,70,143,170,170,180,180,230],"floor_reached":30,"playtime":871,"items_purged":["Strike_R","Defend_R","Strike_R"],"score":418,"play_id":"ea13fa1d-6d48-42e0-b3e1-34a8cfc7ddd3","local_time":"20190227230628","is_ascension_mode":true,"campfire_choices":[{"data":"Twin Strike","floor":6.0,"key":"SMITH"},{"data":"Bash","floor":15,"key":"SMITH"},{"data":"J.A.X.","floor":23,"key":"SMITH"},{"data":"Reaper","floor":27,"key":"SMITH"},{"data":"Defend_R","floor":29,"key":"SMITH"}],"neow_cost":"NONE","seed_source_timestamp":0,"circlet_count":0,"master_deck":["AscendersBane","Strike_R","Strike_R","Defend_R+1","Defend_R","Bash+1","Twin Strike+1","Bash+1","Flame Barrier+1","Reaper+1","J.A.X.+1","Anger+1"],"special_seed":0,"relics":["Burning Blood","Shuriken","Ornamental Fan","SsserpentHead","Busted Crown","Tiny Chest","Vajra","Dream Catcher"],"potions_floor_usage":[16,16,28],"damage_taken":[{"damage":6.0,"enemies":"Jaw Worm","floor":1.0,"turns":5.0},{"damage":1.0,"enemies":"Cultist","floor":3.0,"turns":3.0},{"damage":3.0,"enemies":"2 Louse","floor":4.0,"turns":3.0},{"damage":5.0,"enemies":"3 Sentries","floor":7.0,"turns":10.0},{"damage":1.0,"enemies":"2 Fungi Beasts","floor":13.0,"turns":4.0},{"damage":45,"enemies":"Hexaghost","floor":16,"turns":11},{"damage":2,"enemies":"3 Byrds","floor":18,"turns":3},{"damage":34,"enemies":"Shell Parasite","floor":20,"turns":5},{"damage":26,"enemies":"Snecko","floor":24,"turns":5},{"damage":32,"enemies":"Centurion and Healer","floor":28,"turns":4},{"damage":27,"enemies":"Snake Plant","floor":30,"turns":1}],"seed_played":"-9151570184917764615","potions_obtained":[{"floor":3.0,"key":"LiquidBronze"},{"floor":4.0,"key":"Fire Potion"},{"floor":7.0,"key":"Block Potion"},{"floor":16,"key":"Poison Potion"}],"is_trial":false,"path_per_floor":["M","?","M","M","$","R","E","?","T","$","?","?","M","?","R","B",null,"M","?","M","$","?","R","M","T","T","R","M","R","M"],"character_chosen":"IRONCLAD","items_purchased":["Tiny Chest"],"campfire_rested":0,"item_purchase_floors":[21],"current_hp_per_floor":[68,68,73,75,75,75,75,64,64,64,41,41,46,46,46,7,58,62,62,35,35,35,35,24,24,24,24,10,10,0],"gold":230,"neow_bonus":"REMOVE_CARD","is_prod":false,"is_daily":false,"chose_seed":false,"campfire_upgraded":5,"win_rate":0,"timestamp":1551276388,"path_taken":["M","?","M","M","?","R","E","?","T","$","?","?","?","?","R","BOSS","M","?","M","$","?","R","M","?","T","R","M","R","?"],"build_version":"2019-01-23","purchased_purges":3,"victory":false,"max_hp_per_floor":[75,75,75,75,75,75,75,75,75,75,75,75,75,75,75,75,75,75,75,75,75,75,75,75,75,75,75,75,75,75],"card_choices":[{"not_picked":["True Grit","Body Slam"],"picked":"Twin Strike","floor":1.0},{"not_picked":["Armaments","Rupture","Rage"],"picked":"SKIP","floor":3.0},{"not_picked":["Armaments","True Grit"],"picked":"Flame Barrier","floor":4.0},{"not_picked":["Shockwave","Feed","Sword Boomerang"],"picked":"SKIP","floor":7.0},{"not_picked":["Reckless Charge","Ghostly Armor","Shrug It Off"],"picked":"SKIP","floor":13.0},{"not_picked":["Immolate","Feed"],"picked":"Reaper","floor":16},{"not_picked":["Flame Barrier"],"picked":"SKIP","floor":18},{"not_picked":["Searing Blow"],"picked":"SKIP","floor":20},{"not_picked":["Headbutt"],"picked":"SKIP","floor":24},{"not_picked":[],"picked":"Anger+1","floor":28}],"player_experience":944951,"relics_obtained":[{"floor":7.0,"key":"Shuriken"},{"floor":9.0,"key":"Ornamental Fan"},{"floor":25,"key":"Vajra"},{"floor":26,"key":"Dream Catcher"}],"event_choices":[{"damage_healed":0.0,"max_hp_gain":0.0,"max_hp_loss":0.0,"gold_gain":0.0,"event_name":"Match and Keep!","player_choice":"1 cards matched","floor":2.0,"gold_loss":0.0,"damage_taken":0.0,"cards_obtained":["Bash"]},{"damage_healed":0.0,"max_hp_gain":0.0,"max_hp_loss":0.0,"gold_gain":75.0,"event_name":"World of Goop","player_choice":"Gather Gold","floor":8.0,"gold_loss":0.0,"damage_taken":11.0},{"damage_healed":0.0,"max_hp_gain":0.0,"max_hp_loss":0.0,"gold_gain":0.0,"event_name":"Shining Light","player_choice":"Entered Light","floor":11.0,"gold_loss":0.0,"damage_taken":23.0,"cards_upgraded":["Flame Barrier","Bash"]},{"damage_healed":0.0,"max_hp_gain":0.0,"max_hp_loss":0.0,"gold_gain":0.0,"event_name":"FaceTrader","player_choice":"Trade","floor":12.0,"gold_loss":0.0,"damage_taken":0.0,"relics_obtained":["SsserpentHead"]},{"damage_healed":0,"gold_gain":0,"player_choice":"Searched \u00270\u0027 times","damage_taken":0,"max_hp_gain":0,"max_hp_loss":0,"event_name":"Dead Adventurer","floor":14,"gold_loss":0},{"damage_healed":0,"gold_gain":0,"player_choice":"Obtain J.A.X.","damage_taken":0,"max_hp_gain":0,"max_hp_loss":0,"event_name":"Drug Dealer","floor":19,"gold_loss":0,"cards_obtained":["J.A.X."]},{"cards_removed":["Defend_R"],"damage_healed":0,"gold_gain":0,"player_choice":"Gave Gold","damage_taken":0,"max_hp_gain":0,"max_hp_loss":0,"event_name":"Beggar","floor":22,"gold_loss":75}],"is_beta":false,"boss_relics":[{"not_picked":["Snecko Eye","Runic Pyramid"],"picked":"Busted Crown"}],"items_purged_floors":[5,10,21],"is_endless":false,"potions_floor_spawned":[3,4,7,16],"killed_by":"Snake Plant","ascension_level":17}