{"gold_per_floor":[360,28,0,16,116,148,159,159,159,177,196,196,221,23,23,98,98,114,114,131,56,76,76,107,107,107,107,125,125,154,204,204,275,275,286,286,299,43,56,56,56],"floor_reached":41,"playtime":4599,"items_purged":["Decay"],"score":746,"play_id":"693decad-7954-4c8b-87fe-e8f091aaaca2","local_time":"20190223202129","is_ascension_mode":true,"campfire_choices":[{"floor":8,"key":"REST"},{"floor":12,"key":"REST"},{"data":"Go for the Eyes","floor":15,"key":"SMITH"},{"floor":23,"key":"REST"},{"floor":25,"key":"REST"},{"floor":27,"key":"REST"},{"data":"Zap","floor":29,"key":"SMITH"},{"floor":32,"key":"REST"},{"floor":40,"key":"REST"}],"neow_cost":"CURSE","seed_source_timestamp":64260089207000,"circlet_count":0,"master_deck":["AscendersBane","Strike_B","Strike_B","Strike_B","Defend_B","Defend_B","Defend_B","Defend_B","Zap+1","Dualcast","Compile Driver","Go for the Eyes+1","Sweeping Beam","White Noise+1","Leap+1","Fusion+1","Glacier+1","Electrodynamics","Gash","FTL","Hologram+1","Machine Learning","All For One","Madness+1","Madness+1","Barrage","Lockon+1"],"relics":["Cracked Core","Toxic Egg 2","Singing Bowl","Ornamental Fan","Happy Flower","OrangePellets","Busted Crown","PreservedInsect","Mercury Hourglass","Bronze Scales","Lantern","Inserter","Matryoshka"],"potions_floor_usage":[6,13,16,22,28,33],"damage_taken":[{"damage":0,"enemies":"2 Louse","floor":1,"turns":1},{"damage":0,"enemies":"Small Slimes","floor":4,"turns":3},{"damage":32,"enemies":"3 Sentries","floor":6,"turns":9},{"damage":8,"enemies":"Cultist","floor":7,"turns":4},{"damage":5,"enemies":"3 Louse","floor":10,"turns":3},{"damage":0,"enemies":"2 Fungi Beasts","floor":11,"turns":2},{"damage":10,"enemies":"Lagavulin","floor":13,"turns":6},{"damage":39,"enemies":"The Guardian","floor":16,"turns":17},{"damage":1,"enemies":"Shell Parasite","floor":18,"turns":6},{"damage":14,"enemies":"Chosen","floor":20,"turns":5},{"damage":23,"enemies":"Centurion and Healer","floor":22,"turns":8},{"damage":21,"enemies":"Gremlin Leader","floor":24,"turns":8},{"damage":0,"enemies":"3 Cultists","floor":28,"turns":3},{"damage":37,"enemies":"Slavers","floor":30,"turns":3},{"damage":49,"enemies":"Champ","floor":33,"turns":15},{"damage":0,"enemies":"3 Shapes","floor":35,"turns":5},{"damage":12,"enemies":"3 Darklings","floor":37,"turns":5},{"damage":16,"enemies":"Maw","floor":39,"turns":7},{"damage":50,"enemies":"Nemesis","floor":41,"turns":5}],"seed_played":"-6839522237580429015","potions_obtained":[{"floor":1,"key":"EssenceOfSteel"},{"floor":6,"key":"Block Potion"},{"floor":7,"key":"Poison Potion"},{"floor":18,"key":"SpeedPotion"},{"floor":22,"key":"Energy Potion"},{"floor":24,"key":"GamblersBrew"}],"is_trial":false,"path_per_floor":["M","$","?","M","?","E","M","R","T","M","M","R","E","$","R","B",null,"M","?","M","?","M","R","E","R","T","R","M","R","E","T","R","B",null,"M","?","M","$","M","R","E"],"character_chosen":"DEFECT","items_purchased":["Toxic Egg 2","OrangePellets","Matryoshka"],"campfire_rested":7,"item_purchase_floors":[2,14,38],"current_hp_per_floor":[64,64,64,64,64,32,24,45,45,40,40,61,51,51,51,12,56,57,57,43,43,22,44,23,45,45,67,67,67,30,30,52,3,57,59,49,37,37,21,44,0],"gold":56,"neow_bonus":"TWO_FIFTY_GOLD","is_prod":false,"is_daily":false,"chose_seed":false,"campfire_upgraded":2,"win_rate":0,"timestamp":1550971289,"path_taken":["M","$","?","M","?","E","M","R","T","?","M","R","E","$","R","BOSS","M","?","M","?","M","R","E","R","T","R","M","R","E","?","R","BOSS","M","?","M","$","M","R","E"],"build_version":"2019-01-23","purchased_purges":1,"victory":false,"max_hp_per_floor":[71,71,71,71,71,71,71,71,71,71,71,71,71,71,71,71,71,73,73,73,73,75,75,75,75,75,75,75,75,75,75,75,75,75,77,77,77,77,77,77,77],"card_choices":[{"not_picked":["Leap","Beam Cell"],"picked":"Compile Driver","floor":1},{"not_picked":["Steam+1","Force Field+1"],"picked":"Go for the Eyes","floor":4},{"not_picked":["Scrape","Stack+1"],"picked":"Sweeping Beam","floor":6},{"not_picked":["Defragment","Coolheaded+1"],"picked":"White Noise+1","floor":7},{"not_picked":["Coolheaded+1","Steam+1"],"picked":"Leap+1","floor":10},{"not_picked":["Steam Power+1","Sweeping Beam"],"picked":"Fusion+1","floor":11},{"not_picked":["Beam Cell","Ball Lightning"],"picked":"Glacier+1","floor":13},{"not_picked":["Hyperbeam","Meteor Strike"],"picked":"Electrodynamics","floor":16},{"not_picked":["Compile Driver"],"picked":"Singing Bowl","floor":18},{"not_picked":[],"picked":"Gash","floor":20},{"not_picked":["Steam+1"],"picked":"Singing Bowl","floor":22},{"not_picked":[],"picked":"FTL","floor":24},{"not_picked":[],"picked":"Hologram+1","floor":28},{"not_picked":[],"picked":"Machine Learning","floor":30},{"not_picked":[],"picked":"All For One","floor":33},{"not_picked":["Aggregate+1"],"picked":"Singing Bowl","floor":35},{"not_picked":[],"picked":"Barrage","floor":37},{"not_picked":[],"picked":"Lockon+1","floor":39}],"player_experience":1310976,"relics_obtained":[{"floor":6,"key":"Singing Bowl"},{"floor":9,"key":"Ornamental Fan"},{"floor":13,"key":"Happy Flower"},{"floor":24,"key":"PreservedInsect"},{"floor":26,"key":"Mercury Hourglass"},{"floor":30,"key":"Bronze Scales"},{"floor":31,"key":"Lantern"}],"event_choices":[{"damage_healed":0,"gold_gain":0,"player_choice":"Left Gold","damage_taken":0,"max_hp_gain":0,"max_hp_loss":0,"event_name":"World of Goop","floor":3,"gold_loss":28},{"damage_healed":0,"gold_gain":100,"player_choice":"Pray","damage_taken":0,"max_hp_gain":0,"max_hp_loss":0,"event_name":"Golden Shrine","floor":5,"gold_loss":0},{"damage_healed":0,"gold_gain":0,"player_choice":"Ignored","damage_taken":0,"max_hp_gain":0,"max_hp_loss":0,"event_name":"Vampires","floor":19,"gold_loss":0},{"cards_removed":["Strike_B"],"damage_healed":0,"gold_gain":0,"player_choice":"Gave Gold","damage_taken":0,"max_hp_gain":0,"max_hp_loss":0,"event_name":"Beggar","floor":21,"gold_loss":75},{"damage_healed":0,"gold_gain":0,"player_choice":"Embrace Madness","damage_taken":10,"max_hp_gain":0,"max_hp_loss":0,"event_name":"Winding Halls","floor":36,"gold_loss":0,"cards_obtained":["Madness","Madness"]}],"is_beta":false,"boss_relics":[{"not_picked":["Velvet Choker","Lizard Tail"],"picked":"Busted Crown"},{"not_picked":["Calling Bell","Nuclear Battery"],"picked":"Inserter"}],"items_purged_floors":[2],"is_endless":false,"potions_floor_spawned":[1,6,7,11,18,22,24],"killed_by":"Nemesis","ascension_level":14}