{"gold_per_floor":[117,135,155,167,187,187,217,217,217,62,79,59,84,104,104,209,209,223,236,248,248,259,259,279,310,310,310,410,410,422,450,450,555,555,566,666,888,900,900,925,925,940,988,1004,1021,1044,330,356,356,356],"floor_reached":51,"playtime":5247,"items_purged":["Strike_G"],"score":741,"play_id":"f20493e8-5058-4b6b-8a30-1314dcbaf8fe","local_time":"20190301163645","is_ascension_mode":false,"campfire_choices":[{"data":"Noxious Fumes","floor":6.0,"key":"SMITH"},{"floor":15.0,"key":"REST"},{"data":"After Image","floor":23.0,"key":"SMITH"},{"floor":27.0,"key":"REST"},{"data":"Neutralize","floor":29.0,"key":"SMITH"},{"data":"Cloak And Dagger","floor":32.0,"key":"SMITH"},{"floor":41.0,"key":"REST"},{"floor":49,"key":"REST"}],"neow_cost":"NONE","seed_source_timestamp":727108650900,"circlet_count":0,"master_deck":["Defend_G","Defend_G","Defend_G","Defend_G","Defend_G","Strike_G","Strike_G","Strike_G","Strike_G","Survivor","Neutralize+1","Cloak And Dagger+1","Dagger Throw","Noxious Fumes+1","Dagger Spray","Backflip","Dodge and Roll","After Image+1","Leg Sweep","Backstab","Crippling Poison","After Image","Deflect","Cloak And Dagger+1","Poisoned Stab+1","Infinite Blades+1","Blur","Well Laid Plans+1","PiercingWail+1","PiercingWail","PiercingWail+1","Noxious Fumes+1","Accuracy","Deflect"],"special_seed":0,"relics":["Ring of the Snake","Regal Pillow","Bottled Lightning","Oddly Smooth Stone","Shuriken","Orrery","Centennial Puzzle","Bag of Preparation","Mummified Hand","Pocketwatch","Red Mask","Fusion Hammer","Unceasing Top","Du-Vu Doll","Smiling Mask","Strawberry","Lantern","PreservedInsect","Toy Ornithopter","Blood Vial"],"potions_floor_usage":[48,48,50,50,50],"damage_taken":[{"damage":0.0,"enemies":"2 Louse","floor":1.0,"turns":2.0},{"damage":0.0,"enemies":"Cultist","floor":2.0,"turns":5.0},{"damage":4.0,"enemies":"Small Slimes","floor":3.0,"turns":4.0},{"damage":2.0,"enemies":"Looter","floor":4.0,"turns":4.0},{"damage":0.0,"enemies":"Large Slime","floor":5.0,"turns":5.0},{"damage":25.0,"enemies":"Lagavulin","floor":7.0,"turns":8.0},{"damage":0.0,"enemies":"Red Slaver","floor":11.0,"turns":5.0},{"damage":18.0,"enemies":"Gremlin Nob","floor":13.0,"turns":5.0},{"damage":1.0,"enemies":"Exordium Wildlife","floor":14.0,"turns":4.0},{"damage":22.0,"enemies":"The Guardian","floor":16.0,"turns":12.0},{"damage":10.0,"enemies":"Spheric Guardian","floor":18.0,"turns":8.0},{"damage":0.0,"enemies":"Shell Parasite","floor":19.0,"turns":8.0},{"damage":17.0,"enemies":"Shelled Parasite and Fungi","floor":20.0,"turns":8.0},{"damage":2.0,"enemies":"Snake Plant","floor":22.0,"turns":8.0},{"damage":12.0,"enemies":"Sentry and Sphere","floor":24.0,"turns":9.0},{"damage":9.0,"enemies":"Book of Stabbing","floor":25.0,"turns":10.0},{"damage":2.0,"enemies":"Colosseum Slavers","floor":28.0,"turns":5.0},{"damage":10.0,"enemies":"Colosseum Nobs","floor":28.0,"turns":7.0},{"damage":2.0,"enemies":"Snecko","floor":30.0,"turns":6.0},{"damage":6.0,"enemies":"Masked Bandits","floor":31.0,"turns":5.0},{"damage":29.0,"enemies":"Champ","floor":33.0,"turns":11.0},{"damage":0.0,"enemies":"3 Darklings","floor":35.0,"turns":6.0},{"damage":3.0,"enemies":"Mind Bloom Boss Battle","floor":36.0,"turns":6.0},{"damage":0.0,"enemies":"Orb Walker","floor":38.0,"turns":3.0},{"damage":0.0,"enemies":"Giant Head","floor":40.0,"turns":8.0},{"damage":0.0,"enemies":"Spire Growth","floor":42.0,"turns":6.0},{"damage":7.0,"enemies":"4 Shapes","floor":44.0,"turns":6.0},{"damage":0.0,"enemies":"Sphere and 2 Shapes","floor":45.0,"turns":5.0},{"damage":4,"enemies":"Reptomancer","floor":48,"turns":6},{"damage":11,"enemies":"Donu and Deca","floor":50,"turns":11}],"seed_played":"1505333542421731180","potions_obtained":[{"floor":0.0,"key":"AttackPotion"},{"floor":0.0,"key":"Energy Potion"},{"floor":0.0,"key":"EssenceOfSteel"},{"floor":3.0,"key":"Ancient Potion"},{"floor":11.0,"key":"SteroidPotion"},{"floor":12.0,"key":"FairyPotion"},{"floor":13.0,"key":"Energy Potion"},{"floor":18.0,"key":"Fire Potion"},{"floor":20.0,"key":"AttackPotion"},{"floor":24.0,"key":"Dexterity Potion"},{"floor":25.0,"key":"Weak Potion"},{"floor":28.0,"key":"SteroidPotion"},{"floor":35.0,"key":"GhostInAJar"},{"floor":38.0,"key":"AttackPotion"},{"floor":45.0,"key":"EntropicBrew"}],"is_trial":false,"path_per_floor":["M","M","M","M","M","R","E","?","T","$","M","?","E","M","R","B",null,"M","M","M","?","M","R","M","E","T","R","?","R","M","?","R","B",null,"M","?","?","M","?","E","R","M","T","M","M","T","$","E","R","B",null],"character_chosen":"THE_SILENT","items_purchased":["Oddly Smooth Stone","LiquidBronze","Lantern","PreservedInsect","Toy Ornithopter","Accuracy"],"campfire_rested":4,"item_purchase_floors":[10,47,47,47,47,47],"current_hp_per_floor":[70,70,66,64,64,64,39,39,39,39,39,39,21,20,56,34,70,60,60,43,43,41,41,29,20,20,56,44,44,42,36,36,7,70,70,67,67,67,67,67,70,70,70,63,63,70,70,73,77,74],"gold":356,"neow_bonus":"THREE_SMALL_POTIONS","is_prod":false,"is_daily":false,"chose_seed":false,"campfire_upgraded":4,"win_rate":0,"timestamp":1551487005,"path_taken":["M","M","M","M","M","R","E","?","T","$","M","?","E","M","R","BOSS","M","M","M","?","M","R","M","E","T","R","?","R","M","?","R","BOSS","M","?","?","M","?","E","R","?","T","M","M","?","$","E","R","BOSS"],"build_version":"2019-01-23","purchased_purges":1,"victory":true,"max_hp_per_floor":[70,70,70,70,70,70,70,70,70,70,70,70,70,70,70,70,70,70,70,70,70,70,70,70,70,70,70,70,70,70,70,70,70,70,70,70,70,70,70,70,70,70,70,70,70,77,77,77,77,77],"card_choices":[{"not_picked":["Predator","PiercingWail"],"picked":"Cloak And Dagger","floor":1.0},{"not_picked":["Flying Knee","Masterful Stab"],"picked":"Dagger Throw","floor":2.0},{"not_picked":["Bane","PiercingWail"],"picked":"Noxious Fumes","floor":3.0},{"not_picked":["Dodge and Roll","Cloak And Dagger"],"picked":"Dagger Spray","floor":4.0},{"not_picked":["Concentrate","Blade Dance"],"picked":"Backflip","floor":5.0},{"not_picked":["Prepared","Glass Knife","Concentrate"],"picked":"SKIP","floor":7.0},{"not_picked":["Concentrate","Blade Dance","Dagger Spray"],"picked":"SKIP","floor":11.0},{"not_picked":["Underhanded Strike","Bullet Time"],"picked":"Dodge and Roll","floor":13.0},{"not_picked":["Deadly Poison","Outmaneuver","Choke"],"picked":"SKIP","floor":14.0},{"not_picked":["A Thousand Cuts","Envenom"],"picked":"After Image","floor":16.0},{"not_picked":["Acrobatics","Endless Agony"],"picked":"Leg Sweep","floor":17.0},{"not_picked":["Slice","Crippling Poison"],"picked":"Backstab","floor":17.0},{"not_picked":["Escape Plan","Expertise"],"picked":"Crippling Poison","floor":17.0},{"not_picked":["Dagger Spray","Poisoned Stab","All Out Attack"],"picked":"SKIP","floor":18.0},{"not_picked":["Prepared","Dagger Throw"],"picked":"After Image","floor":19.0},{"not_picked":["Outmaneuver","Terror"],"picked":"Deflect","floor":20.0},{"not_picked":["Flying Knee","Quick Slash","Outmaneuver"],"picked":"SKIP","floor":22.0},{"not_picked":["Crippling Poison","Backflip"],"picked":"Cloak And Dagger+1","floor":24.0},{"not_picked":["Expertise","Flechettes"],"picked":"Poisoned Stab+1","floor":25.0},{"not_picked":["Concentrate+1","Blur+1"],"picked":"Infinite Blades+1","floor":28.0},{"not_picked":["Outmaneuver+1","Setup"],"picked":"Blur","floor":30.0},{"not_picked":["Riddle With Holes+1","Escape Plan+1"],"picked":"Well Laid Plans+1","floor":35.0},{"not_picked":["Underhanded Strike","Deflect+1"],"picked":"PiercingWail+1","floor":36.0},{"not_picked":["Slice+1","Backflip"],"picked":"PiercingWail","floor":38.0},{"not_picked":["Setup+1","Slice+1"],"picked":"PiercingWail+1","floor":40.0},{"not_picked":["Flying Knee+1","Underhanded Strike","Skewer+1"],"picked":"SKIP","floor":42.0},{"not_picked":["Catalyst+1","Eviscerate"],"picked":"Noxious Fumes+1","floor":44.0},{"not_picked":["Underhanded Strike","Outmaneuver","PiercingWail+1"],"picked":"SKIP","floor":45.0},{"not_picked":["Calculated Gamble+1","Distraction"],"picked":"Deflect","floor":48}],"player_experience":87094,"relics_obtained":[{"floor":7.0,"key":"Regal Pillow"},{"floor":9.0,"key":"Bottled Lightning"},{"floor":13.0,"key":"Shuriken"},{"floor":25.0,"key":"Centennial Puzzle"},{"floor":26.0,"key":"Bag of Preparation"},{"floor":28.0,"key":"Mummified Hand"},{"floor":28.0,"key":"Pocketwatch"},{"floor":31.0,"key":"Red Mask"},{"floor":36.0,"key":"Unceasing Top"},{"floor":40.0,"key":"Du-Vu Doll"},{"floor":43.0,"key":"Smiling Mask"},{"floor":46.0,"key":"Strawberry"},{"floor":48,"key":"Blood Vial"}],"event_choices":[{"damage_healed":0.0,"max_hp_gain":0.0,"max_hp_loss":0.0,"gold_gain":0.0,"event_name":"Shining Light","player_choice":"Ignored","floor":8.0,"gold_loss":0.0,"damage_taken":0.0},{"damage_healed":0.0,"max_hp_gain":0.0,"max_hp_loss":0.0,"gold_gain":0.0,"event_name":"The Woman in Blue","player_choice":"Bought 1 Potion","floor":12.0,"gold_loss":0.0,"damage_taken":0.0},{"damage_healed":0.0,"max_hp_gain":0.0,"max_hp_loss":0.0,"gold_gain":0.0,"event_name":"Forgotten Altar","player_choice":"Smashed Altar","floor":21.0,"gold_loss":0.0,"damage_taken":0.0,"cards_obtained":["Decay"]},{"damage_healed":0.0,"max_hp_gain":0.0,"max_hp_loss":0.0,"gold_gain":0.0,"event_name":"Colosseum","player_choice":"Fight","floor":28.0,"gold_loss":0.0,"damage_taken":0.0},{"damage_healed":0.0,"max_hp_gain":0.0,"max_hp_loss":0.0,"gold_gain":0.0,"event_name":"Colosseum","player_choice":"Fought Nobs","floor":28.0,"gold_loss":0.0,"damage_taken":0.0},{"damage_healed":0.0,"max_hp_gain":0.0,"max_hp_loss":0.0,"gold_gain":0.0,"event_name":"Masked Bandits","player_choice":"Fought Bandits","floor":31.0,"gold_loss":0.0,"damage_taken":0.0},{"damage_healed":0.0,"max_hp_gain":0.0,"max_hp_loss":0.0,"gold_gain":0.0,"event_name":"MindBloom","player_choice":"Fight","floor":36.0,"gold_loss":0.0,"damage_taken":0.0},{"damage_healed":0.0,"max_hp_gain":0.0,"max_hp_loss":0.0,"gold_gain":222.0,"event_name":"Tomb of Lord Red Mask","player_choice":"Wore Mask","floor":37.0,"gold_loss":0.0,"damage_taken":0.0},{"cards_removed":["Decay"],"damage_healed":0.0,"max_hp_gain":0.0,"max_hp_loss":0.0,"gold_gain":0.0,"event_name":"Fountain of Cleansing","player_choice":"Removed Curses","floor":39.0,"gold_loss":0.0,"damage_taken":0.0}],"is_beta":false,"boss_relics":[{"not_picked":["Snecko Eye","Runic Dome"],"picked":"Orrery"},{"not_picked":["WristBlade","Ring of the Serpent"],"picked":"Fusion Hammer"}],"items_purged_floors":[47],"is_endless":false,"potions_floor_spawned":[3,11,13,14,18,20,24,25,28,35,38,45],"ascension_level":0}