{"path_per_floor":["M","?","M","M","?","R","M","R","T","M","?"],"character_chosen":"DEFECT","items_purchased":[],"gold_per_floor":[119,119,138,151,251,251,263,263,263,274,274,274],"floor_reached":12,"campfire_rested":0,"playtime":548,"item_purchase_floors":[],"current_hp_per_floor":[72,72,66,64,64,64,34,34,34,30,21,0],"items_purged":[],"gold":274,"score":72,"play_id":"78852217-a2bb-4fb2-85ac-6c50cb5cf756","local_time":"20180612185609","is_prod":false,"is_daily":false,"chose_seed":false,"is_ascension_mode":false,"campfire_upgraded":2,"win_rate":0.0,"timestamp":1528844169,"campfire_choices":[{"data":"Redo","floor":6.0,"key":"SMITH"},{"data":"Stack","floor":8.0,"key":"SMITH"}],"path_taken":["M","?","?","M","?","R","M","R","T","M","?","M"],"build_version":"2018-06-07v3","seed_source_timestamp":0,"purchased_purges":0,"victory":false,"master_deck":["Strike_B","Strike_B","Strike_B","Strike_B","Defend_B","Defend_B","Defend_B","Defend_B","Zap","Dualcast","Cold Snap","Regret","Redo+1","Redo","Stack+1","Defragment"],"max_hp_per_floor":[75,75,75,75,75,75,75,75,75,75,75,75],"relics":["Cracked Core","Pantograph","Blood Vial","Unceasing Top"],"card_choices":[{"not_picked":["Barrage","Storm"],"picked":"Cold Snap","floor":1.0},{"not_picked":["Barrage","Streamline"],"picked":"Redo","floor":3.0},{"not_picked":["Chaos","Reboot"],"picked":"Redo","floor":4.0},{"not_picked":["Steam","Hologram"],"picked":"Stack","floor":7.0},{"not_picked":["Glacier","Capacitor"],"picked":"Defragment","floor":10.0}],"player_experience":509833,"potions_floor_usage":[],"damage_taken":[{"damage":3.0,"enemies":"2 Louse","floor":1.0,"turns":2.0},{"damage":6.0,"enemies":"Jaw Worm","floor":3.0,"turns":3.0},{"damage":2.0,"enemies":"Cultist","floor":4.0,"turns":3.0},{"damage":30.0,"enemies":"Gremlin Gang","floor":7.0,"turns":5.0},{"damage":6.0,"enemies":"3 Louse","floor":10.0,"turns":3.0},{"damage":11.0,"enemies":"Lots of Slimes","floor":11.0,"turns":3.0},{"damage":23,"enemies":"Lots of Slimes","floor":12,"turns":2}],"relics_obtained":[{"floor":9.0,"key":"Blood Vial"}],"event_choices":[{"event_name":"Big Fish","player_choice":"Box","floor":2.0,"damage_taken":0.0},{"event_name":"Golden Shrine","player_choice":"Pray","floor":5.0,"damage_taken":0.0},{"event_name":"Dead Adventurer","player_choice":"Searched \u00272\u0027 times","floor":11,"damage_taken":0}],"boss_relics":[],"items_purged_floors":[],"potions_floor_spawned":[10,11],"seed_played":"-5559179299839312032","killed_by":"Lots of Slimes","ascension_level":0,"potions_obtained":[{"floor":10.0,"key":"SteroidPotion"}],"is_trial":false}