{"path_per_floor":["M","?","?","?","M","R","M","M","T","R","E","R","M","E","R"],"character_chosen":"DEFECT","items_purchased":[],"gold_per_floor":[14,89,339,339,356,356,368,381,436,436,469,469,485,513,513,513],"floor_reached":16,"campfire_rested":1,"playtime":663,"item_purchase_floors":[],"current_hp_per_floor":[75,64,64,57,57,57,55,46,46,46,26,26,22,7,29,0],"items_purged":[],"gold":513,"score":138,"play_id":"5ae14342-4eb9-4014-85d9-5c9d949c1da0","local_time":"20180604020450","is_prod":false,"is_daily":false,"chose_seed":false,"is_ascension_mode":true,"campfire_upgraded":3,"win_rate":0,"timestamp":1528045490,"campfire_choices":[{"data":"Zap","floor":6,"key":"SMITH"},{"data":"Sweeping Beam","floor":10,"key":"SMITH"},{"data":"Dualcast","floor":12,"key":"SMITH"},{"floor":15,"key":"REST"}],"path_taken":["M","?","?","?","?","R","M","?","T","R","E","R","M","E","R","BOSS"],"build_version":"2018-05-31","seed_source_timestamp":967200304932053,"purchased_purges":0,"victory":false,"master_deck":["Strike_B","Strike_B","Strike_B","Strike_B","Defend_B","Defend_B","Defend_B","Defend_B","Zap+1","Dualcast+1","Sweeping Beam+1","Auto Shields"],"max_hp_per_floor":[75,75,75,75,75,75,75,75,75,75,75,75,75,75,75,75],"relics":["Cracked Core","Bird Faced Urn","Oddly Smooth Stone","Dream Catcher","Smiling Mask"],"card_choices":[{"not_picked":["Compile Driver","Leap"],"picked":"Sweeping Beam","floor":1},{"not_picked":["Go for the Eyes","Recycle","Hologram"],"picked":"SKIP","floor":5},{"not_picked":["Coolheaded","Double Energy","Compile Driver"],"picked":"SKIP","floor":7},{"not_picked":["Beam Cell","Conserve Battery","Go for the Eyes"],"picked":"SKIP","floor":8},{"not_picked":["Conserve Battery","Stack","Hologram"],"picked":"SKIP","floor":11},{"not_picked":["Auto Shields","Barrage","Stack"],"picked":"SKIP","floor":13},{"not_picked":["Biased Cognition","Leap","Force Field"],"picked":"SKIP","floor":14},{"not_picked":["Loop","Conserve Battery"],"picked":"Auto Shields","floor":15}],"player_experience":761027,"potions_floor_usage":[11,16],"damage_taken":[{"damage":0,"enemies":"Small Slimes","floor":1,"turns":3},{"damage":0,"enemies":"Cultist","floor":5,"turns":3},{"damage":2,"enemies":"2 Louse","floor":7,"turns":2},{"damage":9,"enemies":"Red Slaver","floor":8,"turns":3},{"damage":22,"enemies":"Lagavulin","floor":11,"turns":7},{"damage":4,"enemies":"Blue Slaver","floor":13,"turns":4},{"damage":15,"enemies":"3 Sentries","floor":14,"turns":6},{"damage":34,"enemies":"Hexaghost","floor":16,"turns":9}],"relics_obtained":[{"floor":9,"key":"Oddly Smooth Stone"},{"floor":11,"key":"Dream Catcher"},{"floor":14,"key":"Smiling Mask"}],"event_choices":[{"event_name":"World of Goop","player_choice":"Gather Gold","floor":2,"damage_taken":0},{"event_name":"Golden Shrine","player_choice":"Desecrate","floor":3,"damage_taken":0},{"event_name":"Golden Wing","player_choice":"Card Removal","floor":4,"damage_taken":0}],"boss_relics":[],"items_purged_floors":[],"potions_floor_spawned":[5,8,14],"seed_played":"5518588643582922110","killed_by":"Hexaghost","ascension_level":5,"potions_obtained":[{"floor":5,"key":"Ancient Potion"},{"floor":8,"key":"PowerPotion"},{"floor":14,"key":"SkillPotion"}],"is_trial":false}