{"gold_per_floor":[113,129,129,144,144,175,175,194,268,268,268,193,220,232,232,232],"floor_reached":16,"playtime":612,"items_purged":[],"score":198,"play_id":"f84f47c0-eb37-418d-b3d6-4bc725c822a0","local_time":"20190224212831","is_ascension_mode":true,"campfire_choices":[{"data":"Bash","floor":7,"key":"SMITH"},{"data":"Sword Boomerang","floor":10,"key":"SMITH"},{"data":"Defend_R","floor":15,"key":"SMITH"}],"neow_cost":"NONE","seed_source_timestamp":0,"circlet_count":0,"master_deck":["AscendersBane","Strike_R+1","Strike_R+1","Strike_R","Strike_R","Defend_R+1","Defend_R","Defend_R","Defend_R","Bash+1","Sword Boomerang+1"],"special_seed":0,"relics":["Burning Blood","NeowsBlessing","Incense Burner","PreservedInsect","Ornamental Fan","Gambling Chip","Whetstone"],"potions_floor_usage":[6,13,14],"damage_taken":[{"damage":0.0,"enemies":"Cultist","floor":1.0,"turns":1.0},{"damage":0.0,"enemies":"Small Slimes","floor":2.0,"turns":1.0},{"damage":0.0,"enemies":"Jaw Worm","floor":4.0,"turns":1.0},{"damage":41,"enemies":"Lagavulin","floor":6,"turns":8},{"damage":9,"enemies":"3 Louse","floor":8,"turns":5},{"damage":5,"enemies":"3 Sentries","floor":13,"turns":6},{"damage":9,"enemies":"Exordium Thugs","floor":14,"turns":3},{"damage":37,"enemies":"Hexaghost","floor":16,"turns":9}],"seed_played":"5622767393711876381","potions_obtained":[{"floor":1.0,"key":"Ancient Potion"},{"floor":6,"key":"SteroidPotion"},{"floor":13,"key":"Fire Potion"}],"is_trial":false,"path_per_floor":["M","M","?","M","?","E","R","M","T","R","T","?","E","M","R","B"],"character_chosen":"IRONCLAD","items_purchased":[],"campfire_rested":0,"item_purchase_floors":[],"current_hp_per_floor":[74,75,70,75,75,40,40,37,37,37,37,37,38,35,35,0],"gold":232,"neow_bonus":"THREE_ENEMY_KILL","is_prod":false,"is_daily":false,"chose_seed":false,"campfire_upgraded":3,"win_rate":0,"timestamp":1551011311,"path_taken":["M","?","?","M","?","E","R","M","T","R","?","?","E","M","R","BOSS"],"build_version":"2019-01-23","purchased_purges":0,"victory":false,"max_hp_per_floor":[75,75,75,75,75,75,75,75,75,75,75,75,75,75,75,75],"card_choices":[{"not_picked":["Second Wind","Heavy Blade","Burning Pact"],"picked":"SKIP","floor":1.0},{"not_picked":["Intimidate","Shrug It Off"],"picked":"Sword Boomerang","floor":2.0},{"not_picked":["Anger","Shockwave","Thunderclap"],"picked":"SKIP","floor":4.0},{"not_picked":["Heavy Blade","Clash","Iron Wave"],"picked":"SKIP","floor":6},{"not_picked":["Clothesline","Headbutt","Intimidate"],"picked":"SKIP","floor":8},{"not_picked":["Dual Wield","Barricade","Perfected Strike"],"picked":"SKIP","floor":13},{"not_picked":["Pummel","Metallicize","Warcry"],"picked":"SKIP","floor":14}],"player_experience":929017,"relics_obtained":[{"floor":6,"key":"PreservedInsect"},{"floor":9,"key":"Ornamental Fan"},{"floor":11,"key":"Gambling Chip"},{"floor":13,"key":"Whetstone"}],"event_choices":[{"damage_healed":0.0,"max_hp_gain":0.0,"max_hp_loss":0.0,"gold_gain":0.0,"event_name":"Scrap Ooze","player_choice":"Success","floor":3.0,"gold_loss":0.0,"damage_taken":5.0,"relics_obtained":["Incense Burner"]},{"damage_healed":0.0,"max_hp_gain":0.0,"max_hp_loss":0.0,"gold_gain":0.0,"event_name":"Liars Game","player_choice":"Ignored","floor":5.0,"gold_loss":0.0,"damage_taken":0.0},{"cards_removed":["Strike_R"],"damage_healed":0,"gold_gain":0,"player_choice":"Card Removal","damage_taken":0,"max_hp_gain":0,"max_hp_loss":0,"event_name":"The Cleric","floor":12,"gold_loss":75}],"is_beta":false,"boss_relics":[],"items_purged_floors":[],"is_endless":false,"potions_floor_spawned":[1,6,13],"killed_by":"Hexaghost","ascension_level":16}