{"gold_per_floor":[366,38,55,55,68,93,111,123,123,153,179,179,194,194,194,295,295,305,315,31,31,301,301],"floor_reached":23,"playtime":1381,"items_purged":[],"score":241,"play_id":"691f47db-3adb-4b49-9a27-3b3b104db980","local_time":"20190119124647","is_ascension_mode":true,"campfire_choices":[{"data":"Spot Weakness","floor":12.0,"key":"SMITH"},{"data":"Sword Boomerang","floor":15.0,"key":"SMITH"}],"neow_cost":"TEN_PERCENT_HP_LOSS","seed_source_timestamp":757914565087508,"circlet_count":0,"master_deck":["Strike_R","Strike_R","Strike_R","Strike_R","Defend_R","Defend_R","Defend_R","Defend_R","Bash","Sword Boomerang+1","Inflame","Flame Barrier","Dark Embrace","Iron Wave","Spot Weakness+1","Pummel","Parasite","Juggernaut+1","Limit Break","J.A.X."],"special_seed":0,"relics":["Burning Blood","Singing Bowl","Meat on the Bone","Frozen Egg 2","Ornamental Fan","Mummified Hand","Mark of Pain","Blood Vial"],"potions_floor_usage":[23,23,23],"damage_taken":[{"damage":12.0,"enemies":"Jaw Worm","floor":1.0,"turns":4.0},{"damage":11.0,"enemies":"2 Louse","floor":3.0,"turns":4.0},{"damage":6.0,"enemies":"Cultist","floor":5.0,"turns":4.0},{"damage":12.0,"enemies":"Gremlin Nob","floor":6.0,"turns":4.0},{"damage":5.0,"enemies":"2 Fungi Beasts","floor":7.0,"turns":3.0},{"damage":7.0,"enemies":"3 Louse","floor":8.0,"turns":5.0},{"damage":13.0,"enemies":"3 Sentries","floor":11.0,"turns":7.0},{"damage":8.0,"enemies":"Looter","floor":13.0,"turns":3.0},{"damage":45.0,"enemies":"The Guardian","floor":16.0,"turns":11.0},{"damage":31.0,"enemies":"2 Thieves","floor":18.0,"turns":5.0},{"damage":7.0,"enemies":"Chosen","floor":19.0,"turns":4.0},{"damage":31,"enemies":"Gremlin Leader","floor":23,"turns":3}],"seed_played":"-1700521980426848933","potions_obtained":[{"floor":1.0,"key":"Poison Potion"},{"floor":5.0,"key":"EssenceOfSteel"},{"floor":7.0,"key":"Fire Potion"},{"floor":8.0,"key":"Swift Potion"},{"floor":13.0,"key":"SteroidPotion"},{"floor":19.0,"key":"Fruit Juice"}],"is_trial":false,"path_per_floor":["M","$","M","?","M","E","M","M","T","?","E","R","M","?","R","B",null,"M","M","$","?","?","E"],"character_chosen":"IRONCLAD","items_purchased":["Singing Bowl","Inflame","Limit Break","Blood Vial"],"campfire_rested":0,"item_purchase_floors":[2,2,20,20],"current_hp_per_floor":[66,66,61,61,61,57,60,59,59,59,54,54,52,71,71,44,78,55,56,56,56,24,0],"gold":301,"neow_bonus":"TWO_FIFTY_GOLD","is_prod":false,"is_daily":false,"chose_seed":false,"campfire_upgraded":2,"win_rate":0,"timestamp":1547930807,"path_taken":["M","$","M","?","M","E","M","M","T","?","E","R","M","?","R","BOSS","M","M","$","?","?","E"],"build_version":"2019-01-17v2","purchased_purges":0,"victory":false,"max_hp_per_floor":[72,72,72,72,72,74,76,76,76,76,78,78,78,78,78,78,78,80,82,82,82,82,87],"card_choices":[{"not_picked":["Power Through","Clothesline"],"picked":"Sword Boomerang","floor":1.0},{"not_picked":["Headbutt","Thunderclap"],"picked":"Flame Barrier","floor":3.0},{"not_picked":["Hemokinesis","Wild Strike"],"picked":"Iron Wave","floor":5.0},{"not_picked":["Clash","Fire Breathing","Burning Pact"],"picked":"Singing Bowl","floor":6.0},{"not_picked":["Cleave","True Grit","Brutality"],"picked":"Singing Bowl","floor":7.0},{"not_picked":["Rage","Seeing Red"],"picked":"Spot Weakness","floor":8.0},{"not_picked":["Havoc","Thunderclap","Clash"],"picked":"Singing Bowl","floor":11.0},{"not_picked":["Anger","Headbutt"],"picked":"Pummel","floor":13.0},{"not_picked":["Exhume","Berserk+1"],"picked":"Juggernaut+1","floor":16.0},{"not_picked":["Clash+1","Blood for Blood","Warcry"],"picked":"Singing Bowl","floor":18.0},{"not_picked":["Bloodletting","Perfected Strike","Headbutt"],"picked":"Singing Bowl","floor":19.0}],"player_experience":178899,"relics_obtained":[{"floor":6.0,"key":"Meat on the Bone"},{"floor":9.0,"key":"Frozen Egg 2"},{"floor":11.0,"key":"Mummified Hand"}],"event_choices":[{"damage_healed":0.0,"max_hp_gain":0.0,"max_hp_loss":0.0,"gold_gain":0.0,"cards_transformed":["Strike_R"],"event_name":"Living Wall","player_choice":"Change","floor":4.0,"gold_loss":0.0,"damage_taken":0.0,"cards_obtained":["Dark Embrace"]},{"damage_healed":0.0,"max_hp_gain":0.0,"max_hp_loss":0.0,"gold_gain":30.0,"event_name":"Dead Adventurer","player_choice":"Searched \u00272\u0027 times","floor":10.0,"gold_loss":0.0,"damage_taken":0.0,"relics_obtained":["Ornamental Fan"]},{"damage_healed":19.0,"max_hp_gain":0.0,"max_hp_loss":0.0,"gold_gain":0.0,"event_name":"Mushrooms","player_choice":"Healed and dodged fight","floor":14.0,"gold_loss":0.0,"damage_taken":0.0,"cards_obtained":["Parasite"]},{"damage_healed":0.0,"max_hp_gain":0.0,"max_hp_loss":0.0,"gold_gain":0.0,"event_name":"Drug Dealer","player_choice":"Obtain J.A.X.","floor":21.0,"gold_loss":0.0,"damage_taken":0.0,"cards_obtained":["J.A.X."]},{"damage_healed":0.0,"max_hp_gain":0.0,"max_hp_loss":0.0,"gold_gain":270.0,"event_name":"Knowing Skull","player_choice":"GOLD GOLD GOLD ","floor":22.0,"potions_obtained":[],"gold_loss":0.0,"damage_taken":32.0,"cards_obtained":[]}],"is_beta":false,"boss_relics":[{"not_picked":["Runic Pyramid","Velvet Choker"],"picked":"Mark of Pain"}],"items_purged_floors":[],"is_endless":false,"potions_floor_spawned":[1,5,7,8,13,16,18,19],"killed_by":"Gremlin Leader","ascension_level":4}