{"gold_per_floor":[113,6,6,6,26,26,40,58,58,71,71,84,84,98,98,199,199,215,225,237,59,79,79,91,91,115,127,127,152,152,163,163,163],"floor_reached":33,"playtime":1082,"items_purged":["Strike_G","Strike_G"],"score":363,"play_id":"fddb9442-b6d2-4ad7-a9df-0b60e05d1160","local_time":"20190303151103","is_ascension_mode":false,"campfire_choices":[{"data":"Noxious Fumes","floor":6,"key":"SMITH"},{"data":"Noxious Fumes","floor":13,"key":"SMITH"},{"floor":15,"key":"REST"},{"data":"Leg Sweep","floor":23,"key":"SMITH"},{"floor":25,"key":"REST"},{"floor":28,"key":"REST"},{"floor":30,"key":"REST"},{"floor":32,"key":"REST"}],"neow_cost":"","seed_source_timestamp":753065574331900,"circlet_count":0,"master_deck":["Defend_G","Defend_G","Defend_G","Defend_G","Defend_G","Strike_G+1","Strike_G","Strike_G+1","Survivor","Neutralize","Noxious Fumes+1","Bane","Dodge and Roll","Noxious Fumes+1","Crippling Poison","Escape Plan","Deadly Poison","A Thousand Cuts","Deadly Poison+1","Leg Sweep+1","Noxious Fumes"],"relics":["Ring of the Snake","Ornamental Fan","Dodecahedron","Orrery","Whetstone","Matryoshka"],"potions_floor_usage":[12,16,29,29,29,29,33,33],"damage_taken":[{"damage":0,"enemies":"Cultist","floor":1,"turns":4},{"damage":0,"enemies":"Jaw Worm","floor":5,"turns":4},{"damage":3,"enemies":"2 Louse","floor":7,"turns":3},{"damage":1,"enemies":"Exordium Wildlife","floor":8,"turns":5},{"damage":6,"enemies":"Red Slaver","floor":10,"turns":4},{"damage":6,"enemies":"Looter","floor":12,"turns":3},{"damage":11,"enemies":"Exordium Wildlife","floor":14,"turns":4},{"damage":15,"enemies":"Hexaghost","floor":16,"turns":8},{"damage":9,"enemies":"Shell Parasite","floor":18,"turns":5},{"damage":8,"enemies":"Spheric Guardian","floor":19,"turns":5},{"damage":24,"enemies":"Centurion and Healer","floor":20,"turns":7},{"damage":5,"enemies":"Snake Plant","floor":22,"turns":5},{"damage":6,"enemies":"Cultist and Chosen","floor":24,"turns":6},{"damage":34,"enemies":"3 Cultists","floor":27,"turns":6},{"damage":8,"enemies":"Gremlin Leader","floor":29,"turns":5},{"damage":20,"enemies":"Chosen and Byrds","floor":31,"turns":6},{"damage":51,"enemies":"Champ","floor":33,"turns":10}],"seed_played":"-219934437326875637","potions_obtained":[{"floor":5,"key":"Poison Potion"},{"floor":7,"key":"EssenceOfSteel"},{"floor":20,"key":"SpeedPotion"},{"floor":27,"key":"EntropicBrew"},{"floor":29,"key":"Energy Potion"}],"is_trial":false,"path_per_floor":["M","$","?","$","M","R","M","M","T","M","$","M","R","M","R","B",null,"M","M","M","$","M","R","M","R","T","M","R","E","R","M","R","B"],"character_chosen":"THE_SILENT","items_purchased":["Noxious Fumes","Bane","Noxious Fumes","Crippling Poison","Leg Sweep"],"campfire_rested":5,"item_purchase_floors":[0,0,2,2,21],"current_hp_per_floor":[49,49,49,49,49,49,46,45,45,39,39,33,33,22,43,28,70,61,53,29,29,24,24,18,39,39,5,26,18,39,19,40,0],"gold":163,"neow_bonus":"","is_prod":false,"is_daily":false,"chose_seed":false,"campfire_upgraded":3,"win_rate":0,"timestamp":1551622263,"path_taken":["M","$","?","$","?","R","M","M","T","M","?","M","R","M","R","BOSS","M","M","M","$","M","R","M","R","T","M","R","E","R","M","R","BOSS"],"build_version":"2019-01-23","purchased_purges":2,"victory":false,"max_hp_per_floor":[70,70,70,70,70,70,70,70,70,70,70,70,70,70,70,70,70,70,70,70,70,70,70,70,70,70,70,70,70,70,70,70,70],"card_choices":[{"not_picked":["Escape Plan","Catalyst"],"picked":"Dodge and Roll","floor":1},{"not_picked":["Flying Knee","Dagger Spray","Choke"],"picked":"SKIP","floor":5},{"not_picked":["Crippling Poison","Dodge and Roll"],"picked":"Escape Plan","floor":7},{"not_picked":["Flechettes","Underhanded Strike"],"picked":"Deadly Poison","floor":8},{"not_picked":["Sucker Punch","Riddle With Holes","Slice"],"picked":"SKIP","floor":10},{"not_picked":["Dodge and Roll","All Out Attack","Infinite Blades"],"picked":"SKIP","floor":12},{"not_picked":["PiercingWail","Heel Hook","Flying Knee"],"picked":"SKIP","floor":14},{"not_picked":["Envenom","Night Terror"],"picked":"A Thousand Cuts","floor":16},{"not_picked":["Outmaneuver","All Out Attack"],"picked":"Deadly Poison+1","floor":18},{"not_picked":["Dash+1","Dagger Throw+1","Underhanded Strike+1"],"picked":"SKIP","floor":19},{"not_picked":["Catalyst","Quick Slash","Cloak And Dagger"],"picked":"SKIP","floor":20},{"not_picked":["PiercingWail","Corpse Explosion","Deadly Poison"],"picked":"SKIP","floor":22},{"not_picked":["Cloak And Dagger","Dodge and Roll","All Out Attack"],"picked":"SKIP","floor":24},{"not_picked":["Slice","Dodge and Roll","Glass Knife"],"picked":"SKIP","floor":27},{"not_picked":["Dodge and Roll","Sucker Punch"],"picked":"Noxious Fumes","floor":29},{"not_picked":["Slice+1","PiercingWail","Acrobatics"],"picked":"SKIP","floor":31}],"player_experience":154512,"relics_obtained":[{"floor":3,"key":"Ornamental Fan"},{"floor":9,"key":"Dodecahedron"},{"floor":26,"key":"Whetstone"},{"floor":29,"key":"Matryoshka"}],"event_choices":[{"damage_healed":0,"gold_gain":0,"player_choice":"Relic","damage_taken":0,"max_hp_gain":0,"max_hp_loss":0,"event_name":"Wheel of Change","floor":3,"gold_loss":0}],"is_beta":false,"boss_relics":[{"not_picked":["Fusion Hammer","Tiny House"],"picked":"Orrery"}],"items_purged_floors":[0,21],"is_endless":false,"potions_floor_spawned":[5,7,20,27,29],"killed_by":"Champ","ascension_level":0}