{"gold_per_floor":[118,132,148,148,131,131,156,156,180,180,180,25,41,76,76,180,180,196,196,180,190,70,70,98,98,152,152],"floor_reached":27,"playtime":1959,"items_purged":["Strike_G"],"score":362,"play_id":"ed2b795c-a981-47fa-b159-a57a13622f80","local_time":"20190301134631","is_ascension_mode":true,"campfire_choices":[{"data":"Dagger Spray","floor":6,"key":"SMITH"},{"data":"Noxious Fumes","floor":8,"key":"SMITH"},{"data":"Skewer","floor":10,"key":"SMITH"},{"data":"Neutralize","floor":15,"key":"SMITH"},{"data":"Caltrops","floor":23,"key":"SMITH"},{"floor":25,"key":"REST"}],"neow_cost":"NONE","seed_source_timestamp":151680796710566,"circlet_count":0,"master_deck":["AscendersBane","Defend_G","Defend_G","Defend_G","Defend_G","Defend_G","Strike_G","Strike_G+1","Strike_G","Survivor","Neutralize","Dagger Spray+1","Noxious Fumes+1","Skewer+1","Dagger Throw+1","Well Laid Plans","Blur","Neutralize+1","PiercingWail","Quick Slash","Venomology","Deflect","Caltrops+1","PiercingWail","Dodge and Roll"],"relics":["Ring of the Snake","Snake Skull","Ancient Tea Set","Omamori","Whetstone","Velvet Choker","Du-Vu Doll","Tiny Chest"],"potions_floor_usage":[7,14,16,21,21,24,24,24,27],"damage_taken":[{"damage":0,"enemies":"Small Slimes","floor":1,"turns":6},{"damage":0,"enemies":"Cultist","floor":2,"turns":4},{"damage":0,"enemies":"2 Louse","floor":3,"turns":3},{"damage":4,"enemies":"Exordium Thugs","floor":5,"turns":4},{"damage":12,"enemies":"3 Sentries","floor":7,"turns":4},{"damage":2,"enemies":"2 Fungi Beasts","floor":13,"turns":3},{"damage":24,"enemies":"Gremlin Nob","floor":14,"turns":4},{"damage":23,"enemies":"Hexaghost","floor":16,"turns":12},{"damage":8,"enemies":"Chosen","floor":18,"turns":6},{"damage":16,"enemies":"2 Thieves","floor":20,"turns":4},{"damage":9,"enemies":"Snake Plant","floor":21,"turns":6},{"damage":19,"enemies":"Book of Stabbing","floor":24,"turns":7},{"damage":34,"enemies":"Slavers","floor":27,"turns":2}],"seed_played":"-1414610812829660337","potions_obtained":[{"floor":3,"key":"SkillPotion"},{"floor":5,"key":"Energy Potion"},{"floor":7,"key":"Regen Potion"},{"floor":16,"key":"SpeedPotion"},{"floor":21,"key":"Weak Potion"},{"floor":24,"key":"SkillPotion"}],"is_trial":false,"path_per_floor":["M","M","M","?","M","R","E","R","T","R","?","$","M","E","R","B",null,"M","?","M","M","$","R","E","R","T","E"],"character_chosen":"THE_SILENT","items_purchased":["Omamori","PiercingWail"],"campfire_rested":1,"item_purchase_floors":[12,22],"current_hp_per_floor":[70,70,70,70,66,66,54,54,54,54,54,54,52,42,42,19,63,55,55,39,30,30,30,11,34,34,0],"gold":152,"neow_bonus":"TEN_PERCENT_HP_BONUS","is_prod":false,"is_daily":false,"chose_seed":false,"campfire_upgraded":5,"win_rate":0,"timestamp":1551465991,"path_taken":["M","M","M","?","?","R","E","R","T","R","?","$","M","E","R","BOSS","M","?","M","M","$","R","E","R","T","E"],"build_version":"2019-01-23","purchased_purges":1,"victory":false,"max_hp_per_floor":[77,77,77,77,77,77,77,77,77,77,77,77,77,77,77,77,77,77,77,77,77,77,77,77,77,77,77],"card_choices":[{"not_picked":["Flying Knee","Sucker Punch"],"picked":"Dagger Spray","floor":1},{"not_picked":["Prepared","Bane"],"picked":"Noxious Fumes","floor":2},{"not_picked":["Blade Dance","Slice"],"picked":"Skewer","floor":3},{"not_picked":["Skewer","Quick Slash"],"picked":"Well Laid Plans","floor":5},{"not_picked":["Blade Dance","Cloak And Dagger"],"picked":"Blur","floor":7},{"not_picked":["Deadly Poison","Dagger Spray"],"picked":"PiercingWail","floor":13},{"not_picked":["Prepared","Underhanded Strike"],"picked":"Quick Slash","floor":14},{"not_picked":["Die Die Die","After Image"],"picked":"Venomology","floor":16},{"not_picked":["Dagger Spray","Underhanded Strike","Dagger Throw"],"picked":"SKIP","floor":18},{"not_picked":["Dagger Throw","Outmaneuver"],"picked":"Deflect","floor":20},{"not_picked":["Flying Knee","Accuracy"],"picked":"Caltrops","floor":21},{"not_picked":["Backstab","Cloak And Dagger"],"picked":"Dodge and Roll","floor":24}],"player_experience":290570,"relics_obtained":[{"floor":7,"key":"Snake Skull"},{"floor":9,"key":"Ancient Tea Set"},{"floor":14,"key":"Whetstone"},{"floor":24,"key":"Du-Vu Doll"},{"floor":26,"key":"Tiny Chest"}],"event_choices":[{"damage_healed":0,"gold_gain":0,"cards_transformed":["Strike_G"],"player_choice":"Transformed","damage_taken":0,"max_hp_gain":0,"max_hp_loss":0,"event_name":"Transmorgrifier","floor":4,"gold_loss":0,"cards_obtained":["Dagger Throw"]},{"damage_healed":0,"gold_gain":0,"player_choice":"1 cards matched","damage_taken":0,"max_hp_gain":0,"max_hp_loss":0,"event_name":"Match and Keep!","floor":11,"gold_loss":0,"cards_obtained":["Neutralize"]},{"damage_healed":0,"gold_gain":0,"player_choice":"Smashed Altar","damage_taken":0,"max_hp_gain":0,"max_hp_loss":0,"event_name":"Forgotten Altar","floor":19,"gold_loss":0,"cards_obtained":["Decay"]}],"is_beta":false,"boss_relics":[{"not_picked":["Tiny House","Pandora\u0027s Box"],"picked":"Velvet Choker"}],"items_purged_floors":[22],"is_endless":false,"potions_floor_spawned":[3,5,7,16,21,24],"killed_by":"Slavers","ascension_level":10}