{"path_per_floor":["M","?","M","M","$","E","$","R","T","M","M","M","?","M","R","B",null,"M","$","?","M","?","R","$","R","T","M","M","M","M","$","R","B",null,"M","?","$","?","$","R","M","R","T","?","R","M","M","M","R"],"character_chosen":"THE_SILENT","items_purchased":["Noxious Fumes","Prepared","Backflip","Infinite Blades","Outmaneuver","Backflip","Catalyst","Caltrops"],"gold_per_floor":[118,118,133,145,48,83,32,32,32,47,62,79,79,89,89,194,194,204,12,12,22,22,22,22,22,101,119,134,153,167,22,22,120,120,140,140,33,33,33,33,52,52,105,105,105,117,137,154,154,154],"floor_reached":50,"campfire_rested":5,"playtime":3256,"current_hp_per_floor":[70,70,70,70,70,52,52,52,52,40,39,30,30,30,51,42,63,40,40,40,40,40,40,40,40,40,32,28,14,11,11,32,19,57,57,57,57,57,57,57,15,36,36,36,57,30,18,24,45,0],"items_purged":["Regret","Strike_G"],"gold":154,"score":589,"play_id":"f5973f2c-5d67-4e02-847b-2360c454dede","local_time":"20180329210748","is_prod":false,"is_daily":false,"is_ascension_mode":true,"campfire_upgraded":4,"timestamp":1522372068,"path_taken":["M","?","M","M","$","E","$","R","T","M","M","M","?","?","R","BOSS","M","$","?","?","?","R","$","R","T","?","M","M","?","$","R","BOSS","M","?","$","?","$","R","M","R","T","?","R","M","M","M","R","BOSS"],"build_version":"2018-03-22v2","purchased_purges":2,"victory":false,"master_deck":["Defend_G","Defend_G","Defend_G","Defend_G","Defend_G","Strike_G","Strike_G","Strike_G+1","Survivor","Deadly Poison","After Image","Concentrate+1","Noxious Fumes+1","Prepared","Dash","Backflip","Catalyst+1","Poisoned Stab+1","After Image+1","Caltrops","Adrenaline","Infinite Blades","Outmaneuver","Dodge and Roll+1","Infinite Blades","Acrobatics+1","Blur","Backflip","Malaise","Catalyst","Caltrops","Prepared+1","Prepared","Backflip+1"],"max_hp_per_floor":[70,70,70,70,70,70,70,70,70,70,70,70,70,70,70,70,70,70,70,70,70,70,70,70,70,70,70,70,70,70,70,70,70,70,70,70,70,70,70,70,70,70,70,70,70,70,70,70,70,70],"relics":["Ring of the Snake","Vajra","Dead Branch","Kunai","Sozu","Bottled Tornado","Lizard Tail","Whetstone"],"card_choices":[{"not_picked":["Bane","Quick Slash"],"picked":"Deadly Poison","floor":1.0},{"not_picked":["Dodge and Roll","Deadly Poison"],"picked":"After Image","floor":3.0},{"not_picked":["Dagger Throw","Choke"],"picked":"Concentrate","floor":4.0},{"not_picked":["Endless Agony","Sucker Punch"],"picked":"Dash","floor":6.0},{"not_picked":["PiercingWail","Terror"],"picked":"Catalyst","floor":10.0},{"not_picked":["Underhanded Strike","Dagger Spray"],"picked":"Poisoned Stab","floor":11.0},{"not_picked":["Dodge and Roll","Malaise"],"picked":"After Image","floor":12.0},{"not_picked":["All Out Attack","Deadly Poison"],"picked":"Caltrops","floor":14.0},{"not_picked":["Die Die Die","Grand Finale"],"picked":"Adrenaline","floor":16.0},{"not_picked":["Deflect","Deadly Poison"],"picked":"Dodge and Roll","floor":21.0},{"not_picked":["Acrobatics","Backflip"],"picked":"Infinite Blades","floor":28.0},{"not_picked":["PiercingWail","Outmaneuver"],"picked":"Acrobatics","floor":29.0},{"not_picked":["Prepared","Concentrate"],"picked":"Blur","floor":30.0},{"not_picked":["Dodge and Roll","Slice"],"picked":"Malaise","floor":35.0},{"not_picked":["PiercingWail","Deflect"],"picked":"Prepared","floor":41.0},{"not_picked":["Dodge and Roll","Poisoned Stab"],"picked":"Prepared","floor":46},{"not_picked":["Heel Hook","Acrobatics"],"picked":"Backflip","floor":48}],"player_experience":368044,"potions_floor_usage":[50],"damage_taken":[{"damage":0.0,"enemies":"2 Louse","floor":1.0,"turns":3.0},{"damage":0.0,"enemies":"Cultist","floor":3.0,"turns":4.0},{"damage":0.0,"enemies":"Jaw Worm","floor":4.0,"turns":5.0},{"damage":18.0,"enemies":"3 Sentries","floor":6.0,"turns":8.0},{"damage":12.0,"enemies":"Exordium Wildlife","floor":10.0,"turns":4.0},{"damage":1.0,"enemies":"Blue Slaver","floor":11.0,"turns":4.0},{"damage":9.0,"enemies":"3 Louse","floor":12.0,"turns":5.0},{"damage":0.0,"enemies":"Red Slaver","floor":14.0,"turns":5.0},{"damage":9.0,"enemies":"Slime Boss","floor":16.0,"turns":9.0},{"damage":23.0,"enemies":"2 Thieves","floor":18.0,"turns":4.0},{"damage":0.0,"enemies":"Shell Parasite","floor":21.0,"turns":5.0},{"damage":8.0,"enemies":"3 Cultists","floor":27.0,"turns":4.0},{"damage":4.0,"enemies":"Snecko","floor":28.0,"turns":5.0},{"damage":14.0,"enemies":"Sentry and Sphere","floor":29.0,"turns":5.0},{"damage":3.0,"enemies":"3 Cultists","floor":30.0,"turns":4.0},{"damage":13.0,"enemies":"Champ","floor":33.0,"turns":10.0},{"damage":0.0,"enemies":"Orb Walker","floor":35.0,"turns":5.0},{"damage":42.0,"enemies":"3 Darklings","floor":41.0,"turns":5.0},{"damage":27,"enemies":"4 Shapes","floor":46,"turns":6},{"damage":12,"enemies":"Maw","floor":47,"turns":6},{"damage":36,"enemies":"Sphere and 2 Shapes","floor":48,"turns":6},{"damage":51,"enemies":"Time Eater","floor":50,"turns":7}],"event_choices":[{"event_name":"Purifier","player_choice":"One Purge","floor":2.0,"damage_taken":0.0},{"event_name":"Big Fish","player_choice":"Box","floor":13.0,"damage_taken":0.0},{"event_name":"Drug Dealer","player_choice":"Ignored","floor":20.0,"damage_taken":0.0},{"event_name":"Cursed Tome","player_choice":"Ignored","floor":22.0,"damage_taken":0.0},{"event_name":"Mysterious Sphere","player_choice":"Ignore","floor":36.0,"damage_taken":0.0},{"event_name":"Tomb of Lord Red Mask","player_choice":"Ignored","floor":38.0,"damage_taken":0.0}],"boss_relics":[],"potions_floor_spawned":[10,12,14,16,27,29,33,41],"seed_played":"-3838588492895531228","killed_by":"Time Eater","ascension_level":5,"is_trial":false}