{"gold_per_floor":[115,115,140,12,12,12,33,33,33,49,72,72,72,72,72,195,195,213,232,232],"floor_reached":20,"playtime":979,"items_purged":[],"score":164,"play_id":"dd4bd4c9-0d1b-4ba7-938a-5fc96205e6b4","local_time":"20190211000802","is_ascension_mode":false,"campfire_choices":[{"data":"Sunder","floor":6,"key":"SMITH"},{"data":"Impatience","floor":8,"key":"SMITH"},{"data":"Zap","floor":13,"key":"SMITH"},{"data":"Conserve Battery","floor":15,"key":"SMITH"}],"neow_cost":"NONE","seed_source_timestamp":37665532164281,"circlet_count":0,"master_deck":["Strike_B","Strike_B","Strike_B","Defend_B","Defend_B","Defend_B","Defend_B","Zap+1","Dualcast","Cold Snap","Leap","Sunder+1","Impatience+1","Conserve Battery+1","Meteor Strike","Capacitor+1","Fission","Injury","Pain","Decay","Conserve Battery+1","Turbo"],"relics":["Cracked Core","NeowsBlessing","Golden Idol","Frozen Egg 2","Shuriken","Calling Bell","Orichalcum","The Courier","Pocketwatch"],"potions_floor_usage":[16,20,20],"damage_taken":[{"damage":0,"enemies":"Small Slimes","floor":1,"turns":1},{"damage":0,"enemies":"Jaw Worm","floor":3,"turns":1},{"damage":0,"enemies":"Cultist","floor":7,"turns":1},{"damage":2,"enemies":"Large Slime","floor":10,"turns":5},{"damage":10,"enemies":"Lots of Slimes","floor":11,"turns":3},{"damage":43,"enemies":"The Guardian","floor":16,"turns":14},{"damage":29,"enemies":"3 Byrds","floor":18,"turns":7},{"damage":3,"enemies":"Chosen","floor":19,"turns":4},{"damage":46,"enemies":"Centurion and Healer","floor":20,"turns":7}],"seed_played":"-3648199727997102683","potions_obtained":[{"floor":1,"key":"GamblersBrew"},{"floor":7,"key":"GamblersBrew"},{"floor":11,"key":"SpeedPotion"},{"floor":19,"key":"Strength Potion"}],"is_trial":false,"path_per_floor":["M","?","M","$","?","R","M","R","T","M","M","$","R","?","R","B",null,"M","M","M"],"character_chosen":"DEFECT","items_purchased":["Sunder","Impatience"],"campfire_rested":0,"item_purchase_floors":[4,4],"current_hp_per_floor":[75,57,57,57,57,57,57,57,57,55,45,45,45,45,45,2,75,46,43,0],"gold":232,"neow_bonus":"THREE_ENEMY_KILL","is_prod":false,"is_daily":false,"chose_seed":false,"campfire_upgraded":4,"win_rate":0,"timestamp":1549861682,"path_taken":["M","?","M","$","?","R","?","R","T","M","M","$","R","?","R","BOSS","M","?","M"],"build_version":"2019-01-23","purchased_purges":0,"victory":false,"max_hp_per_floor":[75,75,75,75,75,75,75,75,75,75,75,75,75,75,75,75,75,75,75,75],"card_choices":[{"not_picked":["Steam Power","Ball Lightning"],"picked":"Cold Snap","floor":1},{"not_picked":["Compile Driver","Streamline"],"picked":"Leap","floor":3},{"not_picked":["Rebound","BootSequence"],"picked":"Conserve Battery","floor":7},{"not_picked":["Double Energy","Leap"],"picked":"Meteor Strike","floor":10},{"not_picked":["Hologram","Static Discharge+1"],"picked":"Capacitor+1","floor":11},{"not_picked":["Thunder Strike","Seek"],"picked":"Fission","floor":16},{"not_picked":["Streamline","Cold Snap+1"],"picked":"Conserve Battery+1","floor":18},{"not_picked":["Cold Snap","Steam"],"picked":"Turbo","floor":19}],"player_experience":1029985,"relics_obtained":[{"floor":9,"key":"Frozen Egg 2"},{"floor":17,"key":"Orichalcum"},{"floor":17,"key":"The Courier"},{"floor":17,"key":"Pocketwatch"}],"event_choices":[{"damage_healed":0,"gold_gain":0,"player_choice":"Take Damage","damage_taken":18,"relics_obtained":["Golden Idol"],"max_hp_gain":0,"max_hp_loss":0,"event_name":"Golden Idol","floor":2,"gold_loss":0},{"cards_removed":["Strike_B"],"damage_healed":0,"gold_gain":0,"player_choice":"Offered Basic","damage_taken":0,"max_hp_gain":0,"max_hp_loss":0,"event_name":"Bonfire Elementals","floor":5,"gold_loss":0},{"damage_healed":0,"gold_gain":0,"player_choice":"Gave Potion","damage_taken":0,"relics_obtained":["Shuriken"],"max_hp_gain":0,"max_hp_loss":0,"event_name":"WeMeetAgain","floor":14,"gold_loss":0}],"is_beta":false,"boss_relics":[{"not_picked":["Busted Crown","Pandora\u0027s Box"],"picked":"Calling Bell"}],"items_purged_floors":[],"is_endless":false,"potions_floor_spawned":[1,7,11,19],"killed_by":"Centurion and Healer","ascension_level":0}