{"gold_per_floor":[111,186,200,219,219,219,245,245,245,245,4,19,48,48],"floor_reached":14,"playtime":346,"items_purged":[],"score":132,"play_id":"a33fe966-f389-41bf-b8d8-f954c2c10427","local_time":"20181222094707","is_ascension_mode":true,"campfire_choices":[{"data":"Dagger Spray","floor":6,"key":"SMITH"},{"floor":10,"key":"DIG"}],"neow_cost":"NONE","seed_source_timestamp":143813275658735,"circlet_count":0,"master_deck":["Defend_G","Defend_G","Defend_G","Defend_G","Defend_G","Strike_G","Strike_G","Strike_G","Strike_G","Strike_G","Survivor","Neutralize+1","Dagger Spray+1","Flying Knee","Quick Slash","Poisoned Stab","Corpse Explosion","Choke","Infinite Blades"],"relics":["Ring of the Snake","NeowsBlessing","Tough Bandages","Shovel","Dream Catcher","Mercury Hourglass","Sundial"],"potions_floor_usage":[7],"damage_taken":[{"damage":0,"enemies":"2 Louse","floor":1,"turns":1},{"damage":0,"enemies":"Cultist","floor":3,"turns":1},{"damage":0,"enemies":"Jaw Worm","floor":4,"turns":1},{"damage":32,"enemies":"Lagavulin","floor":7,"turns":7},{"damage":4,"enemies":"Lots of Slimes","floor":12,"turns":2},{"damage":13,"enemies":"Gremlin Nob","floor":13,"turns":4},{"damage":14,"enemies":"Exordium Thugs","floor":14,"turns":1}],"seed_played":"6706183453284592393","potions_obtained":[{"floor":3,"key":"Dexterity Potion"},{"floor":7,"key":"Weak Potion"}],"is_trial":false,"path_per_floor":["M","?","M","M","?","R","E","?","T","R","$","M","E","M"],"character_chosen":"THE_SILENT","items_purchased":["Mercury Hourglass"],"campfire_rested":0,"item_purchase_floors":[11],"current_hp_per_floor":[63,56,56,56,56,56,24,24,24,24,24,20,7,0],"gold":48,"neow_bonus":"THREE_ENEMY_KILL","is_prod":false,"is_daily":false,"chose_seed":false,"campfire_upgraded":1,"win_rate":0,"timestamp":1545490027,"path_taken":["M","?","?","M","?","R","E","?","T","R","$","M","E","M"],"build_version":"2018-12-20","purchased_purges":0,"victory":false,"max_hp_per_floor":[70,70,70,70,70,70,70,70,70,70,70,70,70,70],"card_choices":[{"not_picked":["Underhanded Strike","Calculated Gamble"],"picked":"Dagger Spray","floor":1},{"not_picked":["Outmaneuver","Dagger Throw"],"picked":"Flying Knee","floor":3},{"not_picked":["Dagger Spray","Dagger Throw"],"picked":"Quick Slash","floor":4},{"not_picked":["PiercingWail","Grand Finale"],"picked":"Poisoned Stab","floor":7},{"not_picked":["Eviscerate","Expertise"],"picked":"Choke","floor":12},{"not_picked":["Caltrops","Choke"],"picked":"Infinite Blades","floor":13}],"player_experience":334449,"relics_obtained":[{"floor":7,"key":"Tough Bandages"},{"floor":9,"key":"Shovel"},{"floor":10,"key":"Dream Catcher"},{"floor":13,"key":"Sundial"}],"event_choices":[{"damage_healed":0,"gold_gain":75,"player_choice":"Touch","damage_taken":7,"max_hp_gain":0,"max_hp_loss":0,"event_name":"FaceTrader","floor":2,"gold_loss":0},{"damage_healed":0,"gold_gain":0,"player_choice":"Grow","damage_taken":0,"max_hp_gain":0,"max_hp_loss":0,"event_name":"Living Wall","floor":5,"gold_loss":0,"cards_upgraded":["Neutralize"]},{"damage_healed":0,"gold_gain":0,"player_choice":"1 cards matched","damage_taken":0,"max_hp_gain":0,"max_hp_loss":0,"event_name":"Match and Keep!","floor":8,"gold_loss":0,"cards_obtained":["Corpse Explosion"]}],"is_beta":false,"boss_relics":[],"items_purged_floors":[],"is_endless":false,"potions_floor_spawned":[3,7],"killed_by":"Exordium Thugs","ascension_level":7}