{"path_per_floor":["M","$","M","M","M","R","E","R","T","M","E","M","R","?","R","B",null,"M","M","?","M","$","E","R","E","T","R","M","M","E","$","R","B",null,"M","M","M","?","$","E","R","$","T","R","E","?","E","M","R","B"],"character_chosen":"IRONCLAD","items_purchased":["Corruption","Flash of Steel","Feel No Pain","Battle Trance"],"gold_per_floor":[112,37,55,65,75,75,100,100,148,163,196,211,211,286,286,363,363,382,401,401,418,318,353,353,378,378,378,398,408,434,123,123,200,200,218,230,249,249,19,51,51,13,13,13,42,42,74,93,93,93],"floor_reached":51,"campfire_rested":1,"playtime":5764,"current_hp_per_floor":[72,72,77,76,77,77,68,68,68,69,61,65,65,54,54,29,65,56,58,53,38,38,24,39,28,28,28,53,43,63,63,63,11,50,63,63,63,63,63,62,62,62,62,62,63,63,77,77,77,39],"items_purged":["Parasite","Bite","Bite","Bite"],"gold":93,"score":1066,"play_id":"eb95d45a-d15c-4e48-959e-93ebdbd18fd4","is_prod":false,"is_daily":false,"is_ascension_mode":true,"campfire_upgraded":9,"path_taken":["M","$","M","M","M","R","E","R","T","M","E","M","R","?","R","BOSS","M","M","?","M","$","E","R","E","T","R","?","M","E","$","R","BOSS","M","M","?","?","$","E","R","?","T","R","E","?","E","?","R","BOSS"],"build_version":"2018-02-14-BETA1","purchased_purges":4,"victory":true,"master_deck":["Defend_R+1","Defend_R","Defend_R","Defend_R","Bash+1","Armaments+1","Iron Wave","Headbutt","Pommel Strike+1","Bloodletting","Rampage+1","Reaper","Battle Trance+1","Shrug It Off+1","Bite","Bite","Dual Wield+1","Spot Weakness","Shrug It Off","Shrug It Off","Corruption+1","Offering+1","Havoc","Pommel Strike+1","Feel No Pain+1","Battle Trance+1","Shrug It Off+1"],"max_hp_per_floor":[80,77,77,77,77,77,77,77,77,77,77,77,77,77,77,77,77,77,77,53,53,53,53,53,53,53,53,53,53,63,63,63,63,63,63,63,63,63,63,63,63,63,63,63,63,63,77,77,77,77],"relics":["Burning Blood","Sundial","Whetstone","Prayer Wheel","Cursed Key","Paper Frog","Red Skull","Pear","Sozu","Orichalcum","Regal Pillow","Mango"],"card_choices":[{"not_picked":["Flex","Rupture"],"picked":"Armaments"},{"not_picked":["Wild Strike","Twin Strike"],"picked":"Iron Wave"},{"not_picked":["Sword Boomerang","Warcry"],"picked":"Headbutt"},{"not_picked":["Perfected Strike","Heavy Blade"],"picked":"Pommel Strike"},{"not_picked":["Sword Boomerang","Twin Strike"],"picked":"Bloodletting"},{"not_picked":["Juggernaut","Uppercut"],"picked":"Rampage"},{"not_picked":["Exhume","Barricade"],"picked":"Reaper"},{"not_picked":["Pummel","Second Wind"],"picked":"Battle Trance"},{"not_picked":["Bloodletting","Clothesline"],"picked":"Shrug It Off"},{"not_picked":["Pummel","Anger"],"picked":"Dual Wield"},{"not_picked":["Seeing Red","Iron Wave"],"picked":"Spot Weakness"},{"not_picked":["Warcry","Barricade"],"picked":"Shrug It Off"},{"not_picked":["Clothesline","Clash"],"picked":"Shrug It Off"},{"not_picked":["Berserk","Feed"],"picked":"Offering"},{"not_picked":["Headbutt","Intimidate"],"picked":"Havoc"},{"not_picked":["Burning Pact","Infernal Blade"],"picked":"Pommel Strike"},{"not_picked":["Heavy Blade","Pommel Strike"],"picked":"Shrug It Off"}],"player_experience":232127,"potions_floor_usage":[7,18,21,21,23,23,25,30,30],"damage_taken":[{"damage":6,"enemies":"Small Slimes","floor":1,"turns":4},{"damage":0,"enemies":"Cultist","floor":3,"turns":3},{"damage":7,"enemies":"Jaw Worm","floor":4,"turns":3},{"damage":0,"enemies":"Exordium Wildlife","floor":5,"turns":6},{"damage":15,"enemies":"Lagavulin","floor":7,"turns":6},{"damage":5,"enemies":"Gremlin Gang","floor":10,"turns":5},{"damage":14,"enemies":"3 Sentries","floor":11,"turns":6},{"damage":2,"enemies":"Red Slaver","floor":12,"turns":4},{"damage":31,"enemies":"Slime Boss","floor":16,"turns":7},{"damage":15,"enemies":"2 Thieves","floor":18,"turns":4},{"damage":9,"enemies":"Spheric Guardian","floor":19,"turns":3},{"damage":40,"enemies":"Cultist and Chosen","floor":21,"turns":9},{"damage":59,"enemies":"Slavers","floor":23,"turns":10},{"damage":17,"enemies":"Book of Stabbing","floor":25,"turns":3},{"damage":13,"enemies":"3 Cultists","floor":28,"turns":5},{"damage":19,"enemies":"Chosen and Byrds","floor":29,"turns":6},{"damage":28,"enemies":"Gremlin Leader","floor":30,"turns":7},{"damage":69,"enemies":"Collector","floor":33,"turns":7},{"damage":4,"enemies":"Orb Walker","floor":35,"turns":3},{"damage":4,"enemies":"3 Shapes","floor":36,"turns":3},{"damage":20,"enemies":"3 Darklings","floor":37,"turns":5},{"damage":16,"enemies":"Nemesis","floor":40,"turns":5},{"damage":7,"enemies":"Giant Head","floor":45,"turns":3},{"damage":4,"enemies":"Nemesis","floor":47,"turns":5},{"damage":7,"enemies":"Maw","floor":48,"turns":2},{"damage":66,"enemies":"Donu and Deca","floor":50,"turns":9}],"event_choices":[{"event_name":"World of Goop","player_choice":"Gather Gold","floor":14,"damage_taken":0},{"event_name":"Vampires","player_choice":"Became a vampire","floor":20,"damage_taken":0},{"event_name":"Tomb of Lord Red Mask","player_choice":"Ignored","floor":38,"damage_taken":0}],"boss_relics":[{"not_picked":["Black Blood","Eternal Feather"],"picked":"Cursed Key"},{"not_picked":["Tiny House","Runic Pyramid"],"picked":"Sozu"}],"potions_floor_spawned":[3,4,10,16,19,21,23,28,29,36,37,48],"seed_played":"942372290510963051","ascension_level":13,"is_trial":false}