{"gold_per_floor":[109,259,279,279,297,297,327,327],"floor_reached":8,"playtime":202,"items_purged":[],"score":109,"play_id":"1c46c57b-9ef5-4cff-b104-0b66d7a0a8d5","local_time":"20190302220640","is_ascension_mode":true,"campfire_choices":[{"data":"Metallicize","floor":6,"key":"SMITH"}],"neow_cost":"NONE","seed_source_timestamp":89593237523375,"circlet_count":0,"master_deck":["AscendersBane","Strike_R","Strike_R","Strike_R","Strike_R","Strike_R","Defend_R","Defend_R","Defend_R","Defend_R","Bash+1","Sword Boomerang","Doubt","Metallicize+1","Flex","Combust"],"relics":["Burning Blood","NeowsBlessing","Bird Faced Urn"],"potions_floor_usage":[7],"damage_taken":[{"damage":0,"enemies":"Small Slimes","floor":1,"turns":1},{"damage":0,"enemies":"2 Louse","floor":3,"turns":1},{"damage":0,"enemies":"Cultist","floor":5,"turns":1},{"damage":60,"enemies":"Lagavulin","floor":7,"turns":10},{"damage":0,"enemies":"Gremlin Gang","floor":8,"turns":1}],"seed_played":"-960915174105489870","potions_obtained":[{"floor":3,"key":"Ancient Potion"}],"is_trial":false,"path_per_floor":["M","?","M","?","M","R","E","M"],"character_chosen":"IRONCLAD","items_purchased":[],"campfire_rested":0,"item_purchase_floors":[],"current_hp_per_floor":[74,74,75,75,75,75,21,21],"gold":327,"neow_bonus":"THREE_ENEMY_KILL","is_prod":false,"is_daily":false,"chose_seed":false,"campfire_upgraded":1,"win_rate":0,"timestamp":1551532000,"path_taken":["M","?","M","?","?","R","E","?"],"build_version":"2019-01-23","purchased_purges":0,"victory":false,"max_hp_per_floor":[75,75,75,75,75,75,75,75],"card_choices":[{"not_picked":["Anger","Wild Strike"],"picked":"Sword Boomerang","floor":1},{"not_picked":["Burning Pact","Twin Strike"],"picked":"Metallicize","floor":3},{"not_picked":["Havoc","Flex","Blood for Blood"],"picked":"SKIP","floor":5},{"not_picked":["Havoc","Blood for Blood"],"picked":"Flex","floor":5},{"not_picked":["Wild Strike","Iron Wave"],"picked":"Combust","floor":7}],"player_experience":1008351,"relics_obtained":[{"floor":7,"key":"Bird Faced Urn"}],"event_choices":[{"damage_healed":0,"gold_gain":150,"player_choice":"AGREE","damage_taken":0,"max_hp_gain":0,"max_hp_loss":0,"event_name":"Liars Game","floor":2,"gold_loss":0,"cards_obtained":["Doubt"]},{"damage_healed":0,"gold_gain":0,"player_choice":"Upgraded","damage_taken":0,"max_hp_gain":0,"max_hp_loss":0,"event_name":"Upgrade Shrine","floor":4,"gold_loss":0,"cards_upgraded":["Bash"]}],"is_beta":false,"boss_relics":[],"items_purged_floors":[],"is_endless":false,"potions_floor_spawned":[3],"killed_by":"Gremlin Gang","ascension_level":19}