{"gold_per_floor":[118,134,59,59,59,84,84,100,100,0,30,30,47,61,61,165,165,179,192,192,207,207,207,227,254,254,254,129,157,7,27,27,27],"floor_reached":33,"playtime":2092,"items_purged":["Strike_R","Strike_R","Strike_R","Defend_R"],"score":300,"play_id":"b74c9891-df6c-442e-8ac7-9f4ec8ac65fd","local_time":"20190224144013","is_ascension_mode":false,"campfire_choices":[{"data":"Bash","floor":12,"key":"SMITH"},{"data":"Dropkick","floor":15,"key":"SMITH"},{"floor":23,"key":"REST"},{"floor":27,"key":"REST"},{"floor":32,"key":"REST"}],"neow_cost":"NONE","seed_source_timestamp":760057902134675,"circlet_count":0,"master_deck":["Strike_R","Strike_R","Defend_R+1","Defend_R","Defend_R+1","Bash+1","Dropkick+1"],"relics":["Burning Blood","NeowsBlessing","Darkstone Periapt","Toxic Egg 2","Pocketwatch","Fusion Hammer","Red Mask","Sundial","War Paint"],"potions_floor_usage":[11,16,24,25,29,29],"damage_taken":[{"damage":0,"enemies":"Small Slimes","floor":1,"turns":1},{"damage":0,"enemies":"Cultist","floor":2,"turns":1},{"damage":0,"enemies":"Gremlin Nob","floor":6,"turns":1},{"damage":2,"enemies":"2 Louse","floor":8,"turns":2},{"damage":25,"enemies":"3 Sentries","floor":11,"turns":10},{"damage":1,"enemies":"2 Fungi Beasts","floor":13,"turns":6},{"damage":4,"enemies":"Blue Slaver","floor":14,"turns":5},{"damage":55,"enemies":"The Guardian","floor":16,"turns":13},{"damage":5,"enemies":"3 Byrds","floor":18,"turns":6},{"damage":38,"enemies":"Spheric Guardian","floor":19,"turns":6},{"damage":29,"enemies":"Chosen and Byrds","floor":21,"turns":8},{"damage":22,"enemies":"3 Cultists","floor":24,"turns":5},{"damage":31,"enemies":"Masked Bandits","floor":25,"turns":5},{"damage":36,"enemies":"Slavers","floor":29,"turns":6},{"damage":9,"enemies":"Centurion and Healer","floor":31,"turns":6},{"damage":28,"enemies":"Champ","floor":33,"turns":9}],"seed_played":"2092893041910800902","potions_obtained":[{"floor":8,"key":"SkillPotion"},{"floor":11,"key":"SkillPotion"},{"floor":14,"key":"Explosive Potion"},{"floor":19,"key":"LiquidBronze"},{"floor":21,"key":"Weak Potion"},{"floor":25,"key":"Weak Potion"},{"floor":31,"key":"GamblersBrew"}],"is_trial":false,"path_per_floor":["M","M","$","?","$","E","$","M","T","$","E","R","M","M","R","B",null,"M","M","?","M","?","R","M","?","T","R","$","E","$","M","R","B"],"character_chosen":"IRONCLAD","items_purchased":[],"campfire_rested":3,"item_purchase_floors":[],"current_hp_per_floor":[80,80,80,80,80,80,80,80,80,80,61,61,66,68,68,19,80,80,48,33,10,38,63,47,22,22,47,47,17,17,14,39,11],"gold":27,"neow_bonus":"THREE_ENEMY_KILL","is_prod":false,"is_daily":false,"chose_seed":false,"campfire_upgraded":2,"win_rate":0,"timestamp":1550986813,"path_taken":["M","M","$","?","$","E","$","?","T","?","E","R","M","M","R","BOSS","M","M","?","M","?","R","M","?","T","R","$","E","$","M","R","BOSS"],"build_version":"2019-01-23","purchased_purges":4,"victory":false,"max_hp_per_floor":[80,80,80,80,80,80,80,80,80,80,80,80,80,80,80,80,80,80,80,85,85,85,85,85,85,85,85,85,85,85,85,85,85],"card_choices":[{"not_picked":["Twin Strike","Wild Strike"],"picked":"Dropkick","floor":1},{"not_picked":["Havoc","Rupture","Warcry"],"picked":"SKIP","floor":2},{"not_picked":["Shrug It Off","Shockwave","Bludgeon"],"picked":"SKIP","floor":6},{"not_picked":["Sword Boomerang","Blood for Blood","Infernal Blade"],"picked":"SKIP","floor":8},{"not_picked":["Body Slam","Intimidate+1","Clothesline"],"picked":"SKIP","floor":11},{"not_picked":["Thunderclap","Armaments+1","Flex+1"],"picked":"SKIP","floor":13},{"not_picked":["Carnage","Clash","Heavy Blade"],"picked":"SKIP","floor":14},{"not_picked":["Entrench+1","Spot Weakness+1","True Grit+1"],"picked":"SKIP","floor":18},{"not_picked":["Perfected Strike","Wild Strike","Clothesline"],"picked":"SKIP","floor":19},{"not_picked":["True Grit+1","Rampage","Headbutt+1"],"picked":"SKIP","floor":21},{"not_picked":["Rupture","Reckless Charge+1","Inflame"],"picked":"SKIP","floor":24},{"not_picked":["Impervious+1","Power Through+1","Pommel Strike+1"],"picked":"SKIP","floor":29},{"not_picked":["Armaments+1","Iron Wave+1","Anger"],"picked":"SKIP","floor":31}],"player_experience":904397,"relics_obtained":[{"floor":6,"key":"Darkstone Periapt"},{"floor":9,"key":"Toxic Egg 2"},{"floor":11,"key":"Pocketwatch"},{"floor":25,"key":"Red Mask"},{"floor":26,"key":"Sundial"},{"floor":29,"key":"War Paint"}],"event_choices":[{"damage_healed":0,"gold_gain":0,"player_choice":"Bought 0 Potions","damage_taken":0,"max_hp_gain":0,"max_hp_loss":0,"event_name":"The Woman in Blue","floor":4,"gold_loss":0},{"damage_healed":0,"gold_gain":0,"player_choice":"Shed Blood","damage_taken":20,"max_hp_gain":5,"max_hp_loss":0,"event_name":"Forgotten Altar","floor":20,"gold_loss":0},{"damage_healed":28,"gold_gain":0,"player_choice":"Heal","damage_taken":0,"max_hp_gain":0,"max_hp_loss":0,"event_name":"The Library","floor":22,"gold_loss":0},{"damage_healed":0,"gold_gain":0,"player_choice":"Fought Bandits","damage_taken":0,"max_hp_gain":0,"max_hp_loss":0,"event_name":"Masked Bandits","floor":25,"gold_loss":0}],"is_beta":false,"boss_relics":[{"not_picked":["Ectoplasm","Runic Cube"],"picked":"Fusion Hammer"}],"items_purged_floors":[3,10,28,30],"is_endless":false,"potions_floor_spawned":[8,11,14,19,21,25,31],"killed_by":"Champ","ascension_level":0}