{"gold_per_floor":[111,111,124,124,199,199,274,308,308,322,340,340,57,72,72,171,171,188,203,478,493,72,100,100,120,120,120,148,148,148,148,148,148],"floor_reached":33,"playtime":2000,"items_purged":["Regret"],"score":391,"play_id":"2b495e59-a6df-440f-bb86-f7c6a76a2e86","local_time":"20181201162947","is_ascension_mode":true,"campfire_choices":[{"data":"Neutralize","floor":6,"key":"SMITH"},{"data":"Phantasmal Killer","floor":12,"key":"SMITH"},{"data":"Blade Dance","floor":15,"key":"SMITH"},{"data":"Bullet Time","floor":24,"key":"SMITH"},{"data":"Distraction","floor":27,"key":"SMITH"},{"floor":32,"key":"REST"}],"neow_cost":"NONE","seed_source_timestamp":669663446982166,"circlet_count":0,"master_deck":["Defend_G","Defend_G","Defend_G","Defend_G","Defend_G","Survivor","Neutralize+1","Flying Knee","Phantasmal Killer+1","Flying Knee","Well Laid Plans","Quick Slash","Footwork","Blade Dance+1","Bullet Time+1","PiercingWail","Calculated Gamble","Distraction+1","Poisoned Stab","Quick Slash","Choke+1","J.A.X.","Writhe","Bite","Bite","Bite","Bite","Bite"],"relics":["Ring of the Snake","NeowsBlessing","Bottled Flame","Dead Branch","OrangePellets","WristBlade","Dodecahedron","The Specimen","Paper Crane","Gremlin Horn","Frozen Egg 2"],"potions_floor_usage":[16,16,18,21,23,25,28,28],"damage_taken":[{"damage":0,"enemies":"2 Louse","floor":1,"turns":1},{"damage":0,"enemies":"Cultist","floor":3,"turns":1},{"damage":0,"enemies":"Gremlin Nob","floor":8,"turns":1},{"damage":4,"enemies":"Small Slimes","floor":10,"turns":4},{"damage":3,"enemies":"Looter","floor":11,"turns":3},{"damage":8,"enemies":"3 Louse","floor":14,"turns":5},{"damage":28,"enemies":"The Guardian","floor":16,"turns":6},{"damage":8,"enemies":"Shell Parasite","floor":18,"turns":3},{"damage":8,"enemies":"Chosen","floor":19,"turns":4},{"damage":14,"enemies":"Centurion and Healer","floor":21,"turns":6},{"damage":0,"enemies":"Gremlin Leader","floor":23,"turns":4},{"damage":14,"enemies":"Shelled Parasite and Fungi","floor":25,"turns":2},{"damage":5,"enemies":"Book of Stabbing","floor":28,"turns":6},{"damage":53,"enemies":"Collector","floor":33,"turns":6}],"seed_played":"-5518927529110359372","potions_obtained":[{"floor":2,"key":"FearPotion"},{"floor":2,"key":"Block Potion"},{"floor":2,"key":"Strength Potion"},{"floor":16,"key":"Poison Potion"},{"floor":21,"key":"Energy Potion"},{"floor":23,"key":"Fire Potion"},{"floor":25,"key":"GamblersBrew"}],"is_trial":false,"path_per_floor":["M","?","M","$","?","R","?","E","T","M","M","R","$","M","R","B",null,"M","M","?","M","$","E","R","M","T","R","E","?","?","?","R","B"],"character_chosen":"THE_SILENT","items_purchased":["OrangePellets","Footwork","Dodecahedron","Distraction","AttackPotion"],"campfire_rested":1,"item_purchase_floors":[13,13,22,22,22],"current_hp_per_floor":[70,70,70,70,59,59,52,52,52,48,45,45,45,37,37,9,70,62,54,54,40,40,40,40,26,26,26,21,21,21,21,35,0],"gold":148,"neow_bonus":"THREE_ENEMY_KILL","is_prod":false,"is_daily":false,"chose_seed":false,"campfire_upgraded":5,"win_rate":0,"timestamp":1543699787,"path_taken":["M","?","?","?","?","R","?","E","T","M","M","R","$","M","R","BOSS","M","?","?","M","$","E","R","?","T","R","E","?","?","?","R","BOSS"],"build_version":"2018-11-15","purchased_purges":1,"victory":false,"max_hp_per_floor":[70,70,70,70,70,70,70,70,70,70,70,70,70,70,70,70,70,70,70,70,70,70,70,70,70,70,70,70,70,70,49,49,49],"card_choices":[{"not_picked":["Blade Dance","PiercingWail"],"picked":"Flying Knee","floor":1},{"not_picked":["Flying Knee","Sucker Punch"],"picked":"Phantasmal Killer","floor":3},{"not_picked":["Predator","Slice"],"picked":"Flying Knee","floor":8},{"not_picked":["Deadly Poison","Slice"],"picked":"Well Laid Plans","floor":10},{"not_picked":["Backflip","Terror"],"picked":"Quick Slash","floor":11},{"not_picked":["Skewer","Backflip"],"picked":"Blade Dance","floor":14},{"not_picked":["Wraith Form v2","Die Die Die"],"picked":"Bullet Time","floor":16},{"not_picked":["Concentrate","Outmaneuver","Slice"],"picked":"SKIP","floor":18},{"not_picked":["Deadly Poison","Blur"],"picked":"PiercingWail","floor":19},{"not_picked":["Dagger Throw","Bane"],"picked":"Calculated Gamble","floor":21},{"not_picked":["Doppelganger","Deadly Poison"],"picked":"Poisoned Stab","floor":23},{"not_picked":["Deflect","Outmaneuver"],"picked":"Quick Slash","floor":25},{"not_picked":["Dodge and Roll+1","Backstab"],"picked":"Choke+1","floor":28}],"player_experience":209523,"relics_obtained":[{"floor":8,"key":"Bottled Flame"},{"floor":9,"key":"Dead Branch"},{"floor":23,"key":"The Specimen"},{"floor":26,"key":"Paper Crane"},{"floor":28,"key":"Gremlin Horn"}],"event_choices":[{"damage_healed":0,"gold_gain":0,"player_choice":"Got Potions","damage_taken":0,"max_hp_gain":0,"max_hp_loss":0,"event_name":"Lab","floor":2,"gold_loss":0},{"damage_healed":0,"gold_gain":75,"player_choice":"Gather Gold","damage_taken":11,"max_hp_gain":0,"max_hp_loss":0,"event_name":"World of Goop","floor":5,"gold_loss":0},{"damage_healed":0,"gold_gain":75,"player_choice":"Touch","damage_taken":7,"max_hp_gain":0,"max_hp_loss":0,"event_name":"FaceTrader","floor":7,"gold_loss":0},{"damage_healed":0,"gold_gain":275,"player_choice":"Desecrate","damage_taken":0,"max_hp_gain":0,"max_hp_loss":0,"event_name":"Golden Shrine","floor":20,"gold_loss":0,"cards_obtained":["Regret"]},{"damage_healed":0,"gold_gain":0,"player_choice":"Obtain J.A.X.","damage_taken":0,"max_hp_gain":0,"max_hp_loss":0,"event_name":"Drug Dealer","floor":29,"gold_loss":0,"cards_obtained":["J.A.X."]},{"damage_healed":0,"gold_gain":0,"player_choice":"Opened","damage_taken":0,"relics_obtained":["Frozen Egg 2"],"max_hp_gain":0,"max_hp_loss":0,"event_name":"The Mausoleum","floor":30,"gold_loss":0,"cards_obtained":["Writhe"]},{"damage_healed":0,"gold_gain":0,"player_choice":"Became a vampire","damage_taken":0,"max_hp_gain":0,"max_hp_loss":21,"event_name":"Vampires","floor":31,"gold_loss":0,"cards_obtained":["Bite","Bite","Bite","Bite","Bite"]}],"is_beta":false,"boss_relics":[{"not_picked":["Calling Bell","Snecko Eye"],"picked":"WristBlade"}],"items_purged_floors":[22],"is_endless":false,"potions_floor_spawned":[8,10,16,21,23,25],"killed_by":"Collector","ascension_level":2}