{"gold_per_floor":[215,235,246,13,26,59,59,84,136,136,136,172,192,117,117,211,211,232,251,166,303,329,341,373,418,484,539,551,563,575,613,625,711,723,753,785,897,922,949,987,1014,1026,1062,1074,1115,1127,1139,1163,1175,1187,1199,1211,1223,148,181,181],"floor_reached":57,"playtime":6370,"items_purged":["Strike_G","Endless Agony"],"score":2940,"play_id":"de2ed4db-cbc4-489e-a320-5aa7facc2528","local_time":"20181222135245","is_ascension_mode":true,"campfire_choices":[{"data":"Predator","floor":7,"key":"SMITH"},{"floor":10,"key":"REST"},{"floor":15,"key":"REST"},{"floor":23,"key":"REST"},{"data":"Wraith Form v2","floor":30,"key":"SMITH"},{"data":"Noxious Fumes","floor":32,"key":"SMITH"},{"data":"Catalyst","floor":44,"key":"SMITH"},{"floor":46,"key":"RECALL"},{"data":"Footwork","floor":49,"key":"SMITH"},{"data":"Caltrops","floor":53,"key":"SMITH"}],"neow_cost":"NONE","seed_source_timestamp":62082202742823,"circlet_count":0,"master_deck":["AscendersBane","Survivor","Neutralize","Predator+1","Flying Knee+1","Poisoned Stab","Leg Sweep","Die Die Die","Leg Sweep","Predator","Backflip","Cloak And Dagger+1","Wraith Form v2+1","Finisher+1","Well Laid Plans","Bullet Time","Crippling Poison","Leg Sweep","Noxious Fumes+1","Malaise","Well Laid Plans+1","Malaise","Catalyst+1","Venomology","Blade Dance","Caltrops+1","Calculated Gamble","Well Laid Plans","Acrobatics","Footwork+1","PiercingWail","Dodge and Roll","Envenom","PiercingWail","Corpse Explosion","Dodge and Roll"],"relics":["Ring of the Snake","Bronze Scales","Ninja Scroll","Dream Catcher","Bloody Idol","War Paint","Snecko Eye","MawBank","Pocketwatch","Paper Crane","Bag of Marbles","Vajra","Bag of Preparation","Whetstone","Pandora\u0027s Box","Bird Faced Urn","Orichalcum","Kunai","Tingsha","Bottled Tornado","OrangePellets","Strawberry"],"potions_floor_usage":[5,6,16,21,23,56,56],"damage_taken":[{"damage":6,"enemies":"Cultist","floor":1,"turns":5},{"damage":1,"enemies":"Jaw Worm","floor":2,"turns":4},{"damage":0,"enemies":"2 Louse","floor":3,"turns":3},{"damage":8,"enemies":"Exordium Thugs","floor":5,"turns":5},{"damage":12,"enemies":"3 Sentries","floor":6,"turns":6},{"damage":20,"enemies":"Lagavulin","floor":8,"turns":7},{"damage":8,"enemies":"Gremlin Nob","floor":12,"turns":3},{"damage":0,"enemies":"Large Slime","floor":13,"turns":4},{"damage":28,"enemies":"Slime Boss","floor":16,"turns":9},{"damage":12,"enemies":"Chosen","floor":18,"turns":5},{"damage":0,"enemies":"3 Byrds","floor":19,"turns":3},{"damage":7,"enemies":"Colosseum Slavers","floor":21,"turns":3},{"damage":16,"enemies":"Colosseum Nobs","floor":21,"turns":5},{"damage":0,"enemies":"Sentry and Sphere","floor":22,"turns":4},{"damage":0,"enemies":"Centurion and Healer","floor":24,"turns":5},{"damage":0,"enemies":"Slavers","floor":25,"turns":5},{"damage":0,"enemies":"Gremlin Leader","floor":27,"turns":3},{"damage":3,"enemies":"Book of Stabbing","floor":31,"turns":4},{"damage":6,"enemies":"Automaton","floor":33,"turns":10},{"damage":1,"enemies":"3 Darklings","floor":35,"turns":5},{"damage":0,"enemies":"Orb Walker","floor":36,"turns":3},{"damage":0,"enemies":"Mind Bloom Boss Battle","floor":37,"turns":8},{"damage":15,"enemies":"Spire Growth","floor":38,"turns":5},{"damage":11,"enemies":"Transient","floor":39,"turns":6},{"damage":8,"enemies":"Nemesis","floor":40,"turns":7},{"damage":7,"enemies":"Sphere and 2 Shapes","floor":41,"turns":6},{"damage":32,"enemies":"Giant Head","floor":45,"turns":8},{"damage":1,"enemies":"Maw","floor":48,"turns":8},{"damage":40,"enemies":"Donu and Deca","floor":50,"turns":15},{"damage":30,"enemies":"Awakened One","floor":51,"turns":18},{"damage":6,"enemies":"Shield and Spear","floor":55,"turns":5},{"damage":66,"enemies":"The Heart","floor":56,"turns":11}],"seed_played":"1682755194730267542","potions_obtained":[{"floor":1,"key":"Weak Potion"},{"floor":3,"key":"GamblersBrew"},{"floor":5,"key":"Explosive Potion"},{"floor":13,"key":"Poison Potion"},{"floor":18,"key":"Block Potion"},{"floor":21,"key":"Weak Potion"},{"floor":22,"key":"Fruit Juice"},{"floor":25,"key":"EssenceOfSteel"},{"floor":27,"key":"Dexterity Potion"},{"floor":37,"key":"Dexterity Potion"}],"is_trial":false,"path_per_floor":["M","M","M","$","M","E","R","E","T","R","?","E","M","?","R","B",null,"M","M","?","?","M","R","M","E","T","E","?","$","R","E","R","B",null,"M","M","?","M","M","E","M","?","T","R","E","R","?","M","R","B","B",null,"R","$","E","B",null],"character_chosen":"THE_SILENT","items_purchased":["Leg Sweep","Die Die Die","Corpse Explosion","Tingsha","Bottled Tornado","OrangePellets"],"campfire_rested":3,"item_purchase_floors":[4,4,54,54,54,54],"current_hp_per_floor":[53,52,52,52,44,32,32,12,12,31,31,23,23,23,41,13,48,36,36,36,13,13,37,37,37,37,37,37,42,47,54,59,63,65,65,65,65,63,65,65,65,62,62,62,41,46,41,62,62,38,29,55,60,62,69,19],"gold":181,"neow_bonus":"HUNDRED_GOLD","is_prod":false,"is_daily":false,"chose_seed":false,"campfire_upgraded":6,"win_rate":0,"timestamp":1545515565,"path_taken":["M","M","M","$","?","E","R","E","T","R","?","E","M","?","R","BOSS","M","M","?","?","M","R","M","E","T","E","?","$","R","E","R","BOSS","M","M","?","M","M","E","M","?","T","R","E","R","?","M","R","BOSS","BOSS","R","$","E","BOSS"],"build_version":"2018-12-20","purchased_purges":2,"victory":true,"max_hp_per_floor":[66,66,66,66,66,66,66,66,66,66,60,60,60,60,60,60,60,60,60,60,60,60,65,65,65,65,65,65,65,65,65,65,65,65,65,65,65,65,65,65,65,62,62,62,62,62,62,62,62,62,62,62,62,62,69,69],"card_choices":[{"not_picked":["Concentrate","PiercingWail"],"picked":"Predator","floor":1},{"not_picked":["Heel Hook","Terror"],"picked":"Flying Knee","floor":2},{"not_picked":["Setup","Prepared"],"picked":"Poisoned Stab","floor":3},{"not_picked":["Riddle With Holes","Escape Plan"],"picked":"Leg Sweep","floor":5},{"not_picked":["Night Terror","Choke"],"picked":"Predator","floor":6},{"not_picked":["Eviscerate","Deflect"],"picked":"Backflip","floor":8},{"not_picked":["Deadly Poison","Outmaneuver"],"picked":"Cloak And Dagger","floor":10},{"not_picked":["Bane","Slice"],"picked":"Wraith Form v2","floor":12},{"not_picked":["Dagger Spray","Bouncing Flask"],"picked":"Finisher","floor":13},{"not_picked":["Deflect","Endless Agony"],"picked":"Well Laid Plans","floor":15},{"not_picked":["Die Die Die","Phantasmal Killer"],"picked":"Bullet Time","floor":16},{"not_picked":["Concentrate","Catalyst"],"picked":"Crippling Poison","floor":18},{"not_picked":["Deadly Poison","Blur","Backstab"],"picked":"SKIP","floor":19},{"not_picked":["Riddle With Holes","Masterful Stab","Concentrate"],"picked":"SKIP","floor":22},{"not_picked":["Distraction","Deflect"],"picked":"Leg Sweep","floor":23},{"not_picked":["Poisoned Stab","Flying Knee","Dagger Spray"],"picked":"SKIP","floor":24},{"not_picked":["Backflip+1","Outmaneuver"],"picked":"Noxious Fumes","floor":25},{"not_picked":["Deflect+1","Poisoned Stab+1"],"picked":"Malaise","floor":27},{"not_picked":["Outmaneuver","Slice"],"picked":"Well Laid Plans+1","floor":31},{"not_picked":["A Thousand Cuts","Adrenaline"],"picked":"Malaise","floor":33},{"not_picked":["Infinite Blades","Outmaneuver","Blade Dance+1"],"picked":"SKIP","floor":35},{"not_picked":["Reflex","Prepared"],"picked":"Footwork","floor":36},{"not_picked":["Expertise","Backflip"],"picked":"PiercingWail","floor":37},{"not_picked":["PiercingWail","Backflip"],"picked":"Dodge and Roll","floor":38},{"not_picked":["Eviscerate","Escape Plan","Endless Agony"],"picked":"SKIP","floor":39},{"not_picked":["Dash","Reflex"],"picked":"Envenom","floor":40},{"not_picked":["Quick Slash","Dagger Throw"],"picked":"PiercingWail","floor":41},{"not_picked":["Noxious Fumes","Eviscerate","Deadly Poison"],"picked":"SKIP","floor":45},{"not_picked":["Setup","Bane","Dagger Throw"],"picked":"SKIP","floor":48},{"not_picked":["Quick Slash+1","Adrenaline"],"picked":"Dodge and Roll","floor":55}],"player_experience":3971319,"relics_obtained":[{"floor":6,"key":"Bronze Scales"},{"floor":8,"key":"Ninja Scroll"},{"floor":9,"key":"Dream Catcher"},{"floor":12,"key":"War Paint"},{"floor":21,"key":"Pocketwatch"},{"floor":21,"key":"Paper Crane"},{"floor":25,"key":"Bag of Marbles"},{"floor":26,"key":"Vajra"},{"floor":27,"key":"Bag of Preparation"},{"floor":31,"key":"Whetstone"},{"floor":37,"key":"Bird Faced Urn"},{"floor":40,"key":"Orichalcum"},{"floor":45,"key":"Kunai"},{"floor":55,"key":"Strawberry"}],"event_choices":[{"damage_healed":0,"gold_gain":0,"player_choice":"Lose Max HP","damage_taken":0,"relics_obtained":["Golden Idol"],"max_hp_gain":0,"max_hp_loss":6,"event_name":"Golden Idol","floor":11,"gold_loss":0},{"cards_removed":["Strike_G"],"damage_healed":0,"gold_gain":0,"player_choice":"Card Removal","damage_taken":0,"max_hp_gain":0,"max_hp_loss":0,"event_name":"The Cleric","floor":14,"gold_loss":75},{"damage_healed":0,"gold_gain":0,"player_choice":"Obtained Relic","damage_taken":0,"relics_obtained":["MawBank"],"max_hp_gain":0,"max_hp_loss":0,"event_name":"Addict","floor":20,"gold_loss":85},{"damage_healed":0,"gold_gain":0,"player_choice":"Fight","damage_taken":0,"max_hp_gain":0,"max_hp_loss":0,"event_name":"Colosseum","floor":21,"gold_loss":0},{"damage_healed":0,"gold_gain":0,"player_choice":"Fought Nobs","damage_taken":0,"max_hp_gain":0,"max_hp_loss":0,"event_name":"Colosseum","floor":21,"gold_loss":0},{"damage_healed":0,"gold_gain":0,"player_choice":"Gave Idol","damage_taken":0,"relics_obtained":["Bloody Idol"],"max_hp_gain":0,"max_hp_loss":0,"event_name":"Forgotten Altar","floor":28,"relics_lost":["Golden Idol"],"gold_loss":0},{"damage_healed":0,"gold_gain":0,"player_choice":"Fight","damage_taken":0,"max_hp_gain":0,"max_hp_loss":0,"event_name":"MindBloom","floor":37,"gold_loss":0},{"damage_healed":0,"gold_gain":0,"player_choice":"Max HP","damage_taken":0,"max_hp_gain":0,"max_hp_loss":3,"event_name":"Winding Halls","floor":42,"gold_loss":0},{"damage_healed":0,"gold_gain":0,"player_choice":"Memory 3","damage_taken":10,"max_hp_gain":0,"max_hp_loss":0,"event_name":"SensoryStone","floor":47,"gold_loss":0}],"is_beta":true,"boss_relics":[{"not_picked":["Velvet Choker","Astrolabe"],"picked":"Snecko Eye"},{"not_picked":["Calling Bell","Runic Pyramid"],"picked":"Pandora\u0027s Box"}],"items_purged_floors":[4,54],"is_endless":false,"potions_floor_spawned":[1,3,5,13,18,21,22,25,27,37,40,41,48],"ascension_level":20}