{"path_per_floor":["M","?","M","M","M","R","E","R","T","?","E","R","E","M","R","B",null,"M","M","T","M","M","R","E","R","T","R","T","$","E","M","R","B",null,"M","$","T","M","M","E","R","E","T","E","M","R","E","?","R","B"],"character_chosen":"IRONCLAD","items_purchased":["Flash of Steel","Burning Pact"],"gold_per_floor":[10,10,30,50,62,62,125,125,125,125,160,160,190,205,205,309,309,309,279,279,279,279,279,279,279,279,279,279,30,30,30,30,30,30,30,30,30,30,30,30,30,30,30,30,30,30,30,30,30,30],"floor_reached":51,"campfire_rested":0,"playtime":4302,"current_hp_per_floor":[59,64,70,64,64,64,56,56,66,66,53,53,57,63,63,49,85,87,89,89,91,90,90,94,94,94,94,94,94,96,100,100,101,101,101,101,108,99,107,111,111,110,110,86,89,89,86,89,89,86],"items_purged":["Strike_R"],"gold":30,"score":892,"play_id":"76bb1a4c-c3ca-4244-8fcf-1de9fd96c0ff","is_prod":false,"is_daily":false,"is_ascension_mode":true,"campfire_upgraded":11,"path_taken":["M","?","M","M","M","R","E","R","T","?","E","R","E","M","R","BOSS","M","M","?","M","M","R","E","R","T","R","?","$","E","M","R","BOSS","M","$","?","M","M","E","R","E","T","E","M","R","E","?","R","BOSS"],"build_version":"2018-02-08-BETA1","purchased_purges":1,"victory":true,"master_deck":["Strike_R","Strike_R","Strike_R+1","Defend_R+1","Defend_R+1","Defend_R+1","Bash+1","Offering+1","Inflame+1","Shrug It Off+1","Pommel Strike+1","Metallicize+1","Impervious+1","Limit Break+1","Battle Trance+1","Body Slam+1","Flex+1","Body Slam+1","Flash of Steel","Burning Pact+1","Heavy Blade+1","Impervious+1","Dual Wield","Battle Trance+1","Heavy Blade+1","Exhume","Bloodletting+1","Spot Weakness+1"],"max_hp_per_floor":[80,85,85,85,85,85,85,85,95,95,95,95,97,97,97,97,97,97,97,97,97,97,97,99,99,99,99,99,99,99,101,101,101,101,101,101,108,108,110,112,112,112,112,112,112,112,112,114,114,114],"relics":["Burning Blood","Tiny Chest","Pear","Singing Bowl","Mummified Hand","Ectoplasm","Anchor","War Paint","Lantern","Omamori","Blue Candle","Cursed Key","Strawberry","Shuriken","Whetstone","Blood Vial","Juzu Bracelet","Matryoshka","Torii"],"card_choices":[{"not_picked":["Heavy Blade","Havoc"],"picked":"Offering"},{"not_picked":["Warcry","Twin Strike"],"picked":"Inflame"},{"not_picked":["Sentinel","Twin Strike"],"picked":"Shrug It Off"},{"not_picked":["Reckless Charge","Clash"],"picked":"Pommel Strike"},{"not_picked":["Rampage","Iron Wave"],"picked":"Metallicize"},{"not_picked":["Pummel","Heavy Blade"],"picked":"Impervious"},{"not_picked":["Berserk","Brutality"],"picked":"Limit Break"},{"not_picked":["Thunderclap","Wild Strike"],"picked":"Battle Trance"},{"not_picked":["Infernal Blade","Bloodletting"],"picked":"Body Slam"},{"not_picked":["Iron Wave","Pummel"],"picked":"Flex"},{"not_picked":["Pommel Strike","Clothesline"],"picked":"Body Slam"},{"not_picked":["Sentinel","Juggernaut"],"picked":"Heavy Blade"},{"not_picked":["Immolate","Dark Embrace"],"picked":"Impervious"},{"not_picked":["Burning Pact","Havoc"],"picked":"Dual Wield"},{"not_picked":["Cleave","Body Slam"],"picked":"Battle Trance"},{"not_picked":["Warcry","Rupture"],"picked":"Heavy Blade"},{"not_picked":["Headbutt","Disarm"],"picked":"Exhume"},{"not_picked":["Battle Trance","True Grit"],"picked":"Bloodletting"},{"not_picked":["Sever Soul","Pommel Strike"],"picked":"Spot Weakness"}],"player_experience":89439,"potions_floor_usage":[5,11,21,22],"damage_taken":[{"damage":19,"enemies":"Small Slimes","floor":1,"turns":5},{"damage":0,"enemies":"2 Louse","floor":3,"turns":3},{"damage":12,"enemies":"Blue Slaver","floor":4,"turns":2},{"damage":6,"enemies":"Large Slime","floor":5,"turns":4},{"damage":14,"enemies":"Gremlin Nob","floor":7,"turns":3},{"damage":19,"enemies":"Lagavulin","floor":11,"turns":4},{"damage":4,"enemies":"Gremlin Nob","floor":13,"turns":2},{"damage":0,"enemies":"Exordium Thugs","floor":14,"turns":4},{"damage":20,"enemies":"The Guardian","floor":16,"turns":12},{"damage":4,"enemies":"Shell Parasite","floor":18,"turns":4},{"damage":4,"enemies":"2 Thieves","floor":19,"turns":2},{"damage":4,"enemies":"3 Cultists","floor":21,"turns":3},{"damage":7,"enemies":"Chosen and Byrds","floor":22,"turns":4},{"damage":4,"enemies":"Gremlin Leader","floor":24,"turns":4},{"damage":4,"enemies":"Book of Stabbing","floor":30,"turns":3},{"damage":4,"enemies":"Cultist and Chosen","floor":31,"turns":1},{"damage":4,"enemies":"Champ","floor":33,"turns":5},{"damage":0,"enemies":"Orb Walker","floor":35,"turns":2},{"damage":15,"enemies":"3 Shapes","floor":38,"turns":3},{"damage":0,"enemies":"Flame Bruiser 2 Orb","floor":39,"turns":3},{"damage":4,"enemies":"Nemesis","floor":40,"turns":4},{"damage":7,"enemies":"Giant Head","floor":42,"turns":3},{"damage":32,"enemies":"Nemesis","floor":44,"turns":7},{"damage":5,"enemies":"Sphere and 2 Shapes","floor":45,"turns":3},{"damage":11,"enemies":"Giant Head","floor":47,"turns":2},{"damage":7,"enemies":"Mysterious Sphere","floor":48,"turns":3},{"damage":11,"enemies":"Donu and Deca","floor":50,"turns":4}],"event_choices":[{"event_name":"Big Fish","player_choice":"Donut","floor":2,"damage_taken":0},{"event_name":"Upgrade Shrine","player_choice":"Upgraded","floor":10,"damage_taken":0},{"event_name":"Mysterious Sphere","player_choice":"Fight","floor":48,"damage_taken":0}],"boss_relics":[{"not_picked":["Snecko Eye","Velvet Choker"],"picked":"Ectoplasm"},{"not_picked":["Lizard Tail","Black Star"],"picked":"Cursed Key"}],"potions_floor_spawned":[3,4,5,11,14,18,21,24,31,35,39,45],"seed_played":"-7081780882095304023","ascension_level":6,"is_trial":false}