{"gold_per_floor":[118,137,152,327,327,327,342,342,342,355,365,56,56,67,67,170,170,188,103,118,131,131,131,57,57],"floor_reached":25,"playtime":1116,"items_purged":["Doubt"],"score":195,"play_id":"b7a53b91-bb71-45ef-88de-7e6807f0057f","local_time":"20190129021056","is_ascension_mode":false,"campfire_choices":[{"data":"Blizzard","floor":6,"key":"SMITH"},{"data":"Cold Snap","floor":8,"key":"SMITH"},{"data":"Consume","floor":13,"key":"SMITH"},{"data":"Glacier","floor":15,"key":"SMITH"},{"data":"Redo","floor":23,"key":"SMITH"}],"neow_cost":"NONE","seed_source_timestamp":1716322934219071,"circlet_count":0,"master_deck":["Strike_B","Strike_B","Strike_B","Strike_B","Defend_B","Defend_B","Defend_B","Defend_B","Zap","Dualcast","Conserve Battery","Gash","Blizzard+1","Core Surge","Cold Snap+1","Barrage","Redo+1","Consume+1","Glacier+1","Self Repair","FTL","Blizzard"],"relics":["Cracked Core","Strawberry","Cursed Key","Ornamental Fan"],"potions_floor_usage":[16,25],"damage_taken":[{"damage":0,"enemies":"Small Slimes","floor":1,"turns":3},{"damage":1,"enemies":"Cultist","floor":2,"turns":3},{"damage":0,"enemies":"Jaw Worm","floor":3,"turns":3},{"damage":9,"enemies":"Blue Slaver","floor":7,"turns":4},{"damage":4,"enemies":"Red Slaver","floor":10,"turns":4},{"damage":0,"enemies":"3 Louse","floor":11,"turns":3},{"damage":8,"enemies":"Looter","floor":14,"turns":3},{"damage":23,"enemies":"Slime Boss","floor":16,"turns":12},{"damage":3,"enemies":"Chosen","floor":18,"turns":4},{"damage":0,"enemies":"Spheric Guardian","floor":20,"turns":6},{"damage":29,"enemies":"Snake Plant","floor":21,"turns":6},{"damage":43,"enemies":"Book of Stabbing","floor":25,"turns":6}],"seed_played":"-5712716129118167060","potions_obtained":[{"floor":2,"key":"FocusPotion"},{"floor":11,"key":"AttackPotion"},{"floor":14,"key":"SmokeBomb"},{"floor":16,"key":"Fire Potion"}],"is_trial":false,"path_per_floor":["M","M","M","?","?","R","M","R","T","M","M","$","R","M","R","B",null,"M","?","M","M","?","R","$","E"],"character_chosen":"DEFECT","items_purchased":["Redo","Strawberry","Consume","Blizzard"],"campfire_rested":0,"item_purchase_floors":[12,12,12,24],"current_hp_per_floor":[75,74,74,74,74,74,65,65,65,61,61,68,68,60,60,37,82,79,79,79,57,41,41,41,0],"gold":57,"neow_bonus":"THREE_CARDS","is_prod":false,"is_daily":false,"chose_seed":false,"campfire_upgraded":5,"win_rate":0,"timestamp":1548745856,"path_taken":["M","M","M","?","?","R","M","R","T","M","M","$","R","M","R","BOSS","M","?","M","M","?","R","$","E"],"build_version":"2019-01-23","purchased_purges":1,"victory":false,"max_hp_per_floor":[75,75,75,75,75,75,75,75,75,75,75,82,82,82,82,82,82,82,82,82,82,87,87,87,87],"card_choices":[{"not_picked":["Skim","Steam Power"],"picked":"Conserve Battery","floor":0},{"not_picked":["Conserve Battery","Steam"],"picked":"Gash","floor":1},{"not_picked":["Self Repair","Loop"],"picked":"Blizzard","floor":2},{"not_picked":["Ball Lightning","Rebound","Skim"],"picked":"SKIP","floor":3},{"not_picked":["Sweeping Beam","Stack"],"picked":"Cold Snap","floor":7},{"not_picked":["Conserve Battery","Compile Driver"],"picked":"Barrage","floor":10},{"not_picked":["Force Field","Hyperbeam","Beam Cell"],"picked":"SKIP","floor":11},{"not_picked":["Rebound","Ball Lightning"],"picked":"Glacier","floor":14},{"not_picked":["Turbo","Double Energy","Sweeping Beam"],"picked":"SKIP","floor":18},{"not_picked":["Leap","Genetic Algorithm"],"picked":"Self Repair","floor":20},{"not_picked":["Lockon","Steam+1"],"picked":"FTL","floor":21}],"player_experience":959651,"relics_obtained":[],"event_choices":[{"damage_healed":0,"gold_gain":175,"player_choice":"AGREE","damage_taken":0,"max_hp_gain":0,"max_hp_loss":0,"event_name":"Liars Game","floor":4,"gold_loss":0,"cards_obtained":["Doubt"]},{"damage_healed":0,"gold_gain":0,"player_choice":"1 cards matched","damage_taken":0,"max_hp_gain":0,"max_hp_loss":0,"event_name":"Match and Keep!","floor":5,"gold_loss":0,"cards_obtained":["Core Surge"]},{"damage_healed":0,"gold_gain":0,"player_choice":"Obtained Relic","damage_taken":0,"relics_obtained":["Ornamental Fan"],"max_hp_gain":0,"max_hp_loss":0,"event_name":"Addict","floor":19,"gold_loss":85},{"damage_healed":0,"gold_gain":0,"player_choice":"Shed Blood","damage_taken":21,"max_hp_gain":5,"max_hp_loss":0,"event_name":"Forgotten Altar","floor":22,"gold_loss":0}],"is_beta":false,"boss_relics":[{"not_picked":["Velvet Choker","Black Star"],"picked":"Cursed Key"}],"items_purged_floors":[12],"is_endless":false,"potions_floor_spawned":[2,11,14,16,18],"killed_by":"Book of Stabbing","ascension_level":0}