{"gold_per_floor":[113,132,132,102,115,115,115,115,115,155,179,223,236,251,251,376,376,389,133,232,255,270,303,303,336,336,336,336,401,316,9,9,132,132,146,162,287,287,307,307,330,330,383,5,49,61,109,121,133,145],"floor_reached":50,"playtime":4023,"items_purged":[],"score":957,"play_id":"af3b85a2-cd60-47ab-b8e1-30db21c22331","local_time":"20181223193923","is_ascension_mode":true,"campfire_choices":[{"data":"Neutralize","floor":6,"key":"SMITH"},{"data":"Phantasmal Killer","floor":8,"key":"SMITH"},{"data":"Dash","floor":15,"key":"SMITH"},{"floor":24,"key":"REST"},{"floor":27,"key":"REST"},{"floor":32,"key":"REST"},{"floor":40,"key":"REST"},{"data":"Storm of Steel","floor":42,"key":"SMITH"},{"data":"After Image","floor":49,"key":"SMITH"}],"neow_cost":"NONE","seed_source_timestamp":262076368825671,"circlet_count":0,"master_deck":["Defend_G","Defend_G","Defend_G","Defend_G","Strike_G","Strike_G","Strike_G","Strike_G","Strike_G","Survivor+1","Neutralize+1","PiercingWail","Phantasmal Killer+1","Dash+1","Quick Slash","Accuracy","Distraction","Poisoned Stab","Infinite Blades","After Image+1","Acrobatics","Well Laid Plans","Blur","Infinite Blades+1","Flying Knee+1","Blur+1","Infinite Blades","Caltrops","Noxious Fumes","Storm of Steel+1","Backstab+1","Noxious Fumes","Acrobatics","Catalyst+1","Footwork","Slice"],"relics":["Ring of the Snake","NeowsBlessing","Golden Idol","Lantern","Meat on the Bone","War Paint","Kunai","Busted Crown","Membership Card","Regal Pillow","Bag of Preparation","The Courier","Tiny Chest","Omamori","Ninja Scroll","FossilizedHelix","Philosopher\u0027s Stone","Incense Burner","Orichalcum","Thread and Needle","Vajra","Anchor","Paper Crane","MawBank","Ice Cream"],"potions_floor_usage":[4,10,10,11,12,16,16,23,37,39,45,50],"damage_taken":[{"damage":0,"enemies":"2 Louse","floor":1,"turns":1},{"damage":0,"enemies":"Jaw Worm","floor":2,"turns":1},{"damage":0,"enemies":"Cultist","floor":5,"turns":1},{"damage":27,"enemies":"3 Sentries","floor":10,"turns":13},{"damage":0,"enemies":"Blue Slaver","floor":11,"turns":2},{"damage":27,"enemies":"Gremlin Nob","floor":12,"turns":6},{"damage":3,"enemies":"2 Fungi Beasts","floor":13,"turns":3},{"damage":4,"enemies":"3 Louse","floor":14,"turns":3},{"damage":6,"enemies":"The Guardian","floor":16,"turns":12},{"damage":11,"enemies":"Spheric Guardian","floor":18,"turns":4},{"damage":0,"enemies":"Chosen","floor":21,"turns":7},{"damage":25,"enemies":"3 Cultists","floor":22,"turns":7},{"damage":14,"enemies":"Book of Stabbing","floor":23,"turns":6},{"damage":34,"enemies":"Slavers","floor":25,"turns":6},{"damage":27,"enemies":"Gremlin Leader","floor":29,"turns":9},{"damage":58,"enemies":"Collector","floor":33,"turns":9},{"damage":12,"enemies":"3 Shapes","floor":35,"turns":5},{"damage":0,"enemies":"Orb Walker","floor":36,"turns":4},{"damage":0,"enemies":"Mind Bloom Boss Battle","floor":37,"turns":6},{"damage":42,"enemies":"4 Shapes","floor":39,"turns":6},{"damage":21,"enemies":"Jaw Worm Horde","floor":41,"turns":5},{"damage":33,"enemies":"Reptomancer","floor":45,"turns":5},{"damage":0,"enemies":"Giant Head","floor":47,"turns":7},{"damage":69,"enemies":"Awakened One","floor":50,"turns":5}],"seed_played":"-8180557034662842133","potions_obtained":[{"floor":2,"key":"Weak Potion"},{"floor":4,"key":"Fruit Juice"},{"floor":4,"key":"Poison Potion"},{"floor":5,"key":"SteroidPotion"},{"floor":11,"key":"Weak Potion"},{"floor":12,"key":"Swift Potion"},{"floor":14,"key":"GhostInAJar"},{"floor":22,"key":"Poison Potion"},{"floor":33,"key":"SkillPotion"},{"floor":36,"key":"LiquidBronze"},{"floor":41,"key":"Strength Potion"},{"floor":45,"key":"SpeedPotion"}],"is_trial":false,"path_per_floor":["M","M","?","?","M","R","?","R","T","E","M","E","M","M","R","B",null,"M","$","?","M","M","E","R","E","T","R","?","E","?","$","R","B",null,"M","M","?","?","M","R","M","R","T","$","E","?","E","$","R","B"],"character_chosen":"THE_SILENT","items_purchased":["Membership Card","Well Laid Plans","Blur","Ninja Scroll","FossilizedHelix","Infinite Blades","Caltrops","Noxious Fumes","Thread and Needle","Vajra","Anchor","Paper Crane","Footwork"],"campfire_rested":4,"item_purchase_floors":[19,19,19,31,31,31,31,31,44,44,44,44,44],"current_hp_per_floor":[63,63,63,68,68,68,56,56,56,41,41,26,35,43,43,37,62,51,51,51,51,38,36,70,36,36,70,70,43,43,43,70,24,59,47,47,47,47,17,53,44,44,44,44,23,61,61,61,61,0],"gold":145,"neow_bonus":"THREE_ENEMY_KILL","is_prod":false,"is_daily":false,"chose_seed":false,"campfire_upgraded":5,"win_rate":0,"timestamp":1545611963,"path_taken":["M","M","?","?","?","R","?","R","T","E","M","E","M","M","R","BOSS","M","$","?","M","M","E","R","E","T","R","?","E","?","$","R","BOSS","M","M","?","?","M","R","M","R","T","$","E","?","E","?","R","BOSS"],"build_version":"2018-12-20","purchased_purges":0,"victory":false,"max_hp_per_floor":[70,70,65,70,70,70,70,70,70,70,70,70,70,70,70,70,70,70,70,70,70,70,70,70,70,70,70,70,70,70,70,70,70,70,70,70,70,70,70,70,70,70,70,70,70,61,61,61,61,61],"card_choices":[{"not_picked":["Acrobatics","Sucker Punch"],"picked":"PiercingWail","floor":1},{"not_picked":["Slice","Deflect"],"picked":"Phantasmal Killer","floor":2},{"not_picked":["Leg Sweep","Heel Hook"],"picked":"Dash","floor":5},{"not_picked":["Poisoned Stab","Deflect"],"picked":"Quick Slash","floor":10},{"not_picked":["Dagger Throw","Prepared"],"picked":"Accuracy","floor":11},{"not_picked":["Acrobatics","Concentrate"],"picked":"Distraction","floor":12},{"not_picked":["Eviscerate","Prepared"],"picked":"Poisoned Stab","floor":13},{"not_picked":["Acrobatics","Setup"],"picked":"Infinite Blades","floor":14},{"not_picked":["Burst","Wraith Form v2"],"picked":"After Image","floor":16},{"not_picked":[],"picked":"Acrobatics","floor":18},{"not_picked":["Deflect"],"picked":"SKIP","floor":21},{"not_picked":["Underhanded Strike"],"picked":"SKIP","floor":22},{"not_picked":[],"picked":"Infinite Blades+1","floor":23},{"not_picked":[],"picked":"Flying Knee+1","floor":25},{"not_picked":[],"picked":"Blur+1","floor":29},{"not_picked":[],"picked":"Storm of Steel","floor":33},{"not_picked":[],"picked":"Backstab+1","floor":35},{"not_picked":[],"picked":"Noxious Fumes","floor":36},{"not_picked":[],"picked":"Acrobatics","floor":37},{"not_picked":["Dagger Throw"],"picked":"SKIP","floor":39},{"not_picked":[],"picked":"Catalyst+1","floor":41},{"not_picked":["Endless Agony+1"],"picked":"SKIP","floor":45},{"not_picked":[],"picked":"Slice","floor":47}],"player_experience":372825,"relics_obtained":[{"floor":9,"key":"Meat on the Bone"},{"floor":10,"key":"War Paint"},{"floor":12,"key":"Kunai"},{"floor":23,"key":"Regal Pillow"},{"floor":25,"key":"Bag of Preparation"},{"floor":26,"key":"The Courier"},{"floor":29,"key":"Tiny Chest"},{"floor":37,"key":"Incense Burner"},{"floor":43,"key":"Orichalcum"},{"floor":45,"key":"MawBank"},{"floor":47,"key":"Ice Cream"}],"event_choices":[{"damage_healed":0,"gold_gain":0,"player_choice":"Lose Max HP","damage_taken":0,"relics_obtained":["Golden Idol"],"max_hp_gain":0,"max_hp_loss":5,"event_name":"Golden Idol","floor":3,"gold_loss":0},{"damage_healed":0,"gold_gain":0,"player_choice":"Bought 2 Potions","damage_taken":0,"max_hp_gain":0,"max_hp_loss":0,"event_name":"The Woman in Blue","floor":4,"gold_loss":0},{"damage_healed":0,"gold_gain":0,"player_choice":"Success","damage_taken":12,"relics_obtained":["Lantern"],"max_hp_gain":0,"max_hp_loss":0,"event_name":"Scrap Ooze","floor":7,"gold_loss":0},{"damage_healed":0,"gold_gain":99,"player_choice":"Stole From Cult","damage_taken":0,"max_hp_gain":0,"max_hp_loss":0,"event_name":"Nest","floor":20,"gold_loss":0},{"damage_healed":0,"gold_gain":0,"player_choice":"Ignored","damage_taken":0,"max_hp_gain":0,"max_hp_loss":0,"event_name":"Beggar","floor":28,"gold_loss":0},{"damage_healed":0,"gold_gain":0,"player_choice":"Obtained Relic","damage_taken":0,"relics_obtained":["Omamori"],"max_hp_gain":0,"max_hp_loss":0,"event_name":"Addict","floor":30,"gold_loss":85},{"damage_healed":0,"gold_gain":0,"player_choice":"Fight","damage_taken":0,"max_hp_gain":0,"max_hp_loss":0,"event_name":"MindBloom","floor":37,"gold_loss":0},{"cards_removed":["Defend_G"],"damage_healed":0,"gold_gain":0,"player_choice":"Removed Skill","damage_taken":0,"max_hp_gain":0,"max_hp_loss":0,"event_name":"Falling","floor":38,"gold_loss":0},{"damage_healed":61,"gold_gain":0,"player_choice":"Heal","damage_taken":0,"max_hp_gain":0,"max_hp_loss":9,"event_name":"The Moai Head","floor":46,"gold_loss":0}],"is_beta":false,"boss_relics":[{"not_picked":["Lizard Tail","Astrolabe"],"picked":"Busted Crown"},{"not_picked":["Snecko Eye","Empty Cage"],"picked":"Philosopher\u0027s Stone"}],"items_purged_floors":[],"is_endless":false,"potions_floor_spawned":[2,5,11,12,14,22,33,36,41,45],"killed_by":"Awakened One","ascension_level":9}