{"path_per_floor":["M","M","?","?","M","E","R","M","T","R","M","?","M","M","R","B",null,"M","M","?","M"],"character_chosen":"THE_SILENT","items_purchased":[],"gold_per_floor":[110,127,127,127,147,176,176,194,265,265,276,276,286,306,306,407,407,418,438,363,378],"floor_reached":22,"campfire_rested":2,"playtime":1326,"current_hp_per_floor":[70,70,56,56,56,15,36,36,36,57,57,57,41,41,41,34,70,69,67,67,59],"items_purged":[],"gold":378,"score":216,"play_id":"10b09051-e5c1-46fb-8f45-78eeee5a275f","local_time":"20180310230255","is_prod":false,"is_daily":false,"is_ascension_mode":false,"campfire_upgraded":1,"timestamp":1520740975,"path_taken":["M","M","?","?","M","E","R","M","T","R","M","?","?","M","R","BOSS","M","M","?","?","M"],"build_version":"2018-03-09","purchased_purges":0,"victory":false,"master_deck":["Survivor","Neutralize","Cloak And Dagger+1","Cloak And Dagger","Malaise","Cloak And Dagger+1","After Image","Noxious Fumes","Deadly Poison","Backflip","Calculated Gamble","Dash","Dash","Cloak And Dagger","Flying Knee","Concentrate+1"],"max_hp_per_floor":[70,70,70,70,70,70,70,70,70,70,70,70,70,70,70,70,70,70,70,70,70],"relics":["Ring of the Snake","NeowsBlessing","Lantern","Pantograph","Pandora\u0027s Box"],"card_choices":[{"not_picked":["Dagger Throw","Slice"],"picked":"Cloak And Dagger"},{"not_picked":["Acrobatics","Heel Hook"],"picked":"Cloak And Dagger"},{"not_picked":["Deadly Poison","Predator"],"picked":"Malaise"},{"not_picked":["Dagger Throw","PiercingWail"],"picked":"Cloak And Dagger"},{"not_picked":["Glass Knife","Wraith Form"],"picked":"After Image"},{"not_picked":["Sucker Punch","Deadly Poison"],"picked":"Concentrate"}],"player_experience":232931,"potions_floor_usage":[],"damage_taken":[{"damage":0.0,"enemies":"Jaw Worm","floor":1.0,"turns":1.0},{"damage":0.0,"enemies":"2 Louse","floor":2.0,"turns":1.0},{"damage":0.0,"enemies":"Small Slimes","floor":5.0,"turns":1.0},{"damage":41.0,"enemies":"Gremlin Nob","floor":6.0,"turns":6.0},{"damage":0.0,"enemies":"3 Louse","floor":8.0,"turns":4.0},{"damage":0.0,"enemies":"Red Slaver","floor":11.0,"turns":4.0},{"damage":16.0,"enemies":"Exordium Thugs","floor":13.0,"turns":7.0},{"damage":0.0,"enemies":"3 Louse","floor":14.0,"turns":3.0},{"damage":32.0,"enemies":"Slime Boss","floor":16.0,"turns":11.0},{"damage":1.0,"enemies":"Chosen","floor":18.0,"turns":8.0},{"damage":2,"enemies":"3 Byrds","floor":19,"turns":7},{"damage":8,"enemies":"Snake Plant","floor":21,"turns":11},{"damage":14,"enemies":"Centurion and Healer","floor":22,"turns":5}],"event_choices":[{"event_name":"Shining Light","player_choice":"Entered Light","floor":3.0,"damage_taken":0.0},{"event_name":"Living Wall","player_choice":"Grow","floor":4.0,"damage_taken":0.0},{"event_name":"Bonfire Elementals","player_choice":"BASIC","floor":12.0,"damage_taken":0.0},{"event_name":"Beggar","player_choice":"Gave Gold","floor":20,"damage_taken":0}],"boss_relics":[],"potions_floor_spawned":[2,5,13,14,18],"seed_played":"1574953281781219868","killed_by":"Centurion and Healer","ascension_level":0,"is_trial":false}