{"gold_per_floor":[114,128,128,139,139,139,174,22,97,97,97,112,35,68,68,68],"floor_reached":16,"playtime":1193,"items_purged":[],"score":238,"play_id":"1195fcc4-3638-4958-bc39-b2e4bc4d567c","local_time":"20190302175543","is_ascension_mode":true,"campfire_choices":[{"data":"Neutralize","floor":6,"key":"SMITH"},{"data":"Footwork","floor":10,"key":"SMITH"},{"data":"Tools of the Trade","floor":15,"key":"SMITH"}],"neow_cost":"NONE","seed_source_timestamp":253800844038421,"circlet_count":0,"master_deck":["AscendersBane","Defend_G+1","Defend_G","Defend_G","Defend_G","Defend_G","Strike_G","Strike_G","Strike_G+1","Strike_G","Strike_G","Survivor","Neutralize+1","Deadly Poison+1","Dagger Throw","Corpse Explosion","Footwork+1","Deflect","Blur","Tools of the Trade+1"],"relics":["Ring of the Snake","Ancient Tea Set","Gremlin Horn","Mango"],"potions_floor_usage":[7,14],"damage_taken":[{"damage":9,"enemies":"Small Slimes","floor":1,"turns":6},{"damage":0,"enemies":"2 Louse","floor":2,"turns":2},{"damage":2,"enemies":"Jaw Worm","floor":4,"turns":5},{"damage":29,"enemies":"3 Sentries","floor":7,"turns":11},{"damage":1,"enemies":"Red Slaver","floor":12,"turns":4},{"damage":0,"enemies":"Lagavulin","floor":14,"turns":8},{"damage":41,"enemies":"Slime Boss","floor":16,"turns":13}],"seed_played":"1563713061314173408","potions_obtained":[{"floor":2,"key":"Weak Potion"},{"floor":4,"key":"GamblersBrew"}],"is_trial":false,"path_per_floor":["M","M","?","M","?","R","E","$","T","R","?","M","$","E","R","B"],"character_chosen":"THE_SILENT","items_purchased":["Corpse Explosion","Footwork","Blur"],"campfire_rested":0,"item_purchase_floors":[8,8,13],"current_hp_per_floor":[61,61,66,64,64,64,35,35,35,35,19,18,18,32,32,0],"gold":68,"neow_bonus":"TEN_PERCENT_HP_BONUS","is_prod":false,"is_daily":false,"chose_seed":false,"campfire_upgraded":3,"win_rate":0,"timestamp":1551567343,"path_taken":["M","M","?","M","?","R","E","$","T","R","?","?","?","E","R","BOSS"],"build_version":"2019-01-23","purchased_purges":0,"victory":false,"max_hp_per_floor":[77,77,82,82,82,82,82,82,82,82,82,82,82,96,96,96],"card_choices":[{"not_picked":["Backflip","Acrobatics"],"picked":"Deadly Poison","floor":1},{"not_picked":["Setup","Underhanded Strike"],"picked":"Dagger Throw","floor":2},{"not_picked":["Acrobatics","Prepared","Cloak And Dagger"],"picked":"SKIP","floor":4},{"not_picked":["Deflect","Acrobatics","Infinite Blades"],"picked":"SKIP","floor":7},{"not_picked":["Flying Knee","Grand Finale"],"picked":"Deflect","floor":12},{"not_picked":["Sucker Punch","Accuracy"],"picked":"Tools of the Trade","floor":14}],"player_experience":344303,"relics_obtained":[{"floor":7,"key":"Ancient Tea Set"},{"floor":9,"key":"Gremlin Horn"},{"floor":14,"key":"Mango"}],"event_choices":[{"damage_healed":0,"gold_gain":0,"player_choice":"Donut","damage_taken":0,"max_hp_gain":5,"max_hp_loss":0,"event_name":"Big Fish","floor":3,"gold_loss":0},{"damage_healed":0,"gold_gain":0,"player_choice":"Grow","damage_taken":0,"max_hp_gain":0,"max_hp_loss":0,"event_name":"Living Wall","floor":5,"gold_loss":0,"cards_upgraded":["Deadly Poison"]},{"damage_healed":0,"gold_gain":0,"player_choice":"Entered Light","damage_taken":16,"max_hp_gain":0,"max_hp_loss":0,"event_name":"Shining Light","floor":11,"gold_loss":0,"cards_upgraded":["Defend_G","Strike_G"]}],"is_beta":false,"boss_relics":[],"items_purged_floors":[],"is_endless":false,"potions_floor_spawned":[2,4],"killed_by":"Slime Boss","ascension_level":12}