{"gold_per_floor":[111,127,139,64,139,139,165,165,165,182,209,209,209,219,219,315,315,333,352,32,49,60,60,85,105,151,19,19,19,29,42,42,139,139,159,176,176,191,191,191,226,226,226,256,276,81,0,15,15,15],"floor_reached":51,"playtime":2690,"items_purged":["Strike_B"],"score":1011,"play_id":"92b4f437-36e4-4bd7-bdc8-ef47819fbf4f","local_time":"20190301174138","is_ascension_mode":true,"campfire_choices":[{"data":"Sunder","floor":6.0,"key":"SMITH"},{"floor":8.0,"key":"REST"},{"data":"Hologram","floor":12.0,"key":"SMITH"},{"data":"Hologram","floor":15.0,"key":"SMITH"},{"data":"Reinforced Body","floor":23.0,"key":"SMITH"},{"data":"Streamline","floor":29,"key":"SMITH"},{"data":"Defragment","floor":32,"key":"SMITH"},{"floor":40,"key":"REST"},{"data":"Defragment","floor":42,"key":"SMITH"},{"data":"Rainbow","floor":49,"key":"SMITH"}],"neow_cost":"NONE","seed_source_timestamp":140010244951293,"circlet_count":0,"master_deck":["Strike_B","Strike_B","Strike_B","Defend_B","Defend_B","Defend_B","Defend_B","Zap","Dualcast","Sunder+1","Hologram+1","Hologram+1","Reinforced Body+1","Machine Learning","Echo Form","Self Repair","Conserve Battery+1","Defragment+1","Chill","Streamline+1","Glacier","Reinforced Body","Streamline+1","Rainbow+1","Conserve Battery+1","Electrodynamics","Chill","Tempest+1","Defragment+1","Streamline+1"],"special_seed":0,"relics":["Velvet Choker","Peace Pipe","FossilizedHelix","DataDisk","Lantern","Nuclear Battery","Meat on the Bone","Bottled Flame","Potion Belt","Orrery","Pantograph","Bottled Tornado","Art of War","Sundial","Chemical X","Red Mask"],"potions_floor_usage":[50],"damage_taken":[{"damage":1.0,"enemies":"Cultist","floor":1.0,"turns":4.0},{"damage":6.0,"enemies":"2 Louse","floor":2.0,"turns":2.0},{"damage":7.0,"enemies":"Small Slimes","floor":3.0,"turns":2.0},{"damage":17.0,"enemies":"3 Sentries","floor":7.0,"turns":6.0},{"damage":0.0,"enemies":"Gremlin Gang","floor":10.0,"turns":4.0},{"damage":9.0,"enemies":"Gremlin Nob","floor":11.0,"turns":5.0},{"damage":0.0,"enemies":"Exordium Thugs","floor":14.0,"turns":3.0},{"damage":16.0,"enemies":"Hexaghost","floor":16.0,"turns":9.0},{"damage":1.0,"enemies":"2 Thieves","floor":18.0,"turns":3.0},{"damage":9.0,"enemies":"Shell Parasite","floor":19.0,"turns":6.0},{"damage":0.0,"enemies":"Centurion and Healer","floor":21.0,"turns":6.0},{"damage":8.0,"enemies":"3 Cultists","floor":22.0,"turns":6.0},{"damage":18.0,"enemies":"Gremlin Leader","floor":24.0,"turns":12.0},{"damage":0.0,"enemies":"Snake Plant","floor":25.0,"turns":5.0},{"damage":3,"enemies":"Centurion and Healer","floor":30,"turns":7},{"damage":0,"enemies":"Snecko","floor":31,"turns":5},{"damage":22,"enemies":"Champ","floor":33,"turns":11},{"damage":19,"enemies":"3 Darklings","floor":35,"turns":4},{"damage":0,"enemies":"3 Shapes","floor":36,"turns":4},{"damage":16,"enemies":"Jaw Worm Horde","floor":38,"turns":5},{"damage":0,"enemies":"Reptomancer","floor":41,"turns":6},{"damage":0,"enemies":"Nemesis","floor":44,"turns":3},{"damage":10,"enemies":"Transient","floor":45,"turns":5},{"damage":1,"enemies":"Writhing Mass","floor":48,"turns":6},{"damage":15,"enemies":"Awakened One","floor":50,"turns":16}],"seed_played":"-1890975034820107889","potions_obtained":[{"floor":3.0,"key":"Energy Potion"},{"floor":10.0,"key":"Strength Potion"},{"floor":14.0,"key":"Fire Potion"},{"floor":16.0,"key":"Energy Potion"},{"floor":18.0,"key":"LiquidBronze"},{"floor":19.0,"key":"FearPotion"},{"floor":30,"key":"SpeedPotion"},{"floor":38,"key":"Ancient Potion"},{"floor":45,"key":"Strength Potion"},{"floor":48,"key":"SneckoOil"}],"is_trial":false,"path_per_floor":["M","M","M","$","?","R","E","R","T","M","E","R","?","M","R","B",null,"M","M","$","M","M","R","E","M","T","$","?","R","M","M","R","B",null,"M","M","T","M","?","R","E","R","T","E","M","$","?","M","R","B",null],"character_chosen":"DEFECT","items_purchased":["Meat on the Bone","Defragment","Reinforced Body","Streamline","Chemical X"],"campfire_rested":2,"item_purchase_floors":[20,20,27,27,46],"current_hp_per_floor":[67,61,54,54,43,43,26,48,48,48,39,39,36,36,36,20,61,60,58,58,65,64,64,53,60,60,60,60,60,64,64,64,49,69,50,57,57,48,48,70,75,75,75,75,72,72,72,71,71,60],"gold":15,"neow_bonus":"BOSS_RELIC","is_prod":false,"is_daily":false,"chose_seed":false,"campfire_upgraded":8,"win_rate":0,"timestamp":1551483698,"path_taken":["M","M","M","$","?","R","E","R","T","M","E","R","?","M","R","BOSS","M","M","$","M","M","R","E","M","T","$","?","R","M","M","R","BOSS","M","M","?","?","?","R","E","R","T","E","?","$","?","M","R","BOSS"],"build_version":"2019-01-23","purchased_purges":1,"victory":true,"max_hp_per_floor":[75,75,75,75,75,75,75,75,75,75,75,75,75,75,75,75,75,75,75,75,75,75,75,75,75,75,75,75,75,75,75,75,75,75,75,75,75,75,75,75,75,75,75,75,75,75,75,75,75,75],"card_choices":[{"not_picked":["Cold Snap","Conserve Battery"],"picked":"Sunder","floor":1.0},{"not_picked":["Ball Lightning","Redo"],"picked":"Hologram","floor":2.0},{"not_picked":["Stack","Auto Shields"],"picked":"Hologram","floor":3.0},{"not_picked":["Steam","Sunder"],"picked":"Reinforced Body","floor":7.0},{"not_picked":["Stack","Turbo"],"picked":"Machine Learning","floor":10.0},{"not_picked":["Go for the Eyes","Heatsinks","Gash"],"picked":"SKIP","floor":11.0},{"not_picked":["Sweeping Beam","Go for the Eyes","Steam Power"],"picked":"SKIP","floor":14.0},{"not_picked":["Biased Cognition","Meteor Strike"],"picked":"Echo Form","floor":16.0},{"not_picked":["Go for the Eyes","Hologram"],"picked":"Self Repair","floor":18.0},{"not_picked":["Leap+1","Steam+1"],"picked":"Conserve Battery+1","floor":19.0},{"not_picked":["Sweeping Beam","Rebound","Barrage"],"picked":"SKIP","floor":21.0},{"not_picked":["Cold Snap","Recycle"],"picked":"Chill","floor":22.0},{"not_picked":["Seek","Go for the Eyes"],"picked":"Streamline","floor":24.0},{"not_picked":["Turbo","Barrage"],"picked":"Glacier","floor":25.0},{"not_picked":["Auto Shields","Compile Driver+1","Turbo+1"],"picked":"SKIP","floor":30},{"not_picked":["Redo","Amplify","Compile Driver"],"picked":"SKIP","floor":31},{"not_picked":["Fission","Buffer"],"picked":"Rainbow","floor":33},{"not_picked":["Reprogram","Glacier"],"picked":"Conserve Battery+1","floor":34},{"not_picked":["Coolheaded","Chill"],"picked":"Electrodynamics","floor":34},{"not_picked":["Stack+1","Redo+1"],"picked":"Chill","floor":34},{"not_picked":["Consume","Redo"],"picked":"Tempest+1","floor":34},{"not_picked":["Rebound+1","Ball Lightning+1","Leap"],"picked":"SKIP","floor":35},{"not_picked":["Turbo+1","Redo","Aggregate"],"picked":"SKIP","floor":36},{"not_picked":["Chaos","Conserve Battery+1"],"picked":"Defragment","floor":38},{"not_picked":["Hello World+1","Beam Cell+1","Sunder"],"picked":"SKIP","floor":41},{"not_picked":["Barrage","Core Surge","Gash+1"],"picked":"SKIP","floor":44},{"not_picked":["Sweeping Beam+1","Fusion","Coolheaded+1"],"picked":"SKIP","floor":45},{"not_picked":["FTL+1","Sweeping Beam"],"picked":"Streamline+1","floor":48}],"player_experience":618729,"relics_obtained":[{"floor":7.0,"key":"Peace Pipe"},{"floor":9.0,"key":"FossilizedHelix"},{"floor":11.0,"key":"DataDisk"},{"floor":24.0,"key":"Bottled Flame"},{"floor":26.0,"key":"Potion Belt"},{"floor":37,"key":"Pantograph"},{"floor":41,"key":"Bottled Tornado"},{"floor":43,"key":"Art of War"},{"floor":44,"key":"Sundial"}],"event_choices":[{"damage_healed":0.0,"max_hp_gain":0.0,"max_hp_loss":0.0,"gold_gain":75.0,"event_name":"World of Goop","player_choice":"Gather Gold","floor":5.0,"gold_loss":0.0,"damage_taken":11.0},{"damage_healed":0.0,"max_hp_gain":0.0,"max_hp_loss":0.0,"gold_gain":0.0,"event_name":"Scrap Ooze","player_choice":"Success","floor":13.0,"gold_loss":0.0,"damage_taken":3.0,"relics_obtained":["Lantern"]},{"damage_healed":0,"gold_gain":0,"player_choice":"Upgraded","damage_taken":0,"max_hp_gain":0,"max_hp_loss":0,"event_name":"Upgrade Shrine","floor":28,"gold_loss":0,"cards_upgraded":["Streamline"]},{"damage_healed":0,"gold_gain":0,"player_choice":"Ignored","damage_taken":0,"max_hp_gain":0,"max_hp_loss":0,"event_name":"Transmorgrifier","floor":39,"gold_loss":0},{"damage_healed":0,"gold_gain":0,"player_choice":"Paid","damage_taken":0,"relics_obtained":["Red Mask"],"max_hp_gain":0,"max_hp_loss":0,"event_name":"Tomb of Lord Red Mask","floor":47,"gold_loss":81}],"is_beta":false,"boss_relics":[{"not_picked":["Fusion Hammer","Lizard Tail"],"picked":"Nuclear Battery"},{"not_picked":["Busted Crown","Eternal Feather"],"picked":"Orrery"}],"items_purged_floors":[4],"is_endless":false,"potions_floor_spawned":[3,10,14,16,18,19,30,38,45,48],"ascension_level":6}