{"path_per_floor":["M","$","M","M","?","$","?","E","T","R","?","R","E","M","R","B",null,"M","M","$","M","$","R","M","R","T","?","E","M","$","?","R"],"character_chosen":"IRONCLAD","items_purchased":["Uppercut","Shrug It Off","Battle Trance","Lee\u0027s Waffle","Dropkick","Pummel"],"gold_per_floor":[148,63,77,97,97,20,20,49,49,49,49,49,80,99,99,198,198,210,224,24,36,0,0,18,18,41,41,74,94,57,57,57],"floor_reached":33,"campfire_rested":4,"playtime":2585,"current_hp_per_floor":[84,84,83,83,83,83,83,69,69,69,69,69,62,55,80,31,85,60,63,95,43,43,71,37,66,66,66,46,24,24,24,54],"items_purged":[],"gold":57,"score":298,"play_id":"ceba7aa4-2de7-4bba-9e68-7139f03a818a","is_prod":false,"is_daily":false,"is_ascension_mode":false,"campfire_upgraded":2,"path_taken":["M","$","M","M","?","$","?","E","T","R","?","R","E","M","R","BOSS","M","?","$","?","$","R","M","R","T","?","E","M","$","?","R","BOSS"],"build_version":"2018-02-12-PROD1","purchased_purges":0,"victory":false,"master_deck":["Strike_R","Strike_R","Strike_R","Strike_R","Strike_R","Defend_R","Defend_R","Defend_R","Bash","Perfected Strike+1","Disarm+1","Uppercut+1","Shrug It Off","Dual Wield+1","Inflame","Spot Weakness","Battle Trance","Wild Strike","Regret","Pommel Strike","Seeing Red","Feed","Flex","Dropkick","Heavy Blade","Dropkick","Shrug It Off+1","Perfected Strike+1","Shrug It Off","Heavy Blade+1","Pummel"],"max_hp_per_floor":[85,85,85,85,85,85,85,85,85,85,85,85,85,85,85,85,85,85,88,95,95,95,95,98,98,98,98,98,101,101,101,101],"relics":["Tiny House","Centennial Puzzle","Du-Vu Doll","Omamori","War Paint","Philosopher\u0027s Stone","Lee\u0027s Waffle","Bag of Preparation","Happy Flower"],"card_choices":[{"not_picked":["Seeing Red","Shockwave"],"picked":"Perfected Strike"},{"not_picked":["Dark Embrace","Heavy Blade"],"picked":"Disarm"},{"not_picked":["Warcry","Havoc"],"picked":"Dual Wield"},{"not_picked":["Anger","Havoc"],"picked":"Inflame"},{"not_picked":["Flame Barrier","Barricade"],"picked":"Wild Strike"},{"not_picked":["Shrug It Off","Body Slam"],"picked":"Pommel Strike"},{"not_picked":["Clash","Power Through"],"picked":"Seeing Red"},{"not_picked":["Exhume","Bludgeon"],"picked":"Feed"},{"not_picked":["Body Slam","Anger"],"picked":"Flex"},{"not_picked":["Sword Boomerang","Iron Wave"],"picked":"Dropkick"},{"not_picked":["Power Through","True Grit"],"picked":"Heavy Blade"},{"not_picked":["Combust","Spot Weakness"],"picked":"Shrug It Off"},{"not_picked":["Impervious","Iron Wave"],"picked":"Shrug It Off"},{"not_picked":["Rampage","Sword Boomerang"],"picked":"Heavy Blade"}],"player_experience":106065,"potions_floor_usage":[8,28,28,33,33],"damage_taken":[{"damage":1,"enemies":"Jaw Worm","floor":1,"turns":3},{"damage":1,"enemies":"Cultist","floor":3,"turns":3},{"damage":0,"enemies":"Blue Slaver","floor":4,"turns":5},{"damage":14,"enemies":"3 Sentries","floor":8,"turns":6},{"damage":7,"enemies":"Lagavulin","floor":13,"turns":5},{"damage":7,"enemies":"Looter","floor":14,"turns":2},{"damage":49,"enemies":"Hexaghost","floor":16,"turns":8},{"damage":25,"enemies":"2 Thieves","floor":18,"turns":3},{"damage":0,"enemies":"Chosen","floor":19,"turns":2},{"damage":52,"enemies":"Sentry and Sphere","floor":21,"turns":6},{"damage":37,"enemies":"Centurion and Healer","floor":24,"turns":4},{"damage":20,"enemies":"Book of Stabbing","floor":28,"turns":2},{"damage":25,"enemies":"Cultist and Chosen","floor":29,"turns":4},{"damage":71,"enemies":"Collector","floor":33,"turns":5}],"event_choices":[{"event_name":"Transmorgrifier","player_choice":"Transform","floor":5,"damage_taken":0},{"event_name":"The Lab","player_choice":"Got Potions","floor":7,"damage_taken":0},{"event_name":"Big Fish","player_choice":"Box","floor":11,"damage_taken":0},{"event_name":"Duplicator","player_choice":"One dupe","floor":27,"damage_taken":0},{"event_name":"Forgotten Altar","player_choice":"Smashed Altar","floor":31,"damage_taken":0}],"boss_relics":[{"not_picked":["Astrolabe","White Beast Statue"],"picked":"Philosopher\u0027s Stone"}],"potions_floor_spawned":[1,4,14,16,19,24,28],"seed_played":"-2226169273506267111","killed_by":"Collector","ascension_level":0,"is_trial":false}