{"path_per_floor":["M","M","?","?","?","R","E","R","T","$","R","M","E","$","R","B",null,"M","M","?","$","?","R","E","T","T","$","?","E","R","M","R","B",null,"M","M","M","?","T","R","?","R","T","R","M","?","$","?","R","B"],"character_chosen":"IRONCLAD","items_purchased":["Toxic Egg 2","Shrug It Off","Havoc","Warcry","Mind Blast","Shrug It Off"],"gold_per_floor":[365,384,384,384,384,384,419,419,419,30,30,46,75,27,27,125,125,136,152,152,18,18,18,51,77,103,3,3,29,29,44,44,144,144,163,183,201,201,201,201,201,201,201,201,215,215,41,41,41,41],"floor_reached":51,"campfire_rested":0,"playtime":4564,"current_hp_per_floor":[67,67,72,72,65,65,34,34,34,34,34,32,27,27,27,30,59,44,51,51,51,51,51,29,29,29,29,52,37,37,45,45,25,60,64,68,71,71,71,71,71,71,71,71,71,71,71,62,62,63],"items_purged":["Parasite","Pain","Clothesline"],"gold":41,"score":765,"play_id":"3476d7b4-58f9-4f04-bd4b-026ffe529d7f","is_prod":false,"is_daily":false,"is_ascension_mode":true,"campfire_upgraded":11,"path_taken":["M","M","?","?","?","R","E","R","T","$","R","M","E","?","R","BOSS","M","M","?","$","?","R","E","?","T","?","?","E","R","M","R","BOSS","M","M","M","?","?","R","?","R","T","R","M","?","$","?","R","BOSS"],"build_version":"2018-02-12-BETA1","purchased_purges":3,"victory":true,"master_deck":["Defend_R+1","Defend_R+1","Defend_R+1","Defend_R+1","Bash+1","Evolve+1","Pommel Strike+1","Clothesline+1","Shrug It Off+1","Bludgeon+1","Havoc+1","Barricade+1","Headbutt+1","Warcry+1","Mind Blast+1","True Grit+1","Clumsy","Flame Barrier+1","Warcry+1","Offering+1","Infernal Blade+1","Ghostly Armor+1","Infernal Blade+1","True Grit+1","Warcry+1","Shrug It Off+1","Madness+1","Madness+1"],"max_hp_per_floor":[72,72,72,72,72,72,72,72,72,69,69,69,69,69,69,69,69,69,71,71,71,71,71,71,71,71,71,71,71,71,71,71,71,71,71,71,71,71,71,71,71,71,71,71,71,71,71,71,71,71],"relics":["Burning Blood","Juzu Bracelet","Torii","Sundial","Toxic Egg 2","Cursed Key","Nloth\u0027s Gift","Bag of Marbles","Blood Vial","Oddly Smooth Stone","Whetstone","Astrolabe"],"card_choices":[{"not_picked":["Sword Boomerang","Sever Soul"],"picked":"Evolve"},{"not_picked":["Uppercut","Flex"],"picked":"Pommel Strike"},{"not_picked":["Warcry","Flex"],"picked":"Bludgeon"},{"not_picked":["Brutality","Immolate"],"picked":"Barricade"},{"not_picked":["Twin Strike","Cleave"],"picked":"Headbutt"},{"not_picked":["Clothesline","Bludgeon"],"picked":"True Grit"},{"not_picked":["Feed","Combust"],"picked":"Flame Barrier"},{"not_picked":["Sever Soul","Rampage"],"picked":"Warcry"},{"not_picked":["Brutality","Double Tap"],"picked":"Offering"},{"not_picked":["Second Wind","Clash"],"picked":"True Grit"},{"not_picked":["Metallicize","Flex"],"picked":"Warcry"}],"player_experience":165888,"potions_floor_usage":[13,16,24,24,24,50,50,50],"damage_taken":[{"damage":11,"enemies":"Jaw Worm","floor":1,"turns":4},{"damage":6,"enemies":"Cultist","floor":2,"turns":4},{"damage":37,"enemies":"Lagavulin","floor":7,"turns":10},{"damage":8,"enemies":"Small Slimes","floor":12,"turns":3},{"damage":11,"enemies":"3 Sentries","floor":13,"turns":9},{"damage":3,"enemies":"The Guardian","floor":16,"turns":14},{"damage":21,"enemies":"3 Byrds","floor":18,"turns":7},{"damage":1,"enemies":"Chosen","floor":19,"turns":4},{"damage":28,"enemies":"Slavers","floor":24,"turns":6},{"damage":23,"enemies":"Book of Stabbing","floor":29,"turns":4},{"damage":0,"enemies":"3 Cultists","floor":31,"turns":3},{"damage":28,"enemies":"Automaton","floor":33,"turns":9},{"damage":4,"enemies":"3 Darklings","floor":35,"turns":5},{"damage":4,"enemies":"Flame Bruiser 1 Orb","floor":36,"turns":1},{"damage":4,"enemies":"Maw","floor":37,"turns":6},{"damage":4,"enemies":"Spire Growth","floor":45,"turns":2},{"damage":22,"enemies":"Awakened One","floor":50,"turns":10}],"event_choices":[{"event_name":"Wheel of Change","player_choice":"Full Heal","floor":3,"damage_taken":0},{"event_name":"Transmorgrifier","player_choice":"Transform","floor":4,"damage_taken":0},{"event_name":"Scrap Ooze","player_choice":"success","floor":5,"damage_taken":7},{"event_name":"The Lab","player_choice":"Got Potions","floor":20,"damage_taken":0},{"event_name":"N\u0027loth","player_choice":"Traded a Singing Bowl","floor":22,"damage_taken":0},{"event_name":"The Library","player_choice":"Heal","floor":28,"damage_taken":0},{"event_name":"Mysterious Sphere","player_choice":"Ignore","floor":38,"damage_taken":0},{"event_name":"Tomb of Lord Red Mask","player_choice":"Ignored","floor":41,"damage_taken":0},{"event_name":"Transmorgrifier","player_choice":"Transform","floor":46,"damage_taken":0},{"event_name":"Winding Halls","player_choice":"Embrace Madness","floor":48,"damage_taken":0}],"boss_relics":[{"not_picked":["Black Blood","Runic Dome"],"picked":"Cursed Key"},{"not_picked":["Black Star","Orrery"],"picked":"Astrolabe"}],"potions_floor_spawned":[7,12,13,16,29,37,45],"seed_played":"3075413969329892208","ascension_level":10,"is_trial":false}