{"path_per_floor":["M","M","M","M","M","R","E","M","T","R","E","?","$","M","R","B",null,"M","?","M","M","M","E","R","E","T","R","M","?","M","E","R"],"character_chosen":"IRONCLAD","items_purchased":["Master of Strategy","Strength Potion"],"gold_per_floor":[115,130,144,163,180,180,206,218,289,289,316,316,16,34,34,137,137,147,47,64,77,97,123,123,157,157,157,175,175,193,227,227],"floor_reached":33,"campfire_rested":0,"playtime":3323,"current_hp_per_floor":[66,65,70,76,71,71,37,32,32,32,40,33,33,39,39,26,64,52,52,55,56,62,58,58,47,47,47,38,38,62,31,31],"items_purged":["Strike_R"],"gold":227,"score":540,"play_id":"6aaea939-a5e0-4d41-827d-79070b0c2529","is_prod":false,"is_daily":false,"is_ascension_mode":true,"campfire_upgraded":6,"path_taken":["M","M","M","M","M","R","E","M","T","R","E","?","$","M","R","BOSS","M","?","?","M","M","E","R","E","T","R","M","?","M","E","R","BOSS"],"build_version":"2018-02-13-BETA1","purchased_purges":2,"victory":false,"master_deck":["Defend_R","Defend_R","Defend_R","Defend_R","Bash+1","Havoc+1","Shrug It Off","Headbutt","Inflame+1","Battle Trance+1","Fiend Fire","Infernal Blade","Feel No Pain+1","Master of Strategy+1","Feed+1","J.A.X.","Carnage+1","Disarm","Evolve+1","Impervious","Bite+1","Bite+1","Bite+1","Bite+1","Bite+1"],"max_hp_per_floor":[77,77,77,77,77,77,77,77,77,77,77,77,77,77,77,77,77,77,77,77,77,77,91,91,91,91,91,91,63,67,67,67],"relics":["Burning Blood","Anchor","Molten Egg 2","Art of War","Philosopher\u0027s Stone","Pear","Vajra","Du-Vu Doll","Champion Belt"],"card_choices":[{"not_picked":["Warcry","Reckless Charge"],"picked":"Havoc"},{"not_picked":["Disarm","Armaments"],"picked":"Shrug It Off"},{"not_picked":["Evolve","Heavy Blade"],"picked":"Headbutt"},{"not_picked":["Havoc","Iron Wave"],"picked":"Inflame"},{"not_picked":["Thunderclap","Combust"],"picked":"Battle Trance"},{"not_picked":["Sever Soul","Body Slam"],"picked":"Fiend Fire"},{"not_picked":["Twin Strike","Burning Pact"],"picked":"Infernal Blade"},{"not_picked":["Spot Weakness","Thunderclap"],"picked":"Feel No Pain"},{"not_picked":["Juggernaut","Fiend Fire"],"picked":"Feed"},{"not_picked":["Clash","Blood for Blood"],"picked":"Carnage"},{"not_picked":["Armaments","Headbutt"],"picked":"Disarm"},{"not_picked":["Iron Wave","Sword Boomerang"],"picked":"Evolve"},{"not_picked":["Iron Wave","Body Slam"],"picked":"Impervious"}],"player_experience":207239,"potions_floor_usage":[11,14,16,18,25,33],"damage_taken":[{"damage":12,"enemies":"Small Slimes","floor":1,"turns":3},{"damage":7,"enemies":"Jaw Worm","floor":2,"turns":4},{"damage":1,"enemies":"Cultist","floor":3,"turns":4},{"damage":0,"enemies":"2 Fungi Beasts","floor":4,"turns":4},{"damage":11,"enemies":"Blue Slaver","floor":5,"turns":4},{"damage":40,"enemies":"Gremlin Nob","floor":7,"turns":4},{"damage":11,"enemies":"Exordium Thugs","floor":8,"turns":3},{"damage":7,"enemies":"Lagavulin","floor":11,"turns":5},{"damage":0,"enemies":"Gremlin Gang","floor":14,"turns":3},{"damage":19,"enemies":"Hexaghost","floor":16,"turns":6},{"damage":18,"enemies":"Chosen","floor":18,"turns":4},{"damage":3,"enemies":"Shell Parasite","floor":20,"turns":3},{"damage":11,"enemies":"Snecko","floor":21,"turns":3},{"damage":0,"enemies":"Chosen and Byrds","floor":22,"turns":4},{"damage":24,"enemies":"Slavers","floor":23,"turns":5},{"damage":17,"enemies":"Gremlin Leader","floor":25,"turns":5},{"damage":15,"enemies":"Snake Plant","floor":28,"turns":2},{"damage":4,"enemies":"Centurion and Healer","floor":30,"turns":4},{"damage":48,"enemies":"Book of Stabbing","floor":31,"turns":4},{"damage":75,"enemies":"Collector","floor":33,"turns":5}],"event_choices":[{"event_name":"Golden Wing","player_choice":"Card Removal","floor":12,"damage_taken":0},{"event_name":"Drug Dealer","player_choice":"Got JAXXED","floor":19,"damage_taken":0},{"event_name":"Vampires","player_choice":"Became a vampire","floor":29,"damage_taken":0}],"boss_relics":[{"not_picked":["Tiny House","Question Card"],"picked":"Philosopher\u0027s Stone"}],"potions_floor_spawned":[2,4,8,11,14,20,23,31],"seed_played":"-4332699576011297251","killed_by":"Collector","ascension_level":12,"is_trial":false}