{"path_per_floor":["M","M","?","?","M","R","E","?","T","M","M","$","R","M","R"],"character_chosen":"THE_SILENT","items_purchased":["Crippling Poison"],"gold_per_floor":[109,122,72,72,91,91,122,122,122,140,155,42,42,62,62],"floor_reached":16,"campfire_rested":2,"playtime":786,"current_hp_per_floor":[70,70,70,45,45,45,33,33,33,23,12,12,33,16,37],"items_purged":["Injury"],"gold":62,"score":102,"play_id":"c2cfe630-76e6-4b29-9c7f-4634e61a1293","local_time":"20180304164754","is_prod":false,"is_daily":false,"is_ascension_mode":false,"campfire_upgraded":1,"timestamp":1520200074,"path_taken":["M","M","?","?","M","R","E","?","T","M","M","?","R","M","R","BOSS"],"build_version":"2018-03-01-PROD1","purchased_purges":1,"victory":false,"master_deck":["Defend_G","Defend_G","Defend_G","Defend_G","Strike_G","Strike_G","Strike_G","Strike_G","Strike_G","Survivor","Neutralize","Dodge and Roll","Adrenaline","Skewer+1","Expertise","Flying Knee","Flying Knee","Crippling Poison","PiercingWail"],"max_hp_per_floor":[70,70,70,70,70,70,70,70,70,70,70,70,70,70,70],"relics":["Ring of the Snake","NeowsBlessing","Matryoshka","Calipers","Golden Idol","Tough Bandages","Peace Pipe"],"card_choices":[{"not_picked":["Blur","PiercingWail"],"picked":"Dodge and Roll"},{"not_picked":["Choke","Masterful Stab"],"picked":"Adrenaline"},{"not_picked":["Flying Knee","Acrobatics"],"picked":"Skewer"},{"not_picked":["Dodge and Roll","Backflip"],"picked":"Expertise"},{"not_picked":["Distraction","Underhanded Strike"],"picked":"Flying Knee"},{"not_picked":["Blur","Slice"],"picked":"Flying Knee"},{"not_picked":["Acrobatics","Backflip"],"picked":"PiercingWail"}],"player_experience":98002,"potions_floor_usage":[7,16,16,16],"damage_taken":[{"damage":0,"enemies":"Jaw Worm","floor":1,"turns":1},{"damage":0,"enemies":"2 Louse","floor":2,"turns":1},{"damage":0,"enemies":"Small Slimes","floor":5,"turns":1},{"damage":12,"enemies":"Lagavulin","floor":7,"turns":11},{"damage":10,"enemies":"Looter","floor":10,"turns":3},{"damage":11,"enemies":"3 Louse","floor":11,"turns":4},{"damage":17,"enemies":"Large Slime","floor":14,"turns":8},{"damage":44,"enemies":"Hexaghost","floor":16,"turns":12}],"event_choices":[{"event_name":"The Cleric","player_choice":"Card Removal","floor":3,"damage_taken":0},{"event_name":"Scrap Ooze","player_choice":"success","floor":4,"damage_taken":25},{"event_name":"Golden Idol","player_choice":"Take Wound","floor":8,"damage_taken":0}],"boss_relics":[],"potions_floor_spawned":[1,10,11,14],"seed_played":"3478280608066346059","killed_by":"Hexaghost","ascension_level":0,"is_trial":false}