{"gold_per_floor":[111,36,46,62,12,41,55,55,82,82,93,93,43,57,57,160,160,180,130,145,145,55,55,71,71,71,85,85,35,35,47,47,151,201,220,231,25,0,100,100,131,131,155,173,123,138,138,148,148,148,148,148,5,33,33],"floor_reached":56,"playtime":2625,"items_purged":["Strike_R","Defend_R","Defend_R","Defend_R","Strike_R+1","Defend_R+1"],"score":1177,"play_id":"2a9bd48b-57b8-45e7-978f-ab8e62183ca6","local_time":"20190122205537","is_ascension_mode":false,"campfire_choices":[{"data":"Bash","floor":8.0,"key":"SMITH"},{"data":"Whirlwind","floor":10.0,"key":"SMITH"},{"data":"Metallicize","floor":12.0,"key":"SMITH"},{"data":"Metallicize","floor":15.0,"key":"SMITH"},{"data":"Demon Form","floor":23.0,"key":"SMITH"},{"data":"Ghostly Armor","floor":25.0,"key":"SMITH"},{"data":"Defend_R","floor":28.0,"key":"SMITH"},{"floor":30.0,"key":"RECALL"},{"data":"Heavy Blade","floor":32.0,"key":"SMITH"},{"data":"Double Tap","floor":40.0,"key":"SMITH"},{"floor":42.0,"key":"REST"},{"floor":47.0,"key":"REST"},{"floor":49.0,"key":"REST"},{"floor":52.0,"key":"REST"}],"neow_cost":"PERCENT_DAMAGE","seed_source_timestamp":0,"circlet_count":0,"master_deck":["Strike_R+1","Bash+1","Metallicize+1","Whirlwind+1","Metallicize+1","Ghostly Armor+1","Demon Form+1","True Grit+1","Shockwave+1","Heavy Blade+1","Double Tap+1","Thunderclap+1"],"special_seed":0,"relics":["Burning Blood","Gambling Chip","Centennial Puzzle","Smiling Mask","Velvet Choker","Pantograph","Tiny House","Bag of Preparation","Red Mask","Torii","Juzu Bracelet","Lantern","Bronze Scales"],"potions_floor_usage":[55,55,55],"damage_taken":[{"damage":2.0,"enemies":"2 Louse","floor":1.0,"turns":5.0},{"damage":0.0,"enemies":"Small Slimes","floor":3.0,"turns":6.0},{"damage":1.0,"enemies":"Cultist","floor":4.0,"turns":5.0},{"damage":26.0,"enemies":"Gremlin Nob","floor":6.0,"turns":4.0},{"damage":1.0,"enemies":"Exordium Wildlife","floor":7.0,"turns":5.0},{"damage":1.0,"enemies":"Blue Slaver","floor":11.0,"turns":5.0},{"damage":0.0,"enemies":"2 Fungi Beasts","floor":14.0,"turns":3.0},{"damage":59.0,"enemies":"Hexaghost","floor":16.0,"turns":13.0},{"damage":14.0,"enemies":"Spheric Guardian","floor":18.0,"turns":6.0},{"damage":1.0,"enemies":"3 Byrds","floor":20.0,"turns":3.0},{"damage":2.0,"enemies":"Snecko","floor":24.0,"turns":4.0},{"damage":18.0,"enemies":"Snake Plant","floor":27.0,"turns":5.0},{"damage":8.0,"enemies":"Sentry and Sphere","floor":31.0,"turns":5.0},{"damage":3.0,"enemies":"Automaton","floor":33.0,"turns":6.0},{"damage":14.0,"enemies":"3 Darklings","floor":35.0,"turns":2.0},{"damage":23.0,"enemies":"3 Shapes","floor":36.0,"turns":6.0},{"damage":19.0,"enemies":"Mind Bloom Boss Battle","floor":39.0,"turns":5.0},{"damage":16.0,"enemies":"Giant Head","floor":41.0,"turns":6.0},{"damage":0.0,"enemies":"Jaw Worm Horde","floor":44.0,"turns":2.0},{"damage":19.0,"enemies":"Maw","floor":46.0,"turns":5.0},{"damage":28.0,"enemies":"4 Shapes","floor":48.0,"turns":3.0},{"damage":52.0,"enemies":"Donu and Deca","floor":50.0,"turns":6.0},{"damage":34.0,"enemies":"Shield and Spear","floor":54.0,"turns":5.0},{"damage":66,"enemies":"The Heart","floor":55,"turns":7}],"seed_played":"5912642572418886296","potions_obtained":[{"floor":3.0,"key":"Strength Potion"},{"floor":6.0,"key":"Ancient Potion"},{"floor":11.0,"key":"Dexterity Potion"},{"floor":14.0,"key":"Block Potion"},{"floor":16.0,"key":"Swift Potion"}],"is_trial":false,"path_per_floor":["M","$","M","M","?","E","M","R","T","R","M","R","$","M","R","B",null,"M","$","M","?","?","R","M","R","T","M","R","$","R","M","R","B",null,"M","M","$","?","?","R","E","R","T","M","$","M","R","M","R","B",null,"R","$","E","B",null],"character_chosen":"IRONCLAD","items_purchased":["Bag of Preparation","Lantern"],"campfire_rested":4,"item_purchase_floors":[37,53],"current_hp_per_floor":[60,60,66,71,71,51,56,56,56,56,61,61,61,67,67,14,80,72,72,77,62,62,62,66,66,66,54,54,54,54,52,52,80,90,82,65,65,65,77,77,67,90,90,90,90,77,90,68,90,44,90,90,90,62,27],"gold":33,"neow_bonus":"ONE_RARE_RELIC","is_prod":false,"is_daily":false,"chose_seed":false,"campfire_upgraded":9,"win_rate":0,"timestamp":1548158137,"path_taken":["M","$","M","M","?","E","M","R","T","R","M","R","$","M","R","BOSS","M","$","M","?","?","R","?","R","T","M","R","$","R","M","R","BOSS","M","M","$","?","?","R","E","R","T","M","$","M","R","M","R","BOSS","R","$","E","BOSS"],"build_version":"2019-01-17v2","purchased_purges":6,"victory":true,"max_hp_per_floor":[80,80,80,80,80,80,80,80,80,80,80,80,80,80,80,80,80,80,80,80,85,85,85,85,85,85,85,85,85,85,85,85,85,90,90,90,90,90,90,90,90,90,90,90,90,90,90,90,90,90,90,90,90,90,90],"card_choices":[{"not_picked":["Wild Strike","Shrug It Off","Havoc"],"picked":"SKIP","floor":1.0},{"not_picked":["Inflame","Infernal Blade"],"picked":"Metallicize","floor":3.0},{"not_picked":["Clothesline","Disarm"],"picked":"Whirlwind","floor":4.0},{"not_picked":["Shrug It Off","Armaments"],"picked":"Metallicize","floor":6.0},{"not_picked":["Twin Strike","Sever Soul"],"picked":"Ghostly Armor","floor":7.0},{"not_picked":["Armaments","Sword Boomerang","Pommel Strike"],"picked":"SKIP","floor":11.0},{"not_picked":["Pommel Strike","Anger","Entrench"],"picked":"SKIP","floor":14.0},{"not_picked":["Exhume","Impervious"],"picked":"Demon Form","floor":16.0},{"not_picked":["Armaments","Sword Boomerang"],"picked":"True Grit+1","floor":18.0},{"not_picked":["Shockwave+1","Body Slam","Clothesline"],"picked":"SKIP","floor":20.0},{"not_picked":["Body Slam","Clothesline"],"picked":"Shockwave+1","floor":20.0},{"not_picked":["True Grit","Shockwave+1","Exhume"],"picked":"SKIP","floor":24.0},{"not_picked":["Cleave","Evolve","Perfected Strike"],"picked":"SKIP","floor":27.0},{"not_picked":["Cleave","Armaments+1"],"picked":"Heavy Blade","floor":31.0},{"not_picked":["Juggernaut","Exhume"],"picked":"Double Tap","floor":33.0},{"not_picked":["Spot Weakness","Sword Boomerang+1"],"picked":"Thunderclap+1","floor":34.0},{"not_picked":["Headbutt+1","Spot Weakness+1","Second Wind+1"],"picked":"SKIP","floor":35.0},{"not_picked":["Power Through","Headbutt","Warcry"],"picked":"SKIP","floor":36.0},{"not_picked":["Power Through","Evolve","Rampage+1"],"picked":"SKIP","floor":41.0},{"not_picked":["Heavy Blade","Impervious","Twin Strike+1"],"picked":"SKIP","floor":44.0},{"not_picked":["Searing Blow","Sword Boomerang+1","Seeing Red"],"picked":"SKIP","floor":46.0},{"not_picked":["Sword Boomerang+1","Seeing Red+1","Rupture+1"],"picked":"SKIP","floor":48.0},{"not_picked":["Flex","Seeing Red","Wild Strike+1"],"picked":"SKIP","floor":54.0}],"player_experience":867747,"relics_obtained":[{"floor":6.0,"key":"Centennial Puzzle"},{"floor":9.0,"key":"Smiling Mask"},{"floor":26.0,"key":"Pantograph"},{"floor":39.0,"key":"Torii"},{"floor":41.0,"key":"Juzu Bracelet"},{"floor":54.0,"key":"Bronze Scales"}],"event_choices":[{"cards_removed":["Strike_R"],"damage_healed":0.0,"max_hp_gain":0.0,"max_hp_loss":0.0,"gold_gain":0.0,"event_name":"The Cleric","player_choice":"Card Removal","floor":5.0,"gold_loss":50.0,"damage_taken":0.0},{"damage_healed":0.0,"max_hp_gain":5.0,"max_hp_loss":0.0,"gold_gain":0.0,"event_name":"Forgotten Altar","player_choice":"Shed Blood","floor":21.0,"gold_loss":0.0,"damage_taken":20.0},{"cards_removed":["Strike_R"],"damage_healed":0.0,"max_hp_gain":0.0,"max_hp_loss":0.0,"gold_gain":0.0,"event_name":"Designer","player_choice":"Upgrade and Remove","floor":22.0,"gold_loss":90.0,"damage_taken":0.0,"cards_upgraded":["Strike_R"]},{"damage_healed":0.0,"max_hp_gain":0.0,"max_hp_loss":0.0,"gold_gain":0.0,"event_name":"Tomb of Lord Red Mask","player_choice":"Paid","floor":38.0,"gold_loss":25.0,"damage_taken":0.0,"relics_obtained":["Red Mask"]},{"damage_healed":0.0,"max_hp_gain":0.0,"max_hp_loss":0.0,"gold_gain":0.0,"event_name":"MindBloom","player_choice":"Fight","floor":39.0,"gold_loss":0.0,"damage_taken":0.0}],"is_beta":false,"boss_relics":[{"not_picked":["Lizard Tail","Orrery"],"picked":"Velvet Choker"},{"not_picked":["Black Blood","Philosopher\u0027s Stone"],"picked":"Tiny House"}],"items_purged_floors":[2,13,19,29,37,45],"is_endless":false,"potions_floor_spawned":[3,6,11,14,16,24,33,35,39,46,54],"ascension_level":0}