{"gold_per_floor":[116,135,135,135,153,127,148,184,210,210,241,264,121,134,134,134],"floor_reached":16,"playtime":1411,"items_purged":[],"score":161,"play_id":"23d2ee7f-5b9d-470c-9f21-01dbe11bb53d","local_time":"20190112230907","is_ascension_mode":true,"campfire_choices":[{"floor":10.0,"key":"REST"},{"floor":15.0,"key":"REST"}],"neow_cost":"NONE","seed_source_timestamp":0,"circlet_count":0,"master_deck":["AscendersBane","Defend_G","Defend_G","Defend_G","Defend_G","Defend_G","Strike_G","Strike_G","Strike_G","Strike_G","Strike_G","Survivor","Neutralize","Caltrops","Crippling Poison","Dodge and Roll","Slice","Caltrops","Deflect","Adrenaline","PiercingWail"],"special_seed":0,"relics":["Ring of the Snake","Golden Idol","Odd Mushroom","PreservedInsect","Juzu Bracelet","Pen Nib"],"potions_floor_usage":[16],"damage_taken":[{"damage":13.0,"enemies":"Jaw Worm","floor":1.0,"turns":8.0},{"damage":1.0,"enemies":"2 Louse","floor":2.0,"turns":5.0},{"damage":0.0,"enemies":"Cultist","floor":5.0,"turns":4.0},{"damage":7.0,"enemies":"Exordium Thugs","floor":6.0,"turns":5.0},{"damage":7.0,"enemies":"Large Slime","floor":7.0,"turns":6.0},{"damage":4.0,"enemies":"The Mushroom Lair","floor":8.0,"turns":6.0},{"damage":22.0,"enemies":"3 Sentries","floor":11.0,"turns":8.0},{"damage":6.0,"enemies":"Red Slaver","floor":12.0,"turns":6.0},{"damage":12.0,"enemies":"Gremlin Gang","floor":14.0,"turns":4.0},{"damage":32,"enemies":"Hexaghost","floor":16,"turns":13}],"seed_played":"2012539088193983882","potions_obtained":[{"floor":6.0,"key":"AttackPotion"},{"floor":7.0,"key":"Fire Potion"},{"floor":8.0,"key":"Ancient Potion"},{"floor":14.0,"key":"SneckoOil"}],"is_trial":false,"path_per_floor":["M","M","?","?","M","M","M","?","T","R","E","M","$","M","R","B"],"character_chosen":"THE_SILENT","items_purchased":["Pen Nib"],"campfire_rested":2,"item_purchase_floors":[13],"current_hp_per_floor":[57,56,37,42,42,35,28,24,24,48,26,20,20,8,32,0],"gold":134,"neow_bonus":"TEN_PERCENT_HP_BONUS","is_prod":false,"is_daily":false,"chose_seed":false,"campfire_upgraded":0,"win_rate":0,"timestamp":1547327347,"path_taken":["M","M","?","?","M","M","M","?","T","R","E","M","$","M","R","BOSS"],"build_version":"2019-01-10","purchased_purges":0,"victory":false,"max_hp_per_floor":[77,77,77,82,82,82,82,82,82,82,82,82,82,82,82,82],"card_choices":[{"not_picked":["Sucker Punch","Backflip"],"picked":"Caltrops","floor":1.0},{"not_picked":["Endless Agony","Outmaneuver"],"picked":"Crippling Poison","floor":2.0},{"not_picked":["Dagger Throw","Slice"],"picked":"Dodge and Roll","floor":5.0},{"not_picked":["Finisher","Dagger Spray"],"picked":"Slice","floor":6.0},{"not_picked":["Skewer","Dagger Throw"],"picked":"Caltrops","floor":7.0},{"not_picked":["Dagger Spray","Deadly Poison"],"picked":"Deflect","floor":11.0},{"not_picked":["Predator","Dagger Throw"],"picked":"Adrenaline","floor":12.0},{"not_picked":["Deadly Poison","Blade Dance"],"picked":"PiercingWail","floor":14.0}],"player_experience":255378,"relics_obtained":[{"floor":8.0,"key":"Odd Mushroom"},{"floor":9.0,"key":"PreservedInsect"},{"floor":11.0,"key":"Juzu Bracelet"}],"event_choices":[{"damage_healed":0.0,"max_hp_gain":0.0,"max_hp_loss":0.0,"gold_gain":0.0,"event_name":"Golden Idol","player_choice":"Take Damage","floor":3.0,"gold_loss":0.0,"damage_taken":19.0,"relics_obtained":["Golden Idol"]},{"damage_healed":0.0,"max_hp_gain":5.0,"max_hp_loss":0.0,"gold_gain":0.0,"event_name":"Big Fish","player_choice":"Donut","floor":4.0,"gold_loss":0.0,"damage_taken":0.0},{"damage_healed":0.0,"max_hp_gain":0.0,"max_hp_loss":0.0,"gold_gain":0.0,"event_name":"Mushrooms","player_choice":"Fought Mushrooms","floor":8.0,"gold_loss":0.0,"damage_taken":0.0}],"is_beta":false,"boss_relics":[],"items_purged_floors":[],"is_endless":false,"potions_floor_spawned":[6,7,8,14],"killed_by":"Hexaghost","ascension_level":11}