{"gold_per_floor":[214,214,228,246,56,82,82,94,164,196,214,214],"floor_reached":12,"playtime":796,"items_purged":[],"score":108,"play_id":"57019d0b-7e1c-4c0d-b71e-8c61805d128c","local_time":"20181208223045","is_ascension_mode":true,"campfire_choices":[{"data":"Neutralize","floor":7,"key":"SMITH"}],"neow_cost":"NONE","seed_source_timestamp":1297350781856102,"circlet_count":0,"master_deck":["Defend_G","Defend_G","Defend_G","Defend_G","Defend_G","Strike_G","Strike_G","Strike_G","Strike_G","Strike_G","Survivor","Neutralize+1","Well Laid Plans","Bouncing Flask","Choke","Infinite Blades","Expertise","Acrobatics","Outmaneuver"],"relics":["Ring of the Snake","Blood Vial","Pocketwatch","Letter Opener","Juzu Bracelet"],"potions_floor_usage":[6,6,10],"damage_taken":[{"damage":7,"enemies":"Jaw Worm","floor":1,"turns":4},{"damage":0,"enemies":"Small Slimes","floor":3,"turns":3},{"damage":0,"enemies":"2 Louse","floor":4,"turns":2},{"damage":18,"enemies":"3 Sentries","floor":6,"turns":9},{"damage":8,"enemies":"Large Slime","floor":8,"turns":4},{"damage":7,"enemies":"Lagavulin","floor":10,"turns":5},{"damage":24,"enemies":"Gremlin Gang","floor":11,"turns":5},{"damage":19,"enemies":"Gremlin Nob","floor":12,"turns":3}],"seed_played":"-8584784525426084173","potions_obtained":[{"floor":1,"key":"Dexterity Potion"},{"floor":4,"key":"Dexterity Potion"},{"floor":8,"key":"SpeedPotion"}],"is_trial":false,"path_per_floor":["M","?","M","M","$","E","R","M","T","E","M","E"],"character_chosen":"THE_SILENT","items_purchased":["Infinite Blades","Blood Vial"],"campfire_rested":0,"item_purchase_floors":[5,5],"current_hp_per_floor":[63,63,63,63,63,47,47,41,41,36,14,0],"gold":214,"neow_bonus":"HUNDRED_GOLD","is_prod":false,"is_daily":false,"chose_seed":false,"campfire_upgraded":1,"win_rate":0,"timestamp":1544326245,"path_taken":["M","?","M","M","$","E","R","M","T","E","M","E"],"build_version":"2018-12-06","purchased_purges":0,"victory":false,"max_hp_per_floor":[70,70,70,70,70,70,70,70,70,70,70,70],"card_choices":[{"not_picked":["Dagger Throw","Slice"],"picked":"Well Laid Plans","floor":1},{"not_picked":["Sucker Punch","Deflect"],"picked":"Bouncing Flask","floor":3},{"not_picked":["Underhanded Strike","Flying Knee"],"picked":"Choke","floor":4},{"not_picked":["Dagger Throw","Dodge and Roll"],"picked":"Expertise","floor":6},{"not_picked":["Expertise","Sucker Punch"],"picked":"Acrobatics","floor":8},{"not_picked":["Masterful Stab","Riddle With Holes","Expertise"],"picked":"SKIP","floor":10},{"not_picked":["Masterful Stab","Slice"],"picked":"Outmaneuver","floor":11}],"player_experience":263794,"relics_obtained":[{"floor":6,"key":"Pocketwatch"},{"floor":9,"key":"Letter Opener"},{"floor":10,"key":"Juzu Bracelet"}],"event_choices":[{"damage_healed":0,"gold_gain":0,"player_choice":"Leave","damage_taken":0,"max_hp_gain":0,"max_hp_loss":0,"event_name":"The Cleric","floor":2,"gold_loss":0}],"is_beta":false,"boss_relics":[],"items_purged_floors":[],"is_endless":false,"potions_floor_spawned":[1,4,8],"killed_by":"Gremlin Nob","ascension_level":4}