{"gold_per_floor":[111,111,186,37,53,53,3,3,3,3,16,16,35,46,46,142,142,155,172,39,39,55,55,55],"floor_reached":24,"playtime":875,"items_purged":[],"score":223,"play_id":"d199e173-6483-433b-8254-65f5e2b857ae","local_time":"20181109220421","is_ascension_mode":true,"campfire_choices":[{"data":"Sunder","floor":6,"key":"SMITH"},{"data":"Zap","floor":8,"key":"SMITH"},{"data":"Barrage","floor":10,"key":"SMITH"},{"data":"Turbo","floor":12,"key":"SMITH"},{"floor":15,"key":"REST"},{"floor":23,"key":"REST"}],"neow_cost":"NONE","seed_source_timestamp":527231676662391,"circlet_count":0,"master_deck":["Strike_B","Strike_B","Strike_B","Strike_B","Defend_B","Defend_B","Defend_B","Defend_B+1","Zap+1","Dualcast+1","Barrage+1","Ball Lightning","All For One","Sunder+1","Turbo+1","Hologram","Go for the Eyes","Steam","Seek","Beam Cell+1","Go for the Eyes+1","Leap","Turbo","Streamline","Stack+1"],"relics":["Cracked Core","Ancient Tea Set","Philosopher\u0027s Stone"],"potions_floor_usage":[16,16,16],"damage_taken":[{"damage":2,"enemies":"Jaw Worm","floor":1,"turns":4},{"damage":0,"enemies":"Small Slimes","floor":5,"turns":3},{"damage":0,"enemies":"2 Louse","floor":11,"turns":2},{"damage":6,"enemies":"Looter","floor":13,"turns":2},{"damage":2,"enemies":"3 Louse","floor":14,"turns":2},{"damage":13,"enemies":"Hexaghost","floor":16,"turns":7},{"damage":24,"enemies":"2 Thieves","floor":18,"turns":3},{"damage":9,"enemies":"Shell Parasite","floor":19,"turns":3},{"damage":21,"enemies":"Sentry and Sphere","floor":22,"turns":4},{"damage":57,"enemies":"Gremlin Leader","floor":24,"turns":6}],"seed_played":"1357525459538967489","potions_obtained":[{"floor":11,"key":"AttackPotion"},{"floor":13,"key":"AttackPotion"},{"floor":14,"key":"SpeedPotion"},{"floor":18,"key":"SteroidPotion"},{"floor":19,"key":"Energy Potion"}],"is_trial":false,"path_per_floor":["M","?","?","$","M","R","$","R","T","R","M","R","M","M","R","B",null,"M","M","$","?","M","R","E"],"character_chosen":"DEFECT","items_purchased":["All For One","Turbo","Leap","Turbo","Streamline"],"campfire_rested":2,"item_purchase_floors":[4,7,20,20,20],"current_hp_per_floor":[73,58,47,47,47,47,47,47,47,47,47,47,41,39,61,48,75,51,42,42,42,21,43,0],"gold":55,"neow_bonus":"THREE_CARDS","is_prod":false,"is_daily":false,"chose_seed":false,"campfire_upgraded":4,"win_rate":0,"timestamp":1541819061,"path_taken":["M","?","?","$","M","R","?","R","T","R","M","R","M","M","R","BOSS","M","M","$","?","M","R","E"],"build_version":"2018-11-08","purchased_purges":0,"victory":false,"max_hp_per_floor":[75,75,75,75,75,75,75,75,75,75,75,75,75,75,75,75,75,75,75,75,75,75,75,75],"card_choices":[{"not_picked":["Ball Lightning","Conserve Battery"],"picked":"Barrage","floor":0},{"not_picked":["Turbo","Streamline"],"picked":"Ball Lightning","floor":1},{"not_picked":["Loop","Sweeping Beam"],"picked":"Sunder","floor":5},{"not_picked":["Chill","Loop"],"picked":"Hologram","floor":11},{"not_picked":["Steam","Hologram"],"picked":"Go for the Eyes","floor":13},{"not_picked":["Fusion","Hologram"],"picked":"Steam","floor":14},{"not_picked":["Machine Learning","Reboot"],"picked":"Seek","floor":16},{"not_picked":["Leap","Melter+1"],"picked":"Beam Cell+1","floor":18},{"not_picked":["Glacier","Heatsinks"],"picked":"Go for the Eyes+1","floor":19},{"not_picked":["Hello World","Redo"],"picked":"Stack+1","floor":22}],"player_experience":777046,"relics_obtained":[{"floor":9,"key":"Ancient Tea Set"}],"event_choices":[{"damage_healed":0,"gold_gain":0,"player_choice":"Entered Light","damage_taken":15,"max_hp_gain":0,"max_hp_loss":0,"event_name":"Shining Light","floor":2,"gold_loss":0,"cards_upgraded":["Dualcast","Defend_B"]},{"damage_healed":0,"gold_gain":75,"player_choice":"Gather Gold","damage_taken":11,"max_hp_gain":0,"max_hp_loss":0,"event_name":"World of Goop","floor":3,"gold_loss":0},{"damage_healed":0,"gold_gain":0,"player_choice":"Ignored","damage_taken":0,"max_hp_gain":0,"max_hp_loss":0,"event_name":"Ghosts","floor":21,"gold_loss":0}],"is_beta":false,"boss_relics":[{"not_picked":["Coffee Dripper","Ectoplasm"],"picked":"Philosopher\u0027s Stone"}],"items_purged_floors":[],"is_endless":false,"potions_floor_spawned":[11,13,14,18,19],"killed_by":"Gremlin Leader","ascension_level":4}