{"gold_per_floor":[118,118,118,131,81,114,114,124,193,42,57,57,57,27,27,130,130,147,162,181,181,7,7,7,7,7,32,32,47,47,67,67,165,165,177,177,277,277,3,32,32,60,60,60,121,140,240,34,34,34],"floor_reached":51,"playtime":6419,"items_purged":["Strike_G","Normality"],"score":942,"play_id":"b8584120-5852-4dad-9a40-30d01b43efa2","local_time":"20181202001827","is_ascension_mode":true,"campfire_choices":[{"data":"Caltrops","floor":12,"key":"SMITH"},{"data":"Neutralize","floor":15,"key":"SMITH"},{"floor":23,"key":"REST"},{"data":"Master of Strategy","floor":25,"key":"SMITH"},{"data":"Neutralize","floor":28,"key":"SMITH"},{"data":"Dash","floor":30,"key":"SMITH"},{"data":"Prepared","floor":32,"key":"SMITH"},{"data":"A Thousand Cuts","floor":41,"key":"SMITH"},{"floor":44,"key":"REST"},{"data":"After Image","floor":49,"key":"SMITH"}],"neow_cost":"NONE","seed_source_timestamp":693354746307386,"circlet_count":0,"master_deck":["Survivor","Neutralize+1","Acrobatics","Blur","Acrobatics","Neutralize+1","Caltrops+1","Dodge and Roll","Bullet Time+1","Expertise","Prepared+1","Blade Dance","Blade Dance","Cloak And Dagger","Slice","Well Laid Plans","Deflect+1","Dash+1","Master of Strategy+1","Backflip","Acrobatics+1","Blur","After Image+1","Flechettes+1","Deadly Poison","Accuracy","A Thousand Cuts+1","Distraction+1","Decay","Crippling Poison+1"],"relics":["Ring of the Snake","NeowsBlessing","Calipers","Bag of Preparation","Pantograph","Pandora\u0027s Box","Paper Crane","Sundial","Nunchaku","Cursed Key","Dead Branch","Mercury Hourglass","TheAbacus","Smiling Mask","StoneCalendar","Gambling Chip","Tiny Chest","Bronze Scales"],"potions_floor_usage":[16,16,16,18,42,42,42,42,42,45,50,50],"damage_taken":[{"damage":0,"enemies":"Small Slimes","floor":1,"turns":1},{"damage":0,"enemies":"Jaw Worm","floor":4,"turns":1},{"damage":0,"enemies":"3 Sentries","floor":6,"turns":2},{"damage":0,"enemies":"Cultist","floor":8,"turns":4},{"damage":49,"enemies":"Exordium Thugs","floor":11,"turns":9},{"damage":0,"enemies":"Looter","floor":14,"turns":4},{"damage":6,"enemies":"The Guardian","floor":16,"turns":19},{"damage":15,"enemies":"Spheric Guardian","floor":18,"turns":7},{"damage":3,"enemies":"Shell Parasite","floor":19,"turns":5},{"damage":48,"enemies":"3 Cultists","floor":20,"turns":7},{"damage":0,"enemies":"Book of Stabbing","floor":27,"turns":6},{"damage":0,"enemies":"Snake Plant","floor":29,"turns":3},{"damage":0,"enemies":"Cultist and Chosen","floor":31,"turns":5},{"damage":4,"enemies":"Automaton","floor":33,"turns":22},{"damage":0,"enemies":"3 Shapes","floor":35,"turns":5},{"damage":0,"enemies":"Mind Bloom Boss Battle","floor":37,"turns":7},{"damage":0,"enemies":"Giant Head","floor":40,"turns":10},{"damage":61,"enemies":"Reptomancer","floor":42,"turns":5},{"damage":0,"enemies":"Nemesis","floor":45,"turns":7},{"damage":0,"enemies":"Orb Walker","floor":46,"turns":2},{"damage":3,"enemies":"Time Eater","floor":50,"turns":9}],"seed_played":"249148646949492264","potions_obtained":[{"floor":8,"key":"Block Potion"},{"floor":13,"key":"Explosive Potion"},{"floor":13,"key":"SpeedPotion"},{"floor":16,"key":"EssenceOfSteel"},{"floor":20,"key":"EntropicBrew"},{"floor":33,"key":"Strength Potion"},{"floor":35,"key":"GamblersBrew"},{"floor":42,"key":"Weak Potion"},{"floor":46,"key":"Strength Potion"}],"is_trial":false,"path_per_floor":["M","?","T","M","?","E","?","M","T","$","M","R","?","M","R","B",null,"M","M","M","?","$","R","T","R","T","E","R","M","R","M","R","B",null,"M","?","?","T","$","E","R","E","T","R","E","M","?","$","R","B",null],"character_chosen":"THE_SILENT","items_purchased":["Caltrops","Master of Strategy","TheAbacus","Accuracy","Bronze Scales"],"campfire_rested":2,"item_purchase_floors":[10,22,39,39,48],"current_hp_per_floor":[70,63,63,63,63,63,63,63,63,63,14,14,14,14,14,33,70,55,52,4,4,4,25,25,25,25,25,25,25,25,25,25,46,70,70,70,70,70,70,70,70,9,9,30,30,30,30,30,30,52],"gold":34,"neow_bonus":"THREE_ENEMY_KILL","is_prod":false,"is_daily":false,"chose_seed":false,"campfire_upgraded":8,"win_rate":0,"timestamp":1543727907,"path_taken":["M","?","?","?","?","E","?","?","T","$","M","R","?","?","R","BOSS","M","M","?","?","?","R","?","R","T","E","R","M","R","M","R","BOSS","M","?","?","?","?","E","R","E","T","R","E","M","?","$","R","BOSS"],"build_version":"2018-11-15","purchased_purges":2,"victory":true,"max_hp_per_floor":[70,70,70,70,70,70,70,70,70,70,70,70,70,70,70,70,70,70,70,70,70,70,70,70,70,70,70,70,70,70,70,70,70,70,70,70,70,70,70,70,70,70,70,70,70,70,70,70,70,70],"card_choices":[{"not_picked":["Dagger Throw","Flying Knee"],"picked":"Acrobatics","floor":1},{"not_picked":["Slice","Eviscerate"],"picked":"Blur","floor":4},{"not_picked":["Dodge and Roll","Quick Slash"],"picked":"Acrobatics","floor":6},{"not_picked":["Underhanded Strike","Blade Dance","Slice"],"picked":"SKIP","floor":8},{"not_picked":["Concentrate","Skewer"],"picked":"Dodge and Roll","floor":11},{"not_picked":["Accuracy","Masterful Stab","Sucker Punch"],"picked":"SKIP","floor":14},{"not_picked":["Tools of the Trade","Glass Knife"],"picked":"Bullet Time","floor":16},{"not_picked":["Sucker Punch+1","Heel Hook+1"],"picked":"Well Laid Plans","floor":18},{"not_picked":["Setup","Deadly Poison"],"picked":"Deflect+1","floor":19},{"not_picked":["Flying Knee","Venomology"],"picked":"Dash","floor":20},{"not_picked":["PiercingWail+1","Endless Agony+1"],"picked":"Backflip","floor":27},{"not_picked":["Slice","Heel Hook+1"],"picked":"Acrobatics+1","floor":29},{"not_picked":["Eviscerate","Blade Dance"],"picked":"Blur","floor":31},{"not_picked":["Unload","Night Terror"],"picked":"After Image","floor":33},{"not_picked":["Prepared","Slice+1"],"picked":"Flechettes+1","floor":35},{"not_picked":["Backflip+1","Masterful Stab+1"],"picked":"Deadly Poison","floor":37},{"not_picked":["Skewer","Outmaneuver"],"picked":"A Thousand Cuts","floor":40},{"not_picked":["Eviscerate","Finisher+1"],"picked":"Distraction+1","floor":42},{"not_picked":["Bullet Time","Blur+1"],"picked":"Crippling Poison+1","floor":45},{"not_picked":["Bane+1","Outmaneuver","Quick Slash+1"],"picked":"SKIP","floor":46}],"player_experience":232188,"relics_obtained":[{"floor":3,"key":"Calipers"},{"floor":6,"key":"Bag of Preparation"},{"floor":9,"key":"Pantograph"},{"floor":24,"key":"Paper Crane"},{"floor":26,"key":"Sundial"},{"floor":27,"key":"Nunchaku"},{"floor":37,"key":"Dead Branch"},{"floor":38,"key":"Mercury Hourglass"},{"floor":40,"key":"Smiling Mask"},{"floor":42,"key":"StoneCalendar"},{"floor":43,"key":"Gambling Chip"},{"floor":45,"key":"Tiny Chest"}],"event_choices":[{"cards_removed":["Strike_G"],"damage_healed":0,"gold_gain":0,"player_choice":"Card Removal","damage_taken":7,"max_hp_gain":0,"max_hp_loss":0,"event_name":"Golden Wing","floor":2,"gold_loss":0},{"cards_removed":["Strike_G"],"damage_healed":0,"gold_gain":0,"player_choice":"Card Removal","damage_taken":0,"max_hp_gain":0,"max_hp_loss":0,"event_name":"The Cleric","floor":5,"gold_loss":50},{"damage_healed":0,"gold_gain":0,"player_choice":"1 cards matched","damage_taken":0,"max_hp_gain":0,"max_hp_loss":0,"event_name":"Match and Keep!","floor":7,"gold_loss":0,"cards_obtained":["Neutralize"]},{"damage_healed":0,"gold_gain":0,"player_choice":"Got Potions","damage_taken":0,"max_hp_gain":0,"max_hp_loss":0,"event_name":"Lab","floor":13,"gold_loss":0},{"damage_healed":0,"gold_gain":0,"player_choice":"Forge","damage_taken":0,"max_hp_gain":0,"max_hp_loss":0,"event_name":"Accursed Blacksmith","floor":21,"gold_loss":0,"cards_upgraded":["Bullet Time"]},{"cards_removed":["Terror"],"damage_healed":0,"gold_gain":0,"player_choice":"Removed Skill","damage_taken":0,"max_hp_gain":0,"max_hp_loss":0,"event_name":"Falling","floor":36,"gold_loss":0},{"damage_healed":0,"gold_gain":0,"player_choice":"Fight","damage_taken":0,"max_hp_gain":0,"max_hp_loss":0,"event_name":"MindBloom","floor":37,"gold_loss":0},{"damage_healed":0,"gold_gain":100,"player_choice":"Pray","damage_taken":0,"max_hp_gain":0,"max_hp_loss":0,"event_name":"Golden Shrine","floor":47,"gold_loss":0}],"is_beta":false,"boss_relics":[{"not_picked":["Empty Cage","HoveringKite"],"picked":"Pandora\u0027s Box"},{"not_picked":["Philosopher\u0027s Stone","Runic Dome"],"picked":"Cursed Key"}],"items_purged_floors":[10,48],"is_endless":false,"potions_floor_spawned":[8,16,20,33,35,37,42,46],"ascension_level":3}