{"gold_per_floor":[117,117,117,8,8,52,52,52,52,90,103,103,126,0,0,126,126,139,32,32,52,77,77,77],"floor_reached":24,"playtime":1048,"items_purged":[],"score":340,"play_id":"35976559-1d73-4206-aa01-f8c0efa78b9c","local_time":"20181103234123","is_ascension_mode":true,"campfire_choices":[{"data":"Footwork","floor":7.0,"key":"SMITH"},{"data":"Poisoned Stab","floor":12.0,"key":"SMITH"},{"floor":15.0,"key":"REST"},{"floor":23,"key":"REST"}],"neow_cost":"NONE","seed_source_timestamp":10820031120992,"circlet_count":0,"master_deck":["Defend_G","Defend_G","Defend_G","Defend_G","Strike_G","Strike_G","Strike_G","Survivor","Neutralize","Blade Dance+1","Footwork+1","Catalyst+1","Injury","Deadly Poison+1","Blade Dance+1","Poisoned Stab+1","Tools of the Trade+1","Infinite Blades+1","Dodge and Roll+1","Storm of Steel+1","Bullet Time+1","Infinite Blades+1","Dash+1","Noxious Fumes+1","Acrobatics+1","Terror+1"],"special_seed":0,"relics":["Ring of the Snake","NeowsBlessing","Toxic Egg 2","Golden Idol","Strawberry","Nunchaku","Frozen Egg 2","Paper Crane","Astrolabe"],"potions_floor_usage":[22,22],"damage_taken":[{"damage":0.0,"enemies":"2 Louse","floor":1.0,"turns":1.0},{"damage":0.0,"enemies":"3 Sentries","floor":6.0,"turns":1.0},{"damage":0.0,"enemies":"Lagavulin","floor":10.0,"turns":1.0},{"damage":0.0,"enemies":"Small Slimes","floor":11.0,"turns":2.0},{"damage":0.0,"enemies":"Cultist","floor":13.0,"turns":3.0},{"damage":37.0,"enemies":"Slime Boss","floor":16.0,"turns":11.0},{"damage":15,"enemies":"Shell Parasite","floor":18,"turns":4},{"damage":8,"enemies":"3 Byrds","floor":21,"turns":5},{"damage":35,"enemies":"Snake Plant","floor":22,"turns":7},{"damage":31,"enemies":"Book of Stabbing","floor":24,"turns":4}],"seed_played":"-3109993728774740386","potions_obtained":[{"floor":1.0,"key":"SkillPotion"},{"floor":11.0,"key":"FearPotion"},{"floor":16.0,"key":"Block Potion"}],"is_trial":false,"path_per_floor":["M","?","?","$","?","E","R","T","T","E","M","R","M","$","R","B",null,"M","$","?","M","M","R","E"],"character_chosen":"THE_SILENT","items_purchased":["Footwork","Catalyst+1","Infinite Blades+1","Dodge and Roll+1","Noxious Fumes+1","Acrobatics+1"],"campfire_rested":2,"item_purchase_floors":[4,4,14,14,19,19],"current_hp_per_floor":[63,63,38,38,38,45,45,45,45,45,45,45,45,45,68,31,66,51,51,51,43,8,31,0],"gold":77,"neow_bonus":"THREE_ENEMY_KILL","is_prod":false,"is_daily":false,"chose_seed":false,"campfire_upgraded":2,"win_rate":0,"timestamp":1541302883,"path_taken":["M","?","?","$","?","E","R","?","T","E","M","R","?","$","R","BOSS","M","$","?","?","M","R","E"],"build_version":"2018-11-01","purchased_purges":0,"victory":false,"max_hp_per_floor":[70,70,70,70,70,77,77,77,77,77,77,77,77,77,77,77,77,77,77,77,77,77,77,77],"card_choices":[{"not_picked":["Eviscerate","Dagger Throw"],"picked":"Blade Dance","floor":1.0},{"not_picked":["Distraction+1","All Out Attack"],"picked":"Deadly Poison+1","floor":6.0},{"not_picked":["Dodge and Roll+1","Reflex+1"],"picked":"Blade Dance+1","floor":10.0},{"not_picked":["Dagger Spray","Sucker Punch"],"picked":"Poisoned Stab","floor":11.0},{"not_picked":["Poisoned Stab","Deflect+1"],"picked":"Tools of the Trade+1","floor":13.0},{"not_picked":["Adrenaline+1","Grand Finale"],"picked":"Storm of Steel+1","floor":16.0},{"not_picked":["Dagger Throw+1","Blur+1","Slice"],"picked":"SKIP","floor":18},{"not_picked":["Prepared+1","Dagger Spray","Blur+1"],"picked":"SKIP","floor":21},{"not_picked":["Calculated Gamble+1","Sucker Punch"],"picked":"Terror+1","floor":22}],"player_experience":734299,"relics_obtained":[{"floor":6.0,"key":"Strawberry"},{"floor":8.0,"key":"Nunchaku"},{"floor":9.0,"key":"Frozen Egg 2"},{"floor":10.0,"key":"Paper Crane"}],"event_choices":[{"damage_healed":0.0,"max_hp_gain":0.0,"max_hp_loss":0.0,"gold_gain":0.0,"event_name":"Living Wall","player_choice":"Grow","floor":2.0,"gold_loss":0.0,"damage_taken":0.0,"cards_upgraded":["Blade Dance"]},{"damage_healed":0.0,"max_hp_gain":0.0,"max_hp_loss":0.0,"gold_gain":0.0,"event_name":"Scrap Ooze","player_choice":"Success","floor":3.0,"gold_loss":0.0,"damage_taken":25.0,"relics_obtained":["Toxic Egg 2"]},{"damage_healed":0.0,"max_hp_gain":0.0,"max_hp_loss":0.0,"gold_gain":0.0,"event_name":"Golden Idol","player_choice":"Take Wound","floor":5.0,"gold_loss":0.0,"damage_taken":0.0,"relics_obtained":["Golden Idol"],"cards_obtained":["Injury"]},{"damage_healed":0,"gold_gain":0,"player_choice":"Got Potions","damage_taken":0,"max_hp_gain":0,"max_hp_loss":0,"event_name":"Lab","floor":20,"gold_loss":0}],"is_beta":false,"boss_relics":[{"not_picked":["Black Star","Eternal Feather"],"picked":"Astrolabe"}],"items_purged_floors":[],"is_endless":false,"potions_floor_spawned":[1,11,16,21],"killed_by":"Book of Stabbing","ascension_level":7}