{"gold_per_floor":[110,129,129,54,129,129,5,15,68,79,79,98,108,119,119,217,217,229,229,244,258,53,53,71,71,71,84,84,84,98,29,29,29],"floor_reached":33,"playtime":2393,"items_purged":["Exhume","Strike_R","Strike_R"],"score":268,"play_id":"db2cd2b8-9c39-4e9e-8ba0-1c0caf0dd45d","local_time":"20190213235829","is_ascension_mode":false,"campfire_choices":[{"data":"Searing Blow+1","floor":6,"key":"SMITH"},{"data":"Searing Blow+2","floor":11,"key":"SMITH"},{"data":"Armaments","floor":15,"key":"SMITH"},{"floor":25,"key":"REST"},{"floor":29,"key":"REST"},{"floor":32,"key":"REST"}],"neow_cost":"NONE","seed_source_timestamp":76405926089908,"circlet_count":0,"master_deck":["Strike_R","Defend_R","Defend_R","Defend_R","Defend_R","Bash","Searing Blow+3","Armaments","Armaments+1","Berserk","True Grit","Battle Trance","Armaments+1","Disarm"],"relics":["Burning Blood","Bag of Marbles","Empty Cage","Omamori"],"potions_floor_usage":[16,24,28,33],"damage_taken":[{"damage":12,"enemies":"Jaw Worm","floor":1,"turns":5},{"damage":5,"enemies":"Small Slimes","floor":2,"turns":4},{"damage":0,"enemies":"Cultist","floor":8,"turns":4},{"damage":13,"enemies":"Exordium Thugs","floor":10,"turns":4},{"damage":0,"enemies":"3 Louse","floor":12,"turns":3},{"damage":2,"enemies":"Large Slime","floor":13,"turns":5},{"damage":2,"enemies":"Blue Slaver","floor":14,"turns":3},{"damage":36,"enemies":"Hexaghost","floor":16,"turns":8},{"damage":25,"enemies":"Shell Parasite","floor":18,"turns":6},{"damage":18,"enemies":"3 Byrds","floor":20,"turns":8},{"damage":31,"enemies":"Shelled Parasite and Fungi","floor":21,"turns":10},{"damage":9,"enemies":"Centurion and Healer","floor":24,"turns":12},{"damage":29,"enemies":"Cultist and Chosen","floor":27,"turns":8},{"damage":2,"enemies":"Sentry and Sphere","floor":28,"turns":3},{"damage":8,"enemies":"Snake Plant","floor":30,"turns":5},{"damage":95,"enemies":"Champ","floor":33,"turns":11}],"seed_played":"4964419646744274104","potions_obtained":[{"floor":2,"key":"SmokeBomb"},{"floor":8,"key":"Ancient Potion"},{"floor":10,"key":"Block Potion"},{"floor":16,"key":"EssenceOfSteel"},{"floor":24,"key":"Fire Potion"}],"is_trial":false,"path_per_floor":["M","M","?","$","?","R","$","M","T","M","R","M","M","M","R","B",null,"M","?","M","M","$","$","M","R","T","M","M","R","M","$","R","B"],"character_chosen":"IRONCLAD","items_purchased":["Armaments","Battle Trance","Disarm"],"campfire_rested":3,"item_purchase_floors":[7,22,31],"current_hp_per_floor":[74,75,75,75,64,64,64,70,70,63,63,69,73,77,77,47,80,61,61,49,24,24,24,21,45,45,22,26,50,48,48,72,0],"gold":29,"neow_bonus":"ONE_RANDOM_RARE_CARD","is_prod":false,"is_daily":false,"chose_seed":false,"campfire_upgraded":3,"win_rate":0,"timestamp":1550120309,"path_taken":["M","M","?","$","?","R","$","M","T","M","R","M","M","M","R","BOSS","M","?","M","M","?","$","M","R","T","M","M","R","?","$","R","BOSS"],"build_version":"2019-01-23","purchased_purges":3,"victory":false,"max_hp_per_floor":[80,80,80,80,80,80,80,80,80,80,80,80,80,80,80,80,80,80,80,80,80,80,80,80,80,80,80,80,80,80,80,80,80],"card_choices":[{"not_picked":["Sword Boomerang","Wild Strike"],"picked":"Searing Blow","floor":1},{"not_picked":["Clash","Heavy Blade","Body Slam"],"picked":"SKIP","floor":2},{"not_picked":["Sentinel","Intimidate","Inflame"],"picked":"SKIP","floor":8},{"not_picked":["Anger","Combust","Reckless Charge"],"picked":"SKIP","floor":10},{"not_picked":["Body Slam","Clothesline"],"picked":"Armaments","floor":12},{"not_picked":["Spot Weakness","Intimidate","Sentinel"],"picked":"SKIP","floor":13},{"not_picked":["Heavy Blade","Perfected Strike"],"picked":"Berserk","floor":14},{"not_picked":["Iron Wave","Sword Boomerang","Anger"],"picked":"SKIP","floor":18},{"not_picked":["Feel No Pain+1","Corruption","Blood for Blood"],"picked":"SKIP","floor":20},{"not_picked":["Shockwave","Wild Strike+1"],"picked":"True Grit","floor":21},{"not_picked":["Rage","Rupture+1","Clash"],"picked":"SKIP","floor":24},{"not_picked":["Evolve","Clothesline","Clash"],"picked":"SKIP","floor":27},{"not_picked":["Perfected Strike","Body Slam"],"picked":"Armaments+1","floor":30}],"player_experience":1041502,"relics_obtained":[{"floor":9,"key":"Bag of Marbles"},{"floor":26,"key":"Omamori"}],"event_choices":[{"damage_healed":0,"gold_gain":0,"player_choice":"Grow","damage_taken":0,"max_hp_gain":0,"max_hp_loss":0,"event_name":"Living Wall","floor":3,"gold_loss":0,"cards_upgraded":["Searing Blow"]},{"damage_healed":0,"gold_gain":75,"player_choice":"Gather Gold","damage_taken":11,"max_hp_gain":0,"max_hp_loss":0,"event_name":"World of Goop","floor":5,"gold_loss":0},{"damage_healed":0,"gold_gain":0,"player_choice":"Bought 0 Potions","damage_taken":0,"max_hp_gain":0,"max_hp_loss":0,"event_name":"The Woman in Blue","floor":19,"gold_loss":0}],"is_beta":false,"boss_relics":[{"not_picked":["Cursed Key","Snecko Eye"],"picked":"Empty Cage"}],"items_purged_floors":[4,7,22],"is_endless":false,"potions_floor_spawned":[2,8,10,14,16,20,24,28],"killed_by":"Champ","ascension_level":0}