{"gold_per_floor":[110,130,150,150,95,120,143,168,168,11,11,30,44,44,44,116,116,130,0,0,0,18,49,49,49,75,75,125,142,156,175,175,175],"floor_reached":33,"playtime":1673,"items_purged":[],"score":523,"play_id":"6c32cac2-0e7e-4e42-809e-c23258883961","local_time":"20190303084726","is_ascension_mode":true,"campfire_choices":[{"floor":11.0,"key":"REST"},{"floor":15.0,"key":"REST"},{"floor":24,"key":"REST"},{"floor":32,"key":"REST"}],"neow_cost":"NONE","seed_source_timestamp":128384213058945,"circlet_count":0,"master_deck":["AscendersBane","Defend_G","Defend_G","Defend_G","Defend_G","Defend_G","Strike_G+1","Strike_G","Strike_G","Strike_G","Strike_G+1","Survivor","Neutralize","PiercingWail","Endless Agony","Bouncing Flask","Poisoned Stab","Dagger Throw","Well Laid Plans","Backflip","Burst","Dodge and Roll","Shame","Footwork","Terror","Footwork","Infinite Blades"],"special_seed":0,"relics":["Ring of the Snake","Blood Vial","Snake Skull","Boot","Vajra","Whetstone","Busted Crown","Bronze Scales","Letter Opener","Anchor","Regal Pillow","MutagenicStrength"],"potions_floor_usage":[29,29,30,31],"damage_taken":[{"damage":3.0,"enemies":"2 Louse","floor":1.0,"turns":3.0},{"damage":3.0,"enemies":"Jaw Worm","floor":2.0,"turns":5.0},{"damage":2.0,"enemies":"Small Slimes","floor":3.0,"turns":4.0},{"damage":22.0,"enemies":"Lagavulin","floor":6.0,"turns":6.0},{"damage":34.0,"enemies":"Gremlin Nob","floor":8.0,"turns":4.0},{"damage":10.0,"enemies":"Blue Slaver","floor":12.0,"turns":4.0},{"damage":1.0,"enemies":"Red Slaver","floor":13.0,"turns":3.0},{"damage":24.0,"enemies":"Slime Boss","floor":16.0,"turns":11.0},{"damage":4.0,"enemies":"Spheric Guardian","floor":18.0,"turns":4.0},{"damage":2,"enemies":"3 Byrds","floor":22,"turns":3},{"damage":50,"enemies":"Slavers","floor":23,"turns":6},{"damage":0,"enemies":"3 Cultists","floor":29,"turns":4},{"damage":21,"enemies":"Shelled Parasite and Fungi","floor":30,"turns":5},{"damage":3,"enemies":"Snake Plant","floor":31,"turns":3},{"damage":50,"enemies":"Collector","floor":33,"turns":10}],"seed_played":"1287634556344145031","potions_obtained":[{"floor":1.0,"key":"EssenceOfSteel"},{"floor":2.0,"key":"Block Potion"},{"floor":12.0,"key":"Strength Potion"},{"floor":23,"key":"EntropicBrew"},{"floor":30,"key":"GhostInAJar"}],"is_trial":false,"path_per_floor":["M","M","M","$","?","E","T","E","T","$","R","M","M","$","R","B",null,"M","?","?","T","M","E","R","$","T","?","?","M","M","M","R","B"],"character_chosen":"THE_SILENT","items_purchased":["Whetstone"],"campfire_rested":4,"item_purchase_floors":[10],"current_hp_per_floor":[62,59,57,57,57,35,35,3,3,3,24,16,17,17,38,16,58,56,56,56,56,56,8,29,29,29,29,29,31,12,11,47,0],"gold":175,"neow_bonus":"TEN_PERCENT_HP_BONUS","is_prod":false,"is_daily":false,"chose_seed":false,"campfire_upgraded":0,"win_rate":0,"timestamp":1551595646,"path_taken":["M","M","M","$","?","E","?","E","T","$","R","M","M","?","R","BOSS","M","?","?","?","?","E","R","$","T","?","?","?","M","M","R","BOSS"],"build_version":"2019-01-23","purchased_purges":0,"victory":false,"max_hp_per_floor":[72,72,72,72,72,72,72,72,72,72,72,72,72,72,72,72,72,72,72,72,72,72,72,72,72,72,72,72,72,72,72,72,72],"card_choices":[{"not_picked":["Predator","Quick Slash"],"picked":"PiercingWail","floor":1.0},{"not_picked":["Cloak And Dagger","Dagger Throw"],"picked":"Endless Agony","floor":2.0},{"not_picked":["Acrobatics","Flying Knee"],"picked":"Bouncing Flask","floor":3.0},{"not_picked":["Wraith Form v2","Acrobatics"],"picked":"Poisoned Stab","floor":6.0},{"not_picked":["Acrobatics","Slice"],"picked":"Dagger Throw","floor":8.0},{"not_picked":["Cloak And Dagger","Acrobatics"],"picked":"Well Laid Plans","floor":12.0},{"not_picked":["Acrobatics","Bane"],"picked":"Backflip","floor":13.0},{"not_picked":["Doppelganger","Night Terror"],"picked":"Burst","floor":16.0},{"not_picked":[],"picked":"Dodge and Roll","floor":18.0},{"not_picked":[],"picked":"Footwork","floor":22},{"not_picked":[],"picked":"Terror","floor":23},{"not_picked":["Backflip"],"picked":"SKIP","floor":29},{"not_picked":[],"picked":"Footwork","floor":30},{"not_picked":[],"picked":"Infinite Blades","floor":31}],"player_experience":346584,"relics_obtained":[{"floor":6.0,"key":"Blood Vial"},{"floor":7.0,"key":"Snake Skull"},{"floor":8.0,"key":"Boot"},{"floor":9.0,"key":"Vajra"},{"floor":21,"key":"Letter Opener"},{"floor":23,"key":"Anchor"},{"floor":26,"key":"Regal Pillow"}],"event_choices":[{"damage_healed":0.0,"max_hp_gain":0.0,"max_hp_loss":0.0,"gold_gain":0.0,"event_name":"World of Goop","player_choice":"Left Gold","floor":5.0,"gold_loss":55.0,"damage_taken":0.0},{"damage_healed":0,"gold_gain":0,"player_choice":"Paid Fearfully","damage_taken":0,"max_hp_gain":0,"max_hp_loss":0,"event_name":"Masked Bandits","floor":19,"gold_loss":130},{"damage_healed":0,"gold_gain":0,"player_choice":"Stole Relic","damage_taken":0,"relics_obtained":["Bronze Scales"],"max_hp_gain":0,"max_hp_loss":0,"event_name":"Addict","floor":20,"gold_loss":0,"cards_obtained":["Shame"]},{"damage_healed":0,"gold_gain":0,"player_choice":"Inject Mutagens","damage_taken":0,"relics_obtained":["MutagenicStrength"],"max_hp_gain":0,"max_hp_loss":0,"event_name":"Drug Dealer","floor":27,"gold_loss":0},{"damage_healed":0,"gold_gain":50,"player_choice":"Pray","damage_taken":0,"max_hp_gain":0,"max_hp_loss":0,"event_name":"Golden Shrine","floor":28,"gold_loss":0}],"is_beta":false,"boss_relics":[{"not_picked":["Ring of the Serpent","Astrolabe"],"picked":"Busted Crown"}],"items_purged_floors":[],"is_endless":false,"potions_floor_spawned":[1,2,12,23,30],"killed_by":"Collector","ascension_level":18}