{"gold_per_floor":[114,189,201,76,96,96,131,145,170,198,210,237,237,250,250,321,321,321,321,211,211,211,211,211,211,211,34,34,34,34,34,34,34,34,34,34,34,34,0,0,0,0,0,0,0,0,0,0,0,0,0],"floor_reached":51,"playtime":4003,"items_purged":["Strike_B","Strike_B"],"score":1490,"play_id":"06d20305-64f7-4ba2-9f71-0da40db370f7","local_time":"20181223133421","is_ascension_mode":true,"campfire_choices":[{"data":"Zap","floor":6,"key":"SMITH"},{"data":"Coolheaded","floor":13,"key":"SMITH"},{"floor":15,"key":"REST"},{"data":"Static Discharge","floor":23,"key":"SMITH"},{"floor":25,"key":"REST"},{"floor":32,"key":"REST"},{"data":"Defragment","floor":40,"key":"SMITH"},{"floor":42,"key":"REST"},{"floor":45,"key":"RECALL"},{"floor":49,"key":"REST"}],"neow_cost":"NONE","seed_source_timestamp":149786855745554,"circlet_count":0,"master_deck":["AscendersBane","Strike_B","Defend_B","Defend_B+1","Defend_B","Defend_B","Zap+1","Dualcast","Gash","Coolheaded+1","Compile Driver","Core Surge","Compile Driver","Rebound","Seek","Static Discharge+1","Static Discharge+1","Leap+1","Defragment","Thunder Strike","Defragment+1","Chill","Seek","Defragment","Compile Driver","Storm+1","Heatsinks","Parasite"],"relics":["Cracked Core","Orichalcum","Art of War","Anchor","Regal Pillow","Ectoplasm","Emotion Chip","Happy Flower","Symbiotic Virus","Sozu","Red Mask","Ornamental Fan","Dodecahedron","Singing Bowl","Bird Faced Urn"],"potions_floor_usage":[7,10,12,24,31],"damage_taken":[{"damage":0,"enemies":"Cultist","floor":1,"turns":3},{"damage":7,"enemies":"Small Slimes","floor":3,"turns":4},{"damage":0,"enemies":"2 Louse","floor":5,"turns":1},{"damage":6,"enemies":"Gremlin Nob","floor":7,"turns":3},{"damage":3,"enemies":"Looter","floor":8,"turns":3},{"damage":6,"enemies":"3 Sentries","floor":10,"turns":5},{"damage":0,"enemies":"Blue Slaver","floor":11,"turns":3},{"damage":18,"enemies":"Gremlin Nob","floor":12,"turns":4},{"damage":0,"enemies":"Red Slaver","floor":14,"turns":3},{"damage":47,"enemies":"Hexaghost","floor":16,"turns":9},{"damage":0,"enemies":"3 Byrds","floor":18,"turns":5},{"damage":6,"enemies":"Chosen","floor":19,"turns":3},{"damage":9,"enemies":"3 Cultists","floor":21,"turns":4},{"damage":6,"enemies":"Cultist and Chosen","floor":22,"turns":5},{"damage":35,"enemies":"Book of Stabbing","floor":24,"turns":4},{"damage":5,"enemies":"Snake Plant","floor":28,"turns":2},{"damage":2,"enemies":"Centurion and Healer","floor":30,"turns":4},{"damage":12,"enemies":"Gremlin Leader","floor":31,"turns":5},{"damage":29,"enemies":"Collector","floor":33,"turns":7},{"damage":1,"enemies":"Orb Walker","floor":35,"turns":3},{"damage":9,"enemies":"3 Darklings","floor":38,"turns":5},{"damage":31,"enemies":"Nemesis","floor":41,"turns":9},{"damage":22,"enemies":"Reptomancer","floor":44,"turns":5},{"damage":60,"enemies":"Giant Head","floor":47,"turns":6},{"damage":2,"enemies":"Writhing Mass","floor":48,"turns":5},{"damage":45,"enemies":"Donu and Deca","floor":50,"turns":6},{"damage":48,"enemies":"Awakened One","floor":51,"turns":2}],"seed_played":"-8496981877261106779","potions_obtained":[{"floor":1,"key":"Energy Potion"},{"floor":7,"key":"AttackPotion"},{"floor":8,"key":"Explosive Potion"},{"floor":16,"key":"Strength Potion"},{"floor":22,"key":"Poison Potion"},{"floor":24,"key":"FairyPotion"},{"floor":33,"key":"SpeedPotion"}],"is_trial":false,"path_per_floor":["M","?","M","$","M","R","E","M","T","E","M","E","R","M","R","B",null,"M","M","?","M","M","R","E","R","T","$","M","?","M","E","R","B",null,"M","?","?","M","?","R","E","R","T","E","R","T","E","M","R","B","B"],"character_chosen":"DEFECT","items_purchased":["Coolheaded","Defragment"],"campfire_rested":5,"item_purchase_floors":[4,27],"current_hp_per_floor":[71,60,53,53,53,53,47,44,44,38,38,20,20,20,58,11,61,61,55,55,46,40,40,5,43,43,43,38,38,36,24,62,33,67,66,66,66,57,57,57,26,63,63,41,41,41,7,21,58,27,0],"gold":0,"neow_bonus":"TEN_PERCENT_HP_BONUS","is_prod":false,"is_daily":false,"chose_seed":false,"campfire_upgraded":4,"win_rate":0,"timestamp":1545600861,"path_taken":["M","?","M","$","M","R","E","M","T","E","M","E","R","M","R","BOSS","M","M","?","M","?","R","E","R","T","$","M","?","M","E","R","BOSS","M","?","?","M","?","R","E","R","T","E","R","?","E","M","R","BOSS","BOSS"],"build_version":"2018-12-20","purchased_purges":2,"victory":false,"max_hp_per_floor":[78,78,78,78,78,78,78,78,78,78,78,78,78,78,78,78,78,78,78,78,78,78,78,78,78,78,78,78,78,78,78,78,78,78,78,78,74,74,74,74,74,74,74,74,74,74,74,76,76,76,76],"card_choices":[{"not_picked":["Blizzard","Turbo","Reprogram"],"picked":"SKIP","floor":1},{"not_picked":["Streamline","Beam Cell"],"picked":"Gash","floor":3},{"not_picked":["Steam","Darkness"],"picked":"Compile Driver","floor":5},{"not_picked":["Aggregate","Tempest"],"picked":"Core Surge","floor":7},{"not_picked":["Sweeping Beam","Conserve Battery"],"picked":"Compile Driver","floor":8},{"not_picked":["Tempest","White Noise","Go for the Eyes"],"picked":"SKIP","floor":10},{"not_picked":["Stack","Go for the Eyes","Chaos"],"picked":"SKIP","floor":11},{"not_picked":["Turbo","Beam Cell"],"picked":"Rebound","floor":12},{"not_picked":["Skim","Cold Snap"],"picked":"Ball Lightning","floor":14},{"not_picked":["Machine Learning","Thunder Strike"],"picked":"Seek","floor":16},{"not_picked":["Barrage","Chaos"],"picked":"Static Discharge","floor":18},{"not_picked":["Sunder","Stack+1"],"picked":"Static Discharge+1","floor":19},{"not_picked":["Conserve Battery","Rebound","Gash"],"picked":"SKIP","floor":21},{"not_picked":["Stack+1","Turbo"],"picked":"Leap+1","floor":22},{"not_picked":["Scrape","Ball Lightning","Turbo"],"picked":"SKIP","floor":24},{"not_picked":["Beam Cell","Lockon"],"picked":"Thunder Strike","floor":28},{"not_picked":["Skim","Hologram+1"],"picked":"Chill","floor":30},{"not_picked":["Rip and Tear","Stack","Rebound"],"picked":"SKIP","floor":31},{"not_picked":["Hyperbeam","Fission"],"picked":"Seek","floor":33},{"not_picked":["Self Repair","Turbo","Ball Lightning"],"picked":"SKIP","floor":35},{"not_picked":["Storm","Stack"],"picked":"Defragment","floor":38},{"not_picked":["Redo","Beam Cell+1"],"picked":"Compile Driver","floor":41},{"not_picked":["Hologram","Barrage+1"],"picked":"Storm+1","floor":44},{"not_picked":["Double Energy","Force Field+1"],"picked":"Heatsinks","floor":47},{"not_picked":["Conserve Battery","Turbo+1","Chill"],"picked":"Singing Bowl","floor":48}],"player_experience":3996910,"relics_obtained":[{"floor":7,"key":"Orichalcum"},{"floor":9,"key":"Art of War"},{"floor":10,"key":"Anchor"},{"floor":12,"key":"Regal Pillow"},{"floor":24,"key":"Emotion Chip"},{"floor":26,"key":"Happy Flower"},{"floor":31,"key":"Symbiotic Virus"},{"floor":41,"key":"Ornamental Fan"},{"floor":44,"key":"Dodecahedron"},{"floor":46,"key":"Singing Bowl"},{"floor":47,"key":"Bird Faced Urn"}],"event_choices":[{"damage_healed":0,"gold_gain":75,"player_choice":"Gather Gold","damage_taken":11,"max_hp_gain":0,"max_hp_loss":0,"event_name":"World of Goop","floor":2,"gold_loss":0},{"cards_removed":["Strike_B"],"damage_healed":0,"gold_gain":0,"player_choice":"Upgrade and Remove","damage_taken":0,"max_hp_gain":0,"max_hp_loss":0,"event_name":"Designer","floor":20,"gold_loss":110,"cards_upgraded":["Defend_B"]},{"damage_healed":0,"gold_gain":0,"player_choice":"Read","damage_taken":0,"max_hp_gain":0,"max_hp_loss":0,"event_name":"The Library","floor":29,"gold_loss":0,"cards_obtained":["Defragment"]},{"cards_removed":["Ball Lightning"],"damage_healed":0,"gold_gain":0,"player_choice":"Removed Attack","damage_taken":0,"max_hp_gain":0,"max_hp_loss":0,"event_name":"Falling","floor":36,"gold_loss":0},{"damage_healed":0,"gold_gain":0,"player_choice":"Max HP","damage_taken":0,"max_hp_gain":0,"max_hp_loss":4,"event_name":"Winding Halls","floor":37,"gold_loss":0},{"damage_healed":0,"gold_gain":0,"player_choice":"Paid","damage_taken":0,"relics_obtained":["Red Mask"],"max_hp_gain":0,"max_hp_loss":0,"event_name":"Tomb of Lord Red Mask","floor":39,"gold_loss":34}],"is_beta":true,"boss_relics":[{"not_picked":["Eternal Feather","Runic Dome"],"picked":"Ectoplasm"},{"not_picked":["Busted Crown","FrozenCore"],"picked":"Sozu"}],"items_purged_floors":[4,27],"is_endless":false,"potions_floor_spawned":[1,7,8,16,22,24,28,33,41,44],"killed_by":"Awakened One","ascension_level":20}