{"path_per_floor":["M","?","$","?","?","E","R","E","T","R","E","?","M","$","R","B",null,"M","?","?","?","M","R","M","M","T","E","?","M","M","M","R"],"character_chosen":"IRONCLAD","items_purchased":[],"gold_per_floor":[110,110,35,35,35,62,62,90,90,90,122,122,132,32,32,135,135,153,153,153,153,172,172,192,211,267,294,294,307,320,334,334],"floor_reached":33,"campfire_rested":2,"playtime":954,"current_hp_per_floor":[78,78,78,75,59,65,65,78,78,78,75,75,78,78,78,40,73,69,53,53,53,49,75,69,70,70,66,66,52,58,64,89],"items_purged":["Regret","Parasite"],"gold":334,"score":500,"play_id":"44a4fec0-bb7e-45fa-88d5-9a6d9092a5ad","local_time":"20180321003103","is_prod":false,"is_daily":false,"is_ascension_mode":true,"campfire_upgraded":3,"timestamp":1521610263,"path_taken":["M","?","$","?","?","E","R","E","T","R","E","?","M","?","R","BOSS","M","?","?","?","M","R","M","M","T","E","?","M","M","M","R","BOSS"],"build_version":"2018-03-15v3","purchased_purges":2,"victory":false,"master_deck":["Strike_R+1","Strike_R+1","Strike_R+1","Strike_R+1","Defend_R+1","Defend_R+1","Defend_R+1","Defend_R+1","Bash+1","Thunderclap","Whirlwind+1","Clash+1","Impervious+1","Shrug It Off+1","Clash+1","Seeing Red+1","Clash","Metallicize+1"],"max_hp_per_floor":[80,80,80,80,80,80,80,87,87,87,87,87,87,84,84,84,84,84,89,89,89,89,89,89,89,89,89,89,89,89,89,89],"relics":["Burning Blood","NeowsBlessing","Oddly Smooth Stone","Juzu Bracelet","Toxic Egg 2","Strawberry","Champion Belt","Orichalcum","Omamori","Question Card","Tiny Chest","Letter Opener"],"card_choices":[{"not_picked":["Armaments","Cleave"],"picked":"Thunderclap"},{"not_picked":["Fire Breathing","Sentinel"],"picked":"Whirlwind"},{"not_picked":["Wild Strike","Fiend Fire"],"picked":"Clash"},{"not_picked":["Immolate","Berserk"],"picked":"Impervious"},{"not_picked":["Blood for Blood","Thunderclap","Body Slam"],"picked":"Shrug It Off"},{"not_picked":["Corruption","Pummel","Second Wind"],"picked":"Clash"},{"not_picked":["Heavy Blade","Wild Strike","Cleave"],"picked":"Seeing Red"},{"not_picked":["Pommel Strike","Sword Boomerang","Limit Break"],"picked":"Clash"},{"not_picked":["Body Slam","Entrench","Rupture"],"picked":"Metallicize"}],"player_experience":325578,"potions_floor_usage":[30,31,31,33],"damage_taken":[{"damage":0.0,"enemies":"Small Slimes","floor":1.0,"turns":1.0},{"damage":0.0,"enemies":"3 Sentries","floor":6.0,"turns":2.0},{"damage":0.0,"enemies":"Lagavulin","floor":8.0,"turns":1.0},{"damage":9.0,"enemies":"3 Sentries","floor":11.0,"turns":4.0},{"damage":3.0,"enemies":"Jaw Worm","floor":13.0,"turns":3.0},{"damage":44.0,"enemies":"Slime Boss","floor":16.0,"turns":11.0},{"damage":10.0,"enemies":"Spheric Guardian","floor":18.0,"turns":6.0},{"damage":10.0,"enemies":"Shell Parasite","floor":22.0,"turns":7.0},{"damage":12.0,"enemies":"Snake Plant","floor":24.0,"turns":4.0},{"damage":5.0,"enemies":"3 Cultists","floor":25.0,"turns":5.0},{"damage":10,"enemies":"Gremlin Leader","floor":27,"turns":7},{"damage":20,"enemies":"Centurion and Healer","floor":29,"turns":4},{"damage":12,"enemies":"Snake Plant","floor":30,"turns":5},{"damage":0,"enemies":"Cultist and Chosen","floor":31,"turns":5},{"damage":111,"enemies":"Champ","floor":33,"turns":17}],"event_choices":[{"event_name":"Big Fish","player_choice":"Box","floor":2.0,"damage_taken":0.0},{"event_name":"Scrap Ooze","player_choice":"success","floor":4.0,"damage_taken":3.0},{"event_name":"Shining Light","player_choice":"Entered Light","floor":5.0,"damage_taken":0.0},{"event_name":"Wheel of Change","player_choice":"Relic","floor":12.0,"damage_taken":0.0},{"event_name":"Forgotten Altar","player_choice":"Shed Blood","floor":19.0,"damage_taken":0.0},{"event_name":"Bonfire Elementals","player_choice":"BASIC","floor":20.0,"damage_taken":0.0},{"event_name":"Back to Basics","player_choice":"Simplicity","floor":21.0,"damage_taken":0.0},{"event_name":"Accursed Blacksmith","player_choice":"Forge","floor":28,"damage_taken":0}],"boss_relics":[],"potions_floor_spawned":[8,13,16,24,27,29,30],"seed_played":"-234885707313244626","killed_by":"Champ","ascension_level":10,"is_trial":false}