{"path_per_floor":["M","M","?","M","$","R","?","M","T","M","M","M","$","?","R","B",null,"M","M","M","$","M","R","M","?","T","M","M","R","?","?","R","B",null,"M","?","M","M","M","R","$","R","T","R","M","M","?","M","R","B"],"character_chosen":"IRONCLAD","items_purchased":["Rampage","Shrug It Off","Offering","Vajra","Whirlwind","Pen Nib"],"gold_per_floor":[109,122,122,140,65,65,65,86,86,111,130,148,60,60,60,185,185,200,225,246,18,41,41,60,60,84,108,126,126,126,26,26,146,146,165,165,188,213,229,229,3,3,27,27,47,68,68,84,84,84],"floor_reached":51,"campfire_rested":4,"playtime":2757,"current_hp_per_floor":[80,80,73,79,79,79,59,59,59,56,58,52,52,35,61,25,88,92,77,68,68,67,67,42,42,42,31,24,53,85,85,85,40,98,94,94,88,75,64,64,64,64,64,94,77,72,72,64,95,7],"items_purged":["Defend_R"],"gold":84,"play_id":"7045b7f5-9da9-4643-aef3-e7a277cc0fb2","is_prod":false,"is_daily":false,"campfire_rituals":0,"campfire_upgraded":2,"is_hardmode":false,"path_taken":["M","M","?","M","$","R","?","M","T","M","M","?","?","?","R","BOSS","M","M","M","$","M","R","M","?","T","M","M","R","?","?","R","BOSS","M","?","?","M","M","R","$","R","T","R","M","M","?","M","R","BOSS"],"build_version":"2018-01-18-PROD4","purchased_purges":1,"victory":true,"master_deck":["Strike_R","Strike_R","Strike_R","Strike_R","Strike_R","Defend_R","Bash","Inflame","Feed","Flex","Uppercut","Rampage","Shrug It Off","Clash","Cleave","Pommel Strike","Offering","Shrug It Off","Inflame","J.A.X.","Offering","Pommel Strike","Headbutt","Infernal Blade","Whirlwind","Heavy Blade","Iron Wave","J.A.X.","Pummel","Shrug It Off"],"max_hp_per_floor":[80,80,80,80,80,80,80,80,80,80,84,88,88,88,88,88,88,92,92,95,95,95,95,95,95,95,98,98,98,98,98,98,98,98,98,98,101,101,101,101,101,101,101,101,104,104,104,104,104,104],"relics":["Burning Blood","Golden Idol","Shovel","Mark of Pain","Vajra","Dream Catcher","Omamori","Cursed Key","War Paint","Pen Nib","Oddly Smooth Stone","Happy Flower"],"campfire_meditates":0,"card_choices":[{"not_picked":["Armaments","Perfected Strike"],"picked":"Inflame"},{"not_picked":["Hemokinesis","Body Slam"],"picked":"Armaments"},{"not_picked":["Infernal Blade","Thunderclap"],"picked":"Feed"},{"not_picked":["Thunderclap","Anger"],"picked":"Flex"},{"not_picked":["Cleave","Wild Strike"],"picked":"Uppercut"},{"not_picked":["Twin Strike","Perfected Strike"],"picked":"Clash"},{"not_picked":["Armaments","Anger"],"picked":"Cleave"},{"not_picked":["Body Slam","Warcry"],"picked":"Pommel Strike"},{"not_picked":["Ghostly Armor","Wild Strike"],"picked":"Shrug It Off"},{"not_picked":["Havoc","Flex"],"picked":"Inflame"},{"not_picked":["Barricade","Brutality"],"picked":"Offering"},{"not_picked":["Havoc","Clash"],"picked":"Pommel Strike"},{"not_picked":["Sword Boomerang","Combust"],"picked":"Headbutt"},{"not_picked":["Uppercut","Flame Barrier"],"picked":"Infernal Blade"},{"not_picked":["Armaments","Sever Soul"],"picked":"Heavy Blade"},{"not_picked":["Twin Strike","Anger"],"picked":"Iron Wave"},{"not_picked":["Cleave","Juggernaut"],"picked":"Pummel"},{"not_picked":["Twin Strike","Perfected Strike"],"picked":"Shrug It Off"}],"player_experience":158324,"potions_floor_usage":[10,11,16,18,20,33,33,45,50,50],"damage_taken":[{"damage":6,"enemies":"Jaw Worm","floor":1,"turns":3},{"damage":3,"enemies":"Small Slimes","floor":2,"turns":4},{"damage":0,"enemies":"2 Louse","floor":4,"turns":3},{"damage":6,"enemies":"2 Fungi Beasts","floor":8,"turns":3},{"damage":9,"enemies":"Exordium Thugs","floor":10,"turns":3},{"damage":8,"enemies":"Exordium Wildlife","floor":11,"turns":4},{"damage":16,"enemies":"Red Slaver","floor":12,"turns":3},{"damage":42,"enemies":"Hexaghost","floor":16,"turns":7},{"damage":5,"enemies":"3 Byrds","floor":18,"turns":4},{"damage":21,"enemies":"Spheric Guardian","floor":19,"turns":4},{"damage":18,"enemies":"Centurion and Healer","floor":20,"turns":4},{"damage":7,"enemies":"Snecko","floor":22,"turns":4},{"damage":31,"enemies":"Snake Plant","floor":24,"turns":3},{"damage":20,"enemies":"3 Cultists","floor":27,"turns":4},{"damage":13,"enemies":"Centurion and Healer","floor":28,"turns":3},{"damage":51,"enemies":"Collector","floor":33,"turns":9},{"damage":10,"enemies":"Orb Walker","floor":35,"turns":2},{"damage":15,"enemies":"3 Shapes","floor":37,"turns":2},{"damage":19,"enemies":"3 Darklings","floor":38,"turns":3},{"damage":17,"enemies":"Maw","floor":39,"turns":5},{"damage":26,"enemies":"4 Shapes","floor":45,"turns":4},{"damage":11,"enemies":"3 Darklings","floor":46,"turns":2},{"damage":14,"enemies":"Maw","floor":48,"turns":5},{"damage":94,"enemies":"Time Eater","floor":50,"turns":7}],"event_choices":[{"event_name":"Golden Wing","player_choice":"Card Removal","floor":3,"damage_taken":0},{"event_name":"Golden Idol","player_choice":"Take Damage","floor":7,"damage_taken":0},{"event_name":"Shining Light","player_choice":"Entered Light","floor":14,"damage_taken":0},{"event_name":"Back to Basics","player_choice":"Simplicity","floor":25,"damage_taken":0},{"event_name":"The Library","player_choice":"Heal","floor":30,"damage_taken":0},{"event_name":"Drug Dealer","player_choice":"Got JAXXED","floor":31,"damage_taken":0},{"event_name":"Purifier","player_choice":"One Purge","floor":36,"damage_taken":0},{"event_name":"Duplicator","player_choice":"One dupe","floor":47,"damage_taken":0}],"boss_relics":[{"not_picked":["Snecko Eye","Calling Bell"],"picked":"Mark of Pain"},{"not_picked":["Runic Cube","Runic Pyramid"],"picked":"Cursed Key"}],"potions_floor_spawned":[1,2,4,12,16,18,24,28,33,38,45,48],"seed_played":"5346545178350850857","is_trial":false}