{"gold_per_floor":[113,288,2,2,13,24,36,36,36,51,70,70,84,100,100,200,200,213,226,0,0,10,10,20,31,31,31,50,50,69,86,86,186,186,200,100,100,113,113,113,126,1,69,69,69,69],"floor_reached":46,"playtime":5850,"items_purged":["Doubt","Streamline","Streamline"],"score":418,"play_id":"dada0c66-23ba-43ce-9ee3-5df0d3cfc899","local_time":"20180912235708","is_ascension_mode":false,"campfire_choices":[{"data":"Redo","floor":8,"key":"SMITH"},{"data":"Apotheosis","floor":15,"key":"SMITH"},{"floor":23,"key":"REST"},{"floor":27,"key":"REST"},{"floor":32,"key":"REST"},{"data":"Echo Form","floor":40,"key":"SMITH"},{"floor":45,"key":"REST"}],"neow_cost":"NONE","seed_source_timestamp":451737726601327,"circlet_count":0,"master_deck":["Zap","Dualcast+1","Reprogram","Apotheosis+1","White Noise","Skim","Redo+1","Loop","Turbo","BootSequence","Echo Form+1","Lockon","Reinforced Body","Defragment","Beam Cell","Self Repair","BootSequence","Conserve Battery","Glacier","Go for the Eyes+1","Rebound+1","Buffer","Loop","Sweeping Beam","Steam Power","Gash","Auto Shields","Capacitor","Auto Shields+1"],"relics":["Cracked Core","Centennial Puzzle","Orrery","PreservedInsect","Bronze Scales","MutagenicStrength","Pandora\u0027s Box","FossilizedHelix","Gremlin Horn"],"potions_floor_usage":[11,14,16,16,16,16,16,24,28,33,39,41,41],"damage_taken":[{"damage":0,"enemies":"2 Louse","floor":1,"turns":2},{"damage":0,"enemies":"Small Slimes","floor":5,"turns":3},{"damage":1,"enemies":"Jaw Worm","floor":6,"turns":2},{"damage":13,"enemies":"2 Fungi Beasts","floor":7,"turns":4},{"damage":3,"enemies":"Red Slaver","floor":10,"turns":3},{"damage":0,"enemies":"Exordium Wildlife","floor":11,"turns":3},{"damage":0,"enemies":"Large Slime","floor":13,"turns":4},{"damage":0,"enemies":"3 Louse","floor":14,"turns":2},{"damage":57,"enemies":"Slime Boss","floor":16,"turns":11},{"damage":48,"enemies":"3 Byrds","floor":18,"turns":6},{"damage":8,"enemies":"Chosen","floor":19,"turns":5},{"damage":1,"enemies":"Snake Plant","floor":22,"turns":5},{"damage":28,"enemies":"Snecko","floor":24,"turns":6},{"damage":8,"enemies":"Centurion and Healer","floor":25,"turns":8},{"damage":13,"enemies":"Snake Plant","floor":28,"turns":6},{"damage":9,"enemies":"Cultist and Chosen","floor":30,"turns":8},{"damage":14,"enemies":"Centurion and Healer","floor":31,"turns":6},{"damage":34,"enemies":"Automaton","floor":33,"turns":14},{"damage":0,"enemies":"Orb Walker","floor":35,"turns":4},{"damage":7,"enemies":"3 Shapes","floor":38,"turns":5},{"damage":6,"enemies":"Mind Bloom Boss Battle","floor":39,"turns":8},{"damage":41,"enemies":"Reptomancer","floor":41,"turns":9},{"damage":49,"enemies":"3 Darklings","floor":46,"turns":7}],"seed_played":"1019939382624201637","potions_obtained":[{"floor":1,"key":"EssenceOfSteel"},{"floor":5,"key":"Poison Potion"},{"floor":10,"key":"Fire Potion"},{"floor":13,"key":"EntropicBrew"},{"floor":19,"key":"SkillPotion"},{"floor":22,"key":"Block Potion"},{"floor":24,"key":"Energy Potion"},{"floor":25,"key":"SpeedPotion"},{"floor":35,"key":"Energy Potion"},{"floor":39,"key":"SpeedPotion"}],"is_trial":false,"path_per_floor":["M","?","$","?","M","M","M","R","T","M","M","?","M","M","R","B",null,"M","M","?","T","M","R","M","M","T","R","M","?","M","M","R","B",null,"M","$","?","M","?","R","M","$","T","?","R"],"character_chosen":"DEFECT","items_purchased":["Apotheosis"],"campfire_rested":4,"item_purchase_floors":[3],"current_hp_per_floor":[75,75,75,75,75,74,61,61,61,58,58,75,75,75,75,18,75,27,39,39,39,38,60,32,44,44,66,53,53,44,51,73,53,75,75,75,71,71,65,65,24,24,24,24,45,0],"gold":69,"neow_bonus":"UPGRADE_CARD","is_prod":false,"is_daily":false,"chose_seed":false,"campfire_upgraded":3,"win_rate":0,"timestamp":1536793028,"path_taken":["M","?","$","?","M","M","M","R","T","M","M","?","?","M","R","BOSS","M","M","?","?","?","R","M","M","T","R","M","?","M","?","R","BOSS","M","$","?","M","?","R","M","?","T","?","R","M"],"build_version":"2018-09-06","purchased_purges":3,"victory":false,"max_hp_per_floor":[75,75,75,75,75,75,75,75,75,75,75,75,75,75,75,75,75,75,75,75,75,75,75,75,75,75,75,75,75,75,75,75,75,75,75,75,71,71,71,71,71,71,71,71,71,71],"card_choices":[{"not_picked":["Tempest","Hello World"],"picked":"Reprogram","floor":1},{"not_picked":["Stack","Compile Driver"],"picked":"White Noise","floor":5},{"not_picked":["Leap","Coolheaded"],"picked":"Skim","floor":6},{"not_picked":["Leap","Cold Snap"],"picked":"Redo","floor":7},{"not_picked":["Sweeping Beam","Streamline"],"picked":"Loop","floor":10},{"not_picked":["Rainbow","Sweeping Beam"],"picked":"FTL","floor":11},{"not_picked":["Chaos","Skim"],"picked":"Turbo","floor":13},{"not_picked":["Glacier","Stack"],"picked":"BootSequence","floor":14},{"not_picked":["Creative AI","All For One"],"picked":"Echo Form","floor":16},{"not_picked":["Streamline","Coolheaded"],"picked":"Lockon","floor":17},{"not_picked":["Redo","Coolheaded"],"picked":"Reinforced Body","floor":17},{"not_picked":["Stack","Coolheaded"],"picked":"Defragment","floor":17},{"not_picked":["Compile Driver","Cold Snap"],"picked":"Beam Cell","floor":17},{"not_picked":["Ball Lightning","Loop"],"picked":"Self Repair","floor":17},{"not_picked":["Coolheaded","Static Discharge"],"picked":"BootSequence","floor":18},{"not_picked":["Gash","Storm"],"picked":"Conserve Battery","floor":19},{"not_picked":["Leap","Rip and Tear","Sweeping Beam"],"picked":"SKIP","floor":22},{"not_picked":["Meteor Strike","Go for the Eyes"],"picked":"Glacier","floor":24},{"not_picked":["Glacier+1","Conserve Battery"],"picked":"Go for the Eyes+1","floor":25},{"not_picked":["Leap+1","Steam Power+1","Hologram"],"picked":"SKIP","floor":28},{"not_picked":["Beam Cell+1","Double Energy","Melter"],"picked":"SKIP","floor":30},{"not_picked":["Reinforced Body","Turbo"],"picked":"Rebound+1","floor":31},{"not_picked":["Fission","Biased Cognition"],"picked":"Buffer","floor":33},{"not_picked":["Beam Cell","Leap"],"picked":"Capacitor","floor":35},{"not_picked":["Hologram","Streamline+1","Leap+1"],"picked":"SKIP","floor":38},{"not_picked":["Storm+1","Double Energy"],"picked":"Auto Shields+1","floor":39},{"not_picked":["Turbo","Rebound+1","Streamline+1"],"picked":"SKIP","floor":41}],"player_experience":134982,"relics_obtained":[{"floor":9,"key":"Centennial Puzzle"},{"floor":21,"key":"PreservedInsect"},{"floor":26,"key":"Bronze Scales"},{"floor":39,"key":"FossilizedHelix"},{"floor":43,"key":"Gremlin Horn"}],"event_choices":[{"event_name":"Liars Game","player_choice":"agreed","floor":2,"damage_taken":0},{"event_name":"Living Wall","player_choice":"Change","floor":4,"damage_taken":0},{"event_name":"Bonfire Elementals","player_choice":"UNCOMMON","floor":12,"damage_taken":0},{"event_name":"Masked Bandits","player_choice":"Paid Fearfully","floor":20,"damage_taken":0},{"event_name":"Drug Dealer","player_choice":"Inject Mutagens","floor":29,"damage_taken":0},{"event_name":"Winding Halls","player_choice":"Max HP","floor":37,"damage_taken":0},{"event_name":"MindBloom","player_choice":"Fight","floor":39,"damage_taken":0},{"event_name":"Wheel of Change","player_choice":"Card Removal","floor":44,"damage_taken":0}],"is_beta":false,"boss_relics":[{"not_picked":["Runic Dome","Fusion Hammer"],"picked":"Orrery"},{"not_picked":["Astrolabe","Lizard Tail"],"picked":"Pandora\u0027s Box"}],"items_purged_floors":[3,36,42],"is_endless":false,"potions_floor_spawned":[1,5,10,13,19,22,24,25,35,39],"killed_by":"3 Darklings","ascension_level":0}