{"gold_per_floor":[153,204,204,246,288,288,348,390,390,423,84,114,114,114,114,405,405,444,33,93,132,34,34,34,34,57,87,87,144,2,62,62,353,353,398,446,479,479,479],"floor_reached":39,"playtime":2059,"items_purged":[],"score":704,"play_id":"5453439b-80ae-4078-9f3a-01d6898d42b3","local_time":"20181030230339","daily_mods":["Hoarder","Insanity","Chimera","Specialized","ControlledChaos","Allstar","Red Cards","Green Cards","Blue Cards","Colorless Cards","Cursed Run","Midas"],"is_ascension_mode":false,"campfire_choices":[{"floor":6,"key":"REST"},{"floor":15,"key":"REST"},{"floor":23,"key":"REST"},{"floor":25,"key":"REST"},{"floor":28,"key":"REST"},{"floor":32,"key":"REST"}],"neow_cost":"","seed_source_timestamp":1794662738399098,"circlet_count":0,"master_deck":["Rupture","Cleave","Metallicize","Rupture","Barricade","Shockwave","True Grit","Berserk","Flex","Limit Break","Shockwave","Strike_R","Disarm","Evolve","Impervious","Clash","Juggernaut","Entrench","Intimidate","Anger","Battle Trance","Seeing Red","Carnage","Sentinel","Barricade","Feel No Pain","Wild Strike","Bludgeon","Demon Form","Strike_R","Brutality","Whirlwind","Infernal Blade","Clash","Burning Pact","Pommel Strike","Impervious","Blood for Blood","Disarm","Shrug It Off","Inflame","Body Slam","Perfected Strike","Whirlwind","Sever Soul","Combust","Corruption","Berserk","Double Tap","True Grit","Bash","Survivor","Zap","Strike_R","Strike_G","Strike_B","Defend_R","Defend_G","Defend_B","Demon Form","Wraith Form v2","Echo Form","Cleave","Cleave","Cleave","Cleave","Cleave","Cleave","Cleave","Cleave","Cleave","Cleave","Cleave","Cleave","Cleave","Cleave","Cleave","Metamorphosis","Metamorphosis","Metamorphosis","Jack Of All Trades","Jack Of All Trades","Jack Of All Trades","Mayhem","Mayhem","Mayhem","Chrysalis","Chrysalis","Chrysalis","Flash of Steel","Flash of Steel","Flash of Steel","BootSequence","BootSequence","BootSequence","Gash","Gash","Gash","Regret","Regret","Escape Plan","Escape Plan","Escape Plan","Ball Lightning","Ball Lightning","Ball Lightning","Dagger Spray","Dagger Spray","Dagger Spray","Flame Barrier","Flame Barrier","Flame Barrier","Sword Boomerang+1","Sword Boomerang+1","Sword Boomerang+1","Apotheosis","Apotheosis","Apotheosis","Uppercut+1","Uppercut+1","Uppercut+1","Pain","Pain","Pain","Secret Weapon","Secret Weapon","Secret Weapon","Turbo","Turbo","Turbo","Skewer+1","Skewer+1","Skewer+1","Sweeping Beam+1","Sweeping Beam+1","Sweeping Beam+1","Sword Boomerang+1","Sword Boomerang+1","Sword Boomerang+1","Warcry","Warcry","Warcry","Well Laid Plans","Well Laid Plans","Well Laid Plans","Dark Shackles+1","Dark Shackles+1","Dark Shackles+1","Rebound+1","Rebound+1","Rebound+1","Deflect","Deflect","Deflect","Calculated Gamble","Calculated Gamble","Calculated Gamble","Underhanded Strike+1","Underhanded Strike+1","Underhanded Strike+1","Havoc+1","Havoc+1","Havoc+1","Pain","Pain","Pain","Master of Strategy","Master of Strategy","Master of Strategy","Turbo","Turbo","Turbo","Pommel Strike+1","Pommel Strike+1","Pommel Strike+1","Cleave+1","Cleave+1","Cleave+1","Backflip","Backflip","Backflip","Clothesline+1","Clothesline+1","Clothesline+1","Poisoned Stab+1","Poisoned Stab+1","Poisoned Stab+1","Self Repair+1","Self Repair+1","Self Repair+1","After Image","After Image","After Image","Madness","Madness","Madness","Madness","Madness","Madness","Parasite","Parasite","Parasite"],"relics":["Snecko Eye","Strawberry","Molten Egg 2","Boot","Pen Nib","Velvet Choker","Chemical X","Bag of Preparation","MutagenicStrength","Blood Vial","Orrery"],"potions_floor_usage":[16,33,37,37,39],"damage_taken":[{"damage":15,"enemies":"2 Louse","floor":1,"turns":3},{"damage":5,"enemies":"Jaw Worm","floor":2,"turns":4},{"damage":0,"enemies":"Cultist","floor":4,"turns":2},{"damage":6,"enemies":"Red Slaver","floor":5,"turns":4},{"damage":9,"enemies":"Exordium Thugs","floor":7,"turns":5},{"damage":18,"enemies":"Large Slime","floor":8,"turns":9},{"damage":0,"enemies":"Lots of Slimes","floor":10,"turns":2},{"damage":0,"enemies":"Red Slaver","floor":12,"turns":3},{"damage":8,"enemies":"Slime Boss","floor":16,"turns":6},{"damage":7,"enemies":"Shell Parasite","floor":18,"turns":3},{"damage":5,"enemies":"3 Byrds","floor":20,"turns":4},{"damage":0,"enemies":"Snecko","floor":21,"turns":3},{"damage":35,"enemies":"Shelled Parasite and Fungi","floor":27,"turns":5},{"damage":0,"enemies":"Cultist and Chosen","floor":29,"turns":2},{"damage":6,"enemies":"Snecko","floor":31,"turns":2},{"damage":60,"enemies":"Collector","floor":33,"turns":8},{"damage":26,"enemies":"Orb Walker","floor":35,"turns":3},{"damage":32,"enemies":"3 Darklings","floor":36,"turns":5},{"damage":0,"enemies":"Spire Growth","floor":37,"turns":3},{"damage":24,"enemies":"Writhing Mass","floor":39,"turns":5}],"seed_played":"-8311525184986173747","potions_obtained":[{"floor":2,"key":"AttackPotion"},{"floor":5,"key":"EssenceOfSteel"},{"floor":7,"key":"EssenceOfSteel"},{"floor":18,"key":"Poison Potion"},{"floor":33,"key":"FearPotion"},{"floor":37,"key":"PowerPotion"}],"is_trial":true,"path_per_floor":["M","M","?","M","M","R","M","M","T","M","$","M","T","?","R","B",null,"M","$","M","M","$","R","?","R","T","M","R","M","$","M","R","B",null,"M","M","M","?"],"character_chosen":"IRONCLAD","items_purchased":["Apotheosis","Boot","Skewer+1","Chemical X","Bag of Preparation","Warcry","Well Laid Plans","Deflect","Calculated Gamble","Underhanded Strike+1"],"campfire_rested":6,"item_purchase_floors":[11,11,19,19,19,22,22,30,30,30],"current_hp_per_floor":[65,60,67,67,61,87,78,60,60,60,60,60,60,60,86,78,87,80,80,75,75,75,87,87,87,87,52,78,80,80,76,87,27,87,61,31,33,22,0],"gold":479,"neow_bonus":"","is_prod":false,"is_daily":false,"chose_seed":false,"campfire_upgraded":0,"win_rate":0,"timestamp":1540955019,"path_taken":["M","M","?","M","M","R","M","?","T","M","?","M","?","?","R","BOSS","M","$","M","M","$","R","?","R","T","M","R","M","?","M","R","BOSS","M","M","M","?","M"],"build_version":"2018-10-25v2","purchased_purges":0,"victory":false,"max_hp_per_floor":[80,80,87,87,87,87,87,87,87,87,87,87,87,87,87,87,87,87,87,87,87,87,87,87,87,87,87,87,87,87,87,87,87,87,87,87,87,87,87],"card_choices":[{"not_picked":["Barrage","Redo"],"picked":"BootSequence","floor":1},{"not_picked":["Burning Pact","PiercingWail"],"picked":"Gash","floor":2},{"not_picked":["Dagger Spray","Deflect"],"picked":"Escape Plan","floor":4},{"not_picked":["Go for the Eyes","Twin Strike"],"picked":"Ball Lightning","floor":5},{"not_picked":["Eviscerate","Metamorphosis"],"picked":"Dagger Spray","floor":7},{"not_picked":["Conserve Battery","Leap"],"picked":"Flame Barrier","floor":8},{"not_picked":["Blade Dance","Double Energy"],"picked":"Sword Boomerang+1","floor":10},{"not_picked":["Coolheaded","Compile Driver+1"],"picked":"Uppercut+1","floor":12},{"not_picked":["Burst","Chrysalis"],"picked":"Secret Weapon","floor":16},{"not_picked":["Anger+1","Blade Dance"],"picked":"Turbo","floor":18},{"not_picked":["Rupture+1","Ball Lightning+1"],"picked":"Sweeping Beam+1","floor":20},{"not_picked":["Flex+1","Reckless Charge+1"],"picked":"Sword Boomerang+1","floor":21},{"not_picked":["Power Through","Double Energy"],"picked":"Dark Shackles+1","floor":27},{"not_picked":["Blood for Blood+1","Twin Strike+1"],"picked":"Rebound+1","floor":29},{"not_picked":["Coolheaded+1","Steam+1"],"picked":"Havoc+1","floor":31},{"not_picked":["Sadistic Nature","Juggernaut"],"picked":"Master of Strategy","floor":33},{"not_picked":["Flechettes+1","Forethought"],"picked":"Turbo","floor":34},{"not_picked":["Poisoned Stab+1","Flex"],"picked":"Pommel Strike+1","floor":34},{"not_picked":["Flying Knee+1","Wild Strike+1"],"picked":"Cleave+1","floor":34},{"not_picked":["Finesse","Loop"],"picked":"Backflip","floor":34},{"not_picked":["Dagger Throw+1","Ball Lightning+1"],"picked":"Clothesline+1","floor":34},{"not_picked":["Hello World+1","Dagger Throw+1"],"picked":"Poisoned Stab+1","floor":35},{"not_picked":["Deflect","Rebound+1"],"picked":"Self Repair+1","floor":36},{"not_picked":["Conserve Battery+1","Ball Lightning+1"],"picked":"After Image","floor":37}],"player_experience":708086,"relics_obtained":[{"floor":9,"key":"Molten Egg 2"},{"floor":13,"key":"Pen Nib"},{"floor":26,"key":"Blood Vial"}],"event_choices":[{"damage_healed":0,"gold_gain":0,"player_choice":"Box","damage_taken":0,"relics_obtained":["Strawberry"],"max_hp_gain":0,"max_hp_loss":0,"event_name":"Big Fish","floor":3,"gold_loss":0,"cards_obtained":["Regret"]},{"cards_removed":["Regret"],"damage_healed":0,"gold_gain":0,"player_choice":"Card Removal","damage_taken":0,"max_hp_gain":0,"max_hp_loss":0,"event_name":"Wheel of Change","floor":14,"gold_loss":0},{"damage_healed":0,"gold_gain":0,"player_choice":"Inject Mutagens","damage_taken":0,"relics_obtained":["MutagenicStrength"],"max_hp_gain":0,"max_hp_loss":0,"event_name":"Drug Dealer","floor":24,"gold_loss":0},{"damage_healed":0,"gold_gain":0,"player_choice":"Embrace Madness","damage_taken":11,"max_hp_gain":0,"max_hp_loss":0,"event_name":"Winding Halls","floor":38,"gold_loss":0,"cards_obtained":["Madness","Madness"]}],"is_beta":false,"boss_relics":[{"not_picked":["Eternal Feather","Philosopher\u0027s Stone"],"picked":"Velvet Choker"},{"not_picked":["Black Star","White Beast Statue"],"picked":"Orrery"}],"items_purged_floors":[],"is_endless":false,"potions_floor_spawned":[2,5,7,10,18,20,33,37],"killed_by":"Writhing Mass","ascension_level":0}