{"path_per_floor":["M","M","M","?","M","E","R","M","T","R","?","M","R","?","R","B",null,"M","$","?","$","M","R","?","R","T","?","E","R","M","?","R"],"character_chosen":"THE_SILENT","items_purchased":["Deflect","Poisoned Stab","Snake Skull","Backstab"],"gold_per_floor":[117,128,145,145,156,182,182,196,196,196,196,206,206,181,181,286,286,272,52,52,15,34,34,34,34,89,189,218,218,236,436,436],"floor_reached":33,"campfire_rested":5,"playtime":3100,"current_hp_per_floor":[70,70,70,56,42,22,45,36,36,59,59,44,67,67,67,29,77,65,65,65,65,62,62,62,62,62,62,4,27,23,23,46],"items_purged":[],"gold":436,"play_id":"075f9871-47c2-4695-88ab-d611de8078f5","is_prod":false,"is_daily":false,"is_ascension_mode":false,"campfire_upgraded":3,"path_taken":["M","M","M","?","M","E","R","M","T","R","?","M","R","?","R","BOSS","M","$","?","$","M","R","?","R","T","?","E","R","M","?","R","BOSS"],"build_version":"2018-02-01-PROD3","purchased_purges":0,"victory":false,"master_deck":["Defend_G","Defend_G","Defend_G","Defend_G","Defend_G","Strike_G","Strike_G","Strike_G+1","Survivor","Neutralize","Poisoned Stab","Predator+1","Deflect","Backflip","Finisher+1","Dagger Spray+1","Dodge and Roll","Slice","Glass Knife+1","Terror+1","Deflect","Poisoned Stab","Distraction","Backstab","All Out Attack+1","Outmaneuver","Blur"],"max_hp_per_floor":[70,70,70,70,70,77,77,77,77,77,77,77,77,77,77,77,77,77,77,77,77,77,77,77,77,77,77,77,77,77,77,77],"relics":["Ring of the Snake","Strawberry","Juzu Bracelet","Lizard Tail","Snake Skull","Bag of Preparation","Blood Vial"],"card_choices":[{"not_picked":["Finisher","Footwork"],"picked":"Poisoned Stab"},{"not_picked":["Dagger Throw","PiercingWail"],"picked":"Predator"},{"not_picked":["Calculated Gamble","Flechettes"],"picked":"Deflect"},{"not_picked":["Blur","Malaise"],"picked":"Backflip"},{"not_picked":["Choke","Prepared"],"picked":"Finisher"},{"not_picked":["Riddle With Holes","Well Laid Plans"],"picked":"Dagger Spray"},{"not_picked":["Dodge and Roll","Dagger Spray"],"picked":"Slice"},{"not_picked":["Bullet Time","Corpse Explosion"],"picked":"Glass Knife"},{"not_picked":["Slice","Dagger Throw"],"picked":"Terror"},{"not_picked":["Deflect","Choke"],"picked":"All Out Attack"},{"not_picked":["Heel Hook","Dagger Throw"],"picked":"Outmaneuver"},{"not_picked":["Riddle With Holes","Dagger Spray"],"picked":"Blur"}],"player_experience":12824,"potions_floor_usage":[16,33,33,33],"damage_taken":[{"damage":0,"enemies":"Small Slimes","floor":1,"turns":4},{"damage":0,"enemies":"Jaw Worm","floor":2,"turns":4},{"damage":0,"enemies":"Blue Slaver","floor":3,"turns":5},{"damage":14,"enemies":"Lots of Slimes","floor":5,"turns":5},{"damage":27,"enemies":"Gremlin Nob","floor":6,"turns":4},{"damage":9,"enemies":"Exordium Thugs","floor":8,"turns":4},{"damage":15,"enemies":"Gremlin Gang","floor":12,"turns":4},{"damage":38,"enemies":"The Guardian","floor":16,"turns":15},{"damage":12,"enemies":"2 Thieves","floor":18,"turns":4},{"damage":3,"enemies":"3 Byrds","floor":22,"turns":4},{"damage":58,"enemies":"Book of Stabbing","floor":28,"turns":6},{"damage":6,"enemies":"Snecko","floor":30,"turns":3},{"damage":105,"enemies":"Champ","floor":33,"turns":14}],"event_choices":[{"event_name":"Shining Light","player_choice":"Entered Light","floor":4,"damage_taken":0},{"event_name":"Transmorgrifier","player_choice":"Transform","floor":11,"damage_taken":0},{"event_name":"World of Goop","player_choice":"Left","floor":14,"damage_taken":0},{"event_name":"Transmorgrifier","player_choice":"Transform","floor":20,"damage_taken":0},{"event_name":"Drug Dealer","player_choice":"Ignored","floor":24,"damage_taken":0},{"event_name":"Golden Shrine","player_choice":"Pray","floor":27,"damage_taken":0},{"event_name":"Wheel of Change","player_choice":"Gold","floor":31,"damage_taken":0}],"boss_relics":[{"not_picked":["Runic Dome","Tiny House"],"picked":"Lizard Tail"}],"potions_floor_spawned":[3,5,6,12,16,28,30],"seed_played":"6877306638981816949","killed_by":"Champ","ascension_level":0,"is_trial":false}