{"gold_per_floor":[119,119,119,129,149,181,151,151,151,151,205,221,221,231,231,231],"floor_reached":16,"playtime":454,"items_purged":[],"score":145,"play_id":"e1a2d16e-f302-4755-b390-4ef06e94d8b3","local_time":"20190301124718","is_ascension_mode":true,"campfire_choices":[{"data":"Rampage","floor":8.0,"key":"SMITH"},{"data":"Bash","floor":10.0,"key":"SMITH"},{"data":"Spot Weakness","floor":13.0,"key":"SMITH"},{"floor":15.0,"key":"REST"}],"neow_cost":"NONE","seed_source_timestamp":0,"circlet_count":0,"master_deck":["Strike_R","Strike_R","Strike_R","Strike_R","Defend_R","Defend_R","Defend_R","Defend_R","Bash+1","Ghostly Armor","Heavy Blade","Shrug It Off","Bloodletting","Ghostly Armor","Rampage+1","Spot Weakness+1"],"special_seed":0,"relics":["Burning Blood","NeowsBlessing","Gremlin Horn","Molten Egg 2"],"potions_floor_usage":[16,16,16],"damage_taken":[{"damage":0.0,"enemies":"2 Louse","floor":1.0,"turns":1.0},{"damage":0.0,"enemies":"Jaw Worm","floor":4.0,"turns":1.0},{"damage":0.0,"enemies":"Small Slimes","floor":5.0,"turns":1.0},{"damage":59.0,"enemies":"Lagavulin","floor":6.0,"turns":7.0},{"damage":9.0,"enemies":"Looter","floor":7.0,"turns":4.0},{"damage":7.0,"enemies":"3 Louse","floor":12.0,"turns":4.0},{"damage":17.0,"enemies":"Large Slime","floor":14.0,"turns":8.0},{"damage":64,"enemies":"Slime Boss","floor":16,"turns":10}],"seed_played":"-4161936801799627537","potions_obtained":[{"floor":1.0,"key":"LiquidBronze"},{"floor":4.0,"key":"Regen Potion"},{"floor":6.0,"key":"Swift Potion"},{"floor":14.0,"key":"Dexterity Potion"}],"is_trial":false,"path_per_floor":["M","?","?","M","M","E","M","R","T","R","?","M","R","M","R","B"],"character_chosen":"IRONCLAD","items_purchased":[],"campfire_rested":1,"item_purchase_floors":[],"current_hp_per_floor":[78,78,83,85,85,32,29,29,29,29,29,28,28,17,42,0],"gold":231,"neow_bonus":"THREE_ENEMY_KILL","is_prod":false,"is_daily":false,"chose_seed":false,"campfire_upgraded":3,"win_rate":0,"timestamp":1551473238,"path_taken":["M","?","?","M","?","E","M","R","T","R","?","M","R","M","R","BOSS"],"build_version":"2019-01-23","purchased_purges":0,"victory":false,"max_hp_per_floor":[80,80,85,85,85,85,85,85,85,85,85,85,85,85,85,85],"card_choices":[{"not_picked":["Clash","Carnage"],"picked":"Ghostly Armor","floor":1.0},{"not_picked":["Second Wind","Iron Wave"],"picked":"Shrug It Off","floor":4.0},{"not_picked":["Headbutt","True Grit"],"picked":"Bloodletting","floor":5.0},{"not_picked":["Power Through","Evolve"],"picked":"Ghostly Armor","floor":6.0},{"not_picked":["Sentinel","Hemokinesis"],"picked":"Rampage","floor":7.0},{"not_picked":["Shrug It Off","Blood for Blood+1"],"picked":"Spot Weakness","floor":12.0},{"not_picked":["Twin Strike+1","Seeing Red","True Grit"],"picked":"SKIP","floor":14.0},{"not_picked":["Twin Strike+1","Seeing Red","True Grit"],"picked":"SKIP","floor":14.0}],"player_experience":321863,"relics_obtained":[{"floor":6.0,"key":"Gremlin Horn"},{"floor":9.0,"key":"Molten Egg 2"}],"event_choices":[{"damage_healed":0.0,"max_hp_gain":0.0,"max_hp_loss":0.0,"gold_gain":0.0,"cards_transformed":["Strike_R"],"event_name":"Living Wall","player_choice":"Change","floor":2.0,"gold_loss":0.0,"damage_taken":0.0,"cards_obtained":["Heavy Blade"]},{"damage_healed":0.0,"max_hp_gain":5.0,"max_hp_loss":0.0,"gold_gain":0.0,"event_name":"Big Fish","player_choice":"Donut","floor":3.0,"gold_loss":0.0,"damage_taken":0.0},{"damage_healed":0.0,"max_hp_gain":0.0,"max_hp_loss":0.0,"gold_gain":54.0,"event_name":"Golden Wing","player_choice":"Gained Gold","floor":11.0,"gold_loss":0.0,"damage_taken":0.0}],"is_beta":false,"boss_relics":[],"items_purged_floors":[],"is_endless":false,"potions_floor_spawned":[1,4,6,12,14],"killed_by":"Slime Boss","ascension_level":9}