{"gold_per_floor":[113,174,174,249,68,111,136,171,197,241,76,76,117,140,140,229,229,248,261,261,261,261,261,261,305,332,332,370,39,70,70,70,160,160,184,21,21,34,34,34],"floor_reached":40,"playtime":2325,"items_purged":["Injury","Normality"],"score":858,"play_id":"619d9068-f220-4587-ac92-5d4ecabb2139","local_time":"20190116153555","is_ascension_mode":true,"campfire_choices":[{"floor":12.0,"key":"REST"},{"floor":15.0,"key":"REST"},{"floor":23.0,"key":"REST"},{"data":"Malaise","floor":27.0,"key":"SMITH"},{"floor":32.0,"key":"REST"}],"neow_cost":"NONE","seed_source_timestamp":1939267955199,"circlet_count":0,"master_deck":["AscendersBane","Defend_G+1","Defend_G","Defend_G+1","Defend_G","Defend_G","Strike_G","Strike_G","Strike_G","Strike_G+1","Strike_G","Survivor","Neutralize","All Out Attack","Bandage Up","Deadly Poison","Backflip","Dagger Throw+1","Tools of the Trade","Malaise+1","Deadly Poison+1","Noxious Fumes+1","Injury","After Image","Blade Dance+1","Distraction+1","Catalyst+1","Flash of Steel"],"special_seed":0,"relics":["Cursed Key","Golden Idol","Smiling Mask","Centennial Puzzle","Whetstone","Boot","Bag of Marbles","Bronze Scales","Runic Dome","Ice Cream","Juzu Bracelet","Dead Branch","Matryoshka","War Paint","Black Star","Oddly Smooth Stone"],"potions_floor_usage":[40],"damage_taken":[{"damage":0.0,"enemies":"2 Louse","floor":1.0,"turns":3.0},{"damage":15.0,"enemies":"3 Sentries","floor":6.0,"turns":10.0},{"damage":7.0,"enemies":"Small Slimes","floor":7.0,"turns":3.0},{"damage":8.0,"enemies":"Lagavulin","floor":8.0,"turns":8.0},{"damage":17.0,"enemies":"3 Sentries","floor":10.0,"turns":7.0},{"damage":17.0,"enemies":"Lagavulin","floor":13.0,"turns":7.0},{"damage":0.0,"enemies":"Jaw Worm","floor":14.0,"turns":2.0},{"damage":18.0,"enemies":"Hexaghost","floor":16.0,"turns":9.0},{"damage":6.0,"enemies":"3 Byrds","floor":18.0,"turns":4.0},{"damage":21.0,"enemies":"2 Thieves","floor":19.0,"turns":3.0},{"damage":9.0,"enemies":"Colosseum Slavers","floor":21.0,"turns":4.0},{"damage":7.0,"enemies":"Gremlin Leader","floor":25.0,"turns":5.0},{"damage":17.0,"enemies":"Book of Stabbing","floor":28.0,"turns":6.0},{"damage":27.0,"enemies":"Gremlin Leader","floor":30.0,"turns":5.0},{"damage":34.0,"enemies":"Automaton","floor":33.0,"turns":8.0},{"damage":3.0,"enemies":"Orb Walker","floor":35.0,"turns":4.0},{"damage":53,"enemies":"3 Darklings","floor":38,"turns":5},{"damage":10,"enemies":"Reptomancer","floor":40,"turns":2}],"seed_played":"2496756938495712908","potions_obtained":[{"floor":1.0,"key":"Block Potion"},{"floor":7.0,"key":"Swift Potion"},{"floor":8.0,"key":"LiquidBronze"},{"floor":14.0,"key":"GhostInAJar"},{"floor":19.0,"key":"LiquidBronze"},{"floor":33.0,"key":"GamblersBrew"}],"is_trial":false,"path_per_floor":["M","?","?","?","$","E","M","E","T","E","$","R","E","M","R","B",null,"M","M","?","?","?","R","?","E","T","R","E","$","E","?","R","B",null,"M","$","?","M","?","E"],"character_chosen":"THE_SILENT","items_purchased":["Bandage Up","Bag of Marbles","Matryoshka","Oddly Smooth Stone"],"campfire_rested":4,"item_purchase_floors":[5,11,29,36],"current_hp_per_floor":[59,59,59,48,48,37,34,30,30,17,17,36,23,23,42,28,57,55,34,34,29,42,61,61,58,58,58,45,45,22,22,41,11,52,53,53,53,4,4,0],"gold":34,"neow_bonus":"BOSS_RELIC","is_prod":false,"is_daily":false,"chose_seed":false,"campfire_upgraded":1,"win_rate":0,"timestamp":1547645755,"path_taken":["M","?","?","?","$","E","?","E","T","E","$","R","E","M","R","BOSS","M","M","?","?","?","R","?","E","T","R","E","$","E","?","R","BOSS","M","$","?","M","?","E"],"build_version":"2019-01-10","purchased_purges":2,"victory":false,"max_hp_per_floor":[66,66,66,66,66,66,66,66,66,66,66,66,66,66,66,66,66,66,66,66,66,66,66,66,66,66,66,66,66,66,66,66,66,66,66,66,66,66,66,66],"card_choices":[{"not_picked":["Tactician","Blur"],"picked":"All Out Attack","floor":1.0},{"not_picked":["Storm of Steel","Bane"],"picked":"Deadly Poison","floor":6.0},{"not_picked":["Accuracy","Dagger Spray"],"picked":"Backflip","floor":7.0},{"not_picked":["Choke","Sucker Punch"],"picked":"Dagger Throw","floor":8.0},{"not_picked":["Flying Knee","Choke","PiercingWail"],"picked":"SKIP","floor":10.0},{"not_picked":["Setup","Skewer"],"picked":"Tools of the Trade","floor":13.0},{"not_picked":["Backflip","Distraction","Bane"],"picked":"SKIP","floor":14.0},{"not_picked":["A Thousand Cuts","Night Terror"],"picked":"Malaise","floor":16.0},{"not_picked":["Acrobatics","Dagger Throw"],"picked":"Deadly Poison+1","floor":18.0},{"not_picked":["Terror","Sucker Punch"],"picked":"Noxious Fumes+1","floor":19.0},{"not_picked":["Quick Slash","Deadly Poison","Heel Hook"],"picked":"SKIP","floor":25.0},{"not_picked":["Footwork","PiercingWail"],"picked":"After Image","floor":28.0},{"not_picked":["Endless Agony","PiercingWail"],"picked":"Blade Dance+1","floor":30.0},{"not_picked":["Reflex+1","Dodge and Roll"],"picked":"Distraction+1","floor":35.0},{"not_picked":["Endless Agony","Quick Slash"],"picked":"Catalyst+1","floor":38},{"not_picked":["Mind Blast","HandOfGreed"],"picked":"Flash of Steel","floor":39}],"player_experience":304657,"relics_obtained":[{"floor":6.0,"key":"Smiling Mask"},{"floor":8.0,"key":"Centennial Puzzle"},{"floor":9.0,"key":"Whetstone"},{"floor":10.0,"key":"Boot"},{"floor":13.0,"key":"Bronze Scales"},{"floor":25.0,"key":"Ice Cream"},{"floor":26.0,"key":"Juzu Bracelet"},{"floor":28.0,"key":"Dead Branch"},{"floor":30.0,"key":"War Paint"}],"event_choices":[{"damage_healed":0.0,"max_hp_gain":0.0,"max_hp_loss":0.0,"gold_gain":61.0,"event_name":"Golden Wing","player_choice":"Gained Gold","floor":2.0,"gold_loss":0.0,"damage_taken":0.0},{"damage_healed":0.0,"max_hp_gain":0.0,"max_hp_loss":0.0,"gold_gain":0.0,"event_name":"Golden Idol","player_choice":"Take Wound","floor":3.0,"gold_loss":0.0,"damage_taken":0.0,"relics_obtained":["Golden Idol"],"cards_obtained":["Injury"]},{"damage_healed":0.0,"max_hp_gain":0.0,"max_hp_loss":0.0,"gold_gain":75.0,"event_name":"World of Goop","player_choice":"Gather Gold","floor":4.0,"gold_loss":0.0,"damage_taken":11.0},{"damage_healed":0.0,"max_hp_gain":0.0,"max_hp_loss":0.0,"gold_gain":0.0,"event_name":"Cursed Tome","player_choice":"Ignored","floor":20.0,"gold_loss":0.0,"damage_taken":0.0},{"damage_healed":0.0,"max_hp_gain":0.0,"max_hp_loss":0.0,"gold_gain":0.0,"event_name":"Colosseum","player_choice":"Fight","floor":21.0,"gold_loss":0.0,"damage_taken":0.0},{"damage_healed":0.0,"max_hp_gain":0.0,"max_hp_loss":0.0,"gold_gain":0.0,"event_name":"Colosseum","player_choice":"Fled From Nobs","floor":21.0,"gold_loss":0.0,"damage_taken":0.0},{"damage_healed":13.0,"max_hp_gain":0.0,"max_hp_loss":0.0,"gold_gain":0.0,"event_name":"The Library","player_choice":"Heal","floor":22.0,"gold_loss":0.0,"damage_taken":0.0},{"damage_healed":0.0,"max_hp_gain":0.0,"max_hp_loss":0.0,"gold_gain":0.0,"event_name":"Vampires","player_choice":"Ignored","floor":24.0,"gold_loss":0.0,"damage_taken":0.0},{"damage_healed":0.0,"max_hp_gain":0.0,"max_hp_loss":0.0,"gold_gain":0.0,"event_name":"Beggar","player_choice":"Ignored","floor":31.0,"gold_loss":0.0,"damage_taken":0.0},{"damage_healed":0,"gold_gain":0,"player_choice":"Ignored","damage_taken":0,"max_hp_gain":0,"max_hp_loss":0,"event_name":"Mysterious Sphere","floor":37,"gold_loss":0},{"damage_healed":0,"gold_gain":0,"player_choice":"Memory 1","damage_taken":0,"max_hp_gain":0,"max_hp_loss":0,"event_name":"SensoryStone","floor":39,"gold_loss":0}],"is_beta":false,"boss_relics":[{"not_picked":["Coffee Dripper","Snecko Eye"],"picked":"Runic Dome"},{"not_picked":["Tiny House","Orrery"],"picked":"Black Star"}],"items_purged_floors":[5,29],"is_endless":false,"potions_floor_spawned":[1,7,8,14,19,33],"killed_by":"Reptomancer","ascension_level":17}