{"gold_per_floor":[16,27,202,277,291,291,301,301,324,324,356,379,401,425,437,552,564,586,616,411,430,430,430,449,462,462,462,478,85,85,10,10,115,115,133,145,163,180,195,195,45,59,59,79,179,179,195,205,205,205],"floor_reached":50,"playtime":3015,"items_purged":["Doubt","Decay"],"score":554,"play_id":"30e4535d-cde9-440b-ba62-c7bcc0978f8d","local_time":"20190220235433","is_ascension_mode":false,"campfire_choices":[{"data":"Wraith Form v2","floor":6.0,"key":"SMITH"},{"data":"Deadly Poison","floor":8.0,"key":"SMITH"},{"data":"Deadly Poison","floor":10.0,"key":"SMITH"},{"floor":15.0,"key":"REST"},{"data":"Catalyst","floor":23.0,"key":"SMITH"},{"data":"Concentrate","floor":30.0,"key":"SMITH"},{"data":"Noxious Fumes","floor":32.0,"key":"SMITH"},{"floor":40,"key":"REST"},{"floor":46,"key":"REST"},{"floor":49,"key":"REST"}],"neow_cost":"NO_GOLD","seed_source_timestamp":0,"circlet_count":0,"master_deck":["Defend_G","Defend_G","Defend_G","Defend_G","Defend_G","Strike_G","Strike_G","Strike_G","Strike_G","Survivor","Neutralize","Wraith Form v2+1","Deadly Poison+1","Bouncing Flask","Deadly Poison+1","Concentrate+1","Catalyst+1","Backflip","Malaise","After Image","Noxious Fumes+1","Leg Sweep","Escape Plan","Leg Sweep","Bouncing Flask","Bouncing Flask","Doppelganger","Footwork","PiercingWail+1","Dodge and Roll+1","Corpse Explosion","Noxious Fumes+1","Clumsy","Bouncing Flask","Backflip+1"],"special_seed":0,"relics":["Ring of the Snake","Orichalcum","MawBank","Cursed Key","Tingsha","Mango","Philosopher\u0027s Stone","Happy Flower","Ginger"],"potions_floor_usage":[48,50,50],"damage_taken":[{"damage":1.0,"enemies":"Cultist","floor":1.0,"turns":4.0},{"damage":7.0,"enemies":"2 Louse","floor":2.0,"turns":4.0},{"damage":0.0,"enemies":"Jaw Worm","floor":5.0,"turns":3.0},{"damage":0.0,"enemies":"Red Slaver","floor":7.0,"turns":4.0},{"damage":10.0,"enemies":"Gremlin Nob","floor":11.0,"turns":4.0},{"damage":0.0,"enemies":"Large Slime","floor":12.0,"turns":7.0},{"damage":5.0,"enemies":"Exordium Wildlife","floor":13.0,"turns":3.0},{"damage":20.0,"enemies":"Lots of Slimes","floor":14.0,"turns":8.0},{"damage":9.0,"enemies":"Slime Boss","floor":16.0,"turns":12.0},{"damage":0.0,"enemies":"Spheric Guardian","floor":18.0,"turns":2.0},{"damage":14.0,"enemies":"Shell Parasite","floor":19.0,"turns":4.0},{"damage":9.0,"enemies":"Chosen and Byrds","floor":21.0,"turns":6.0},{"damage":0.0,"enemies":"Snake Plant","floor":24.0,"turns":4.0},{"damage":0.0,"enemies":"Snecko","floor":25.0,"turns":6.0},{"damage":7.0,"enemies":"Cultist and Chosen","floor":28.0,"turns":8.0},{"damage":42.0,"enemies":"Champ","floor":33.0,"turns":10.0},{"damage":4.0,"enemies":"Orb Walker","floor":35.0,"turns":3.0},{"damage":14.0,"enemies":"3 Darklings","floor":36.0,"turns":5.0},{"damage":19.0,"enemies":"Sphere and 2 Shapes","floor":37.0,"turns":6.0},{"damage":18,"enemies":"4 Shapes","floor":38,"turns":5},{"damage":0,"enemies":"Maw","floor":39,"turns":6},{"damage":7,"enemies":"Writhing Mass","floor":42,"turns":7},{"damage":26,"enemies":"Jaw Worm Horde","floor":44,"turns":5},{"damage":6,"enemies":"4 Shapes","floor":47,"turns":4},{"damage":6,"enemies":"Transient","floor":48,"turns":5},{"damage":59,"enemies":"Awakened One","floor":50,"turns":3}],"seed_played":"-4666624785793188606","potions_obtained":[{"floor":5.0,"key":"Fire Potion"},{"floor":7.0,"key":"AttackPotion"},{"floor":11.0,"key":"Regen Potion"},{"floor":12.0,"key":"GhostInAJar"},{"floor":18.0,"key":"Strength Potion"},{"floor":21.0,"key":"Regen Potion"},{"floor":24.0,"key":"AttackPotion"},{"floor":33.0,"key":"Poison Potion"},{"floor":36.0,"key":"LiquidBronze"},{"floor":47,"key":"EssenceOfSteel"}],"is_trial":false,"path_per_floor":["M","M","?","?","M","R","M","R","T","R","E","M","M","M","R","B",null,"M","M","$","M","?","R","M","M","T","?","M","$","R","$","R","B",null,"M","M","M","M","M","R","$","M","T","M","?","R","M","M","R","B"],"character_chosen":"THE_SILENT","items_purchased":["Leg Sweep","Escape Plan","Mango","Bouncing Flask","Happy Flower"],"campfire_rested":4,"item_purchase_floors":[20,20,29,31,41],"current_hp_per_floor":[69,62,62,51,51,51,51,51,51,51,41,41,36,16,37,43,70,70,56,56,47,47,47,47,47,47,47,40,54,54,54,54,27,84,80,66,47,29,29,54,54,47,47,21,21,46,40,34,59,0],"gold":205,"neow_bonus":"THREE_RARE_CARDS","is_prod":false,"is_daily":false,"chose_seed":false,"campfire_upgraded":6,"win_rate":0,"timestamp":1550724873,"path_taken":["M","M","?","?","M","R","M","R","T","R","E","M","M","M","R","BOSS","M","M","$","M","?","R","?","M","T","?","M","$","R","?","R","BOSS","M","M","?","M","M","R","$","?","T","?","?","R","M","M","R","BOSS"],"build_version":"2019-01-23","purchased_purges":2,"victory":false,"max_hp_per_floor":[70,70,70,70,70,70,70,70,70,70,70,70,70,70,70,70,70,70,70,70,70,70,70,70,70,70,70,70,84,84,84,84,84,84,84,84,84,84,84,84,84,84,84,84,84,84,84,84,84,84],"card_choices":[{"not_picked":["Venomology","Tools of the Trade"],"picked":"Wraith Form v2","floor":0.0},{"not_picked":["Dagger Spray","Leg Sweep"],"picked":"Deadly Poison","floor":1.0},{"not_picked":["Dagger Throw","Acrobatics"],"picked":"Bouncing Flask","floor":2.0},{"not_picked":["Infinite Blades","PiercingWail"],"picked":"Deadly Poison","floor":5.0},{"not_picked":["Sucker Punch","Quick Slash"],"picked":"Concentrate","floor":7.0},{"not_picked":["Endless Agony","Slice","Dash"],"picked":"SKIP","floor":11.0},{"not_picked":["Prepared","Caltrops"],"picked":"Catalyst","floor":12.0},{"not_picked":["Calculated Gamble","Reflex"],"picked":"Backflip","floor":13.0},{"not_picked":["Blade Dance","Caltrops"],"picked":"Malaise","floor":14.0},{"not_picked":["Tools of the Trade","Die Die Die"],"picked":"After Image","floor":16.0},{"not_picked":["Acrobatics","Cloak And Dagger+1","Flying Knee+1"],"picked":"SKIP","floor":18.0},{"not_picked":["Quick Slash","Storm of Steel"],"picked":"Noxious Fumes","floor":19.0},{"not_picked":["Sucker Punch","Dagger Spray+1","Quick Slash"],"picked":"SKIP","floor":21.0},{"not_picked":["Riddle With Holes","Dodge and Roll+1"],"picked":"Leg Sweep","floor":24.0},{"not_picked":["Blade Dance","Dagger Throw","Dagger Spray"],"picked":"SKIP","floor":25.0},{"not_picked":["Dagger Spray","Expertise+1","Blade Dance"],"picked":"SKIP","floor":28.0},{"not_picked":["Storm of Steel","Tools of the Trade"],"picked":"Doppelganger","floor":33.0},{"not_picked":["Poisoned Stab+1","Dagger Spray"],"picked":"Footwork","floor":35.0},{"not_picked":["Accuracy","Poisoned Stab+1","Sucker Punch+1"],"picked":"SKIP","floor":36.0},{"not_picked":["Dagger Throw","Footwork"],"picked":"PiercingWail+1","floor":37},{"not_picked":["Flying Knee","Predator","Dodge and Roll+1"],"picked":"SKIP","floor":38},{"not_picked":["Flying Knee","Predator"],"picked":"Dodge and Roll+1","floor":38},{"not_picked":["Flechettes","Outmaneuver+1"],"picked":"Corpse Explosion","floor":39},{"not_picked":["Deflect","Dagger Spray"],"picked":"Noxious Fumes+1","floor":42},{"not_picked":["Blade Dance","Poisoned Stab"],"picked":"Bouncing Flask","floor":44},{"not_picked":["Dagger Throw+1","Dagger Spray","Cloak And Dagger+1"],"picked":"SKIP","floor":47},{"not_picked":["Grand Finale","Sucker Punch"],"picked":"Backflip+1","floor":48}],"player_experience":1068250,"relics_obtained":[{"floor":9.0,"key":"Orichalcum"},{"floor":11.0,"key":"MawBank"},{"floor":26.0,"key":"Tingsha"},{"floor":43,"key":"Ginger"}],"event_choices":[{"damage_healed":0.0,"max_hp_gain":0.0,"max_hp_loss":0.0,"gold_gain":175.0,"event_name":"Liars Game","player_choice":"AGREE","floor":3.0,"gold_loss":0.0,"damage_taken":0.0,"cards_obtained":["Doubt"]},{"damage_healed":0.0,"max_hp_gain":0.0,"max_hp_loss":0.0,"gold_gain":75.0,"event_name":"World of Goop","player_choice":"Gather Gold","floor":4.0,"gold_loss":0.0,"damage_taken":11.0},{"cards_removed":["Strike_G"],"damage_healed":0.0,"max_hp_gain":0.0,"max_hp_loss":0.0,"gold_gain":0.0,"event_name":"Bonfire Elementals","player_choice":"Offered Basic","floor":22.0,"gold_loss":0.0,"damage_taken":0.0},{"damage_healed":0.0,"max_hp_gain":0.0,"max_hp_loss":0.0,"gold_gain":0.0,"event_name":"The Library","player_choice":"Read","floor":27.0,"gold_loss":0.0,"damage_taken":0.0,"cards_obtained":["Bouncing Flask"]},{"damage_healed":0,"gold_gain":100,"player_choice":"Pray","damage_taken":0,"max_hp_gain":0,"max_hp_loss":0,"event_name":"Golden Shrine","floor":45,"gold_loss":0}],"is_beta":false,"boss_relics":[{"not_picked":["White Beast Statue","Tiny House"],"picked":"Cursed Key"},{"not_picked":["Lizard Tail","WristBlade"],"picked":"Philosopher\u0027s Stone"}],"items_purged_floors":[20,29],"is_endless":false,"potions_floor_spawned":[5,7,11,12,18,21,24,33,36,38,47],"killed_by":"Awakened One","ascension_level":0}