{"gold_per_floor":[112,87,37,37,47,81,81,110,110,110,125,125,125,200,200,298,298,308,308,68,81,94,129,146,146,146,157,168,168,182,182,182,277,277,289,243,343,343,359,359,375,375,375,375,392,392,405,417,417,417],"floor_reached":51,"playtime":2428,"items_purged":[],"score":832,"play_id":"d4467edd-dce6-49cf-beef-9c53c8c2d840","local_time":"20190221221320","is_ascension_mode":true,"campfire_choices":[{"data":"Genetic Algorithm","floor":7.0,"key":"SMITH"},{"data":"Static Discharge","floor":10.0,"key":"SMITH"},{"data":"Static Discharge","floor":12.0,"key":"SMITH"},{"data":"Dualcast","floor":15.0,"key":"SMITH"},{"floor":25.0,"key":"REST"},{"floor":29.0,"key":"REST"},{"floor":32.0,"key":"REST"},{"data":"Dash","floor":40.0,"key":"SMITH"},{"data":"Reinforced Body","floor":42.0,"key":"SMITH"},{"data":"Reinforced Body","floor":44.0,"key":"SMITH"},{"floor":49.0,"key":"REST"}],"neow_cost":"NONE","seed_source_timestamp":2794392229621357,"circlet_count":0,"master_deck":["Strike_B","Strike_B","Defend_B","Defend_B","Defend_B","Defend_B","Zap+1","Dualcast+1","Streamline+1","Gash","Leap","Genetic Algorithm+1","Static Discharge+1","Static Discharge+1","All For One","Gash","Beam Cell","Reinforced Body+1","Capacitor","Necronomicurse","Hologram","Dash+1","Hologram+1","Gash+1","Reinforced Body+1","Secret Weapon","Clothesline","Electrodynamics","Disarm+1","Dodge and Roll+1","Parasite","Writhe"],"special_seed":0,"relics":["Cracked Core","NeowsBlessing","Mango","Dream Catcher","Pantograph","Orrery","Necronomicon","PrismaticShard","Art of War","Question Card","Velvet Choker","Incense Burner","Mummified Hand"],"potions_floor_usage":[50,50],"damage_taken":[{"damage":0.0,"enemies":"2 Louse","floor":1.0,"turns":1.0},{"damage":0.0,"enemies":"Jaw Worm","floor":5.0,"turns":1.0},{"damage":0.0,"enemies":"3 Sentries","floor":6.0,"turns":1.0},{"damage":15.0,"enemies":"Lagavulin","floor":8.0,"turns":5.0},{"damage":1.0,"enemies":"Cultist","floor":11.0,"turns":3.0},{"damage":50.0,"enemies":"Slime Boss","floor":16.0,"turns":8.0},{"damage":6.0,"enemies":"Spheric Guardian","floor":18.0,"turns":3.0},{"damage":2.0,"enemies":"Chosen","floor":21.0,"turns":3.0},{"damage":1.0,"enemies":"Snake Plant","floor":22.0,"turns":4.0},{"damage":19.0,"enemies":"Book of Stabbing","floor":23.0,"turns":4.0},{"damage":21.0,"enemies":"Cultist and Chosen","floor":24.0,"turns":5.0},{"damage":18.0,"enemies":"Sentry and Sphere","floor":27.0,"turns":3.0},{"damage":13.0,"enemies":"Snake Plant","floor":28.0,"turns":3.0},{"damage":16.0,"enemies":"Cultist and Chosen","floor":30.0,"turns":4.0},{"damage":50.0,"enemies":"Champ","floor":33.0,"turns":8.0},{"damage":6.0,"enemies":"Orb Walker","floor":35.0,"turns":2.0},{"damage":18.0,"enemies":"Mind Bloom Boss Battle","floor":37.0,"turns":8.0},{"damage":6.0,"enemies":"3 Shapes","floor":39.0,"turns":2.0},{"damage":3.0,"enemies":"Writhing Mass","floor":41.0,"turns":7.0},{"damage":13.0,"enemies":"Spire Growth","floor":45.0,"turns":3.0},{"damage":22.0,"enemies":"Maw","floor":47.0,"turns":8.0},{"damage":39.0,"enemies":"Transient","floor":48.0,"turns":5.0},{"damage":74,"enemies":"Awakened One","floor":50,"turns":12}],"seed_played":"-7292252728517868432","potions_obtained":[{"floor":6.0,"key":"Poison Potion"},{"floor":8.0,"key":"Block Potion"},{"floor":11.0,"key":"Energy Potion"},{"floor":21.0,"key":"Strength Potion"},{"floor":33.0,"key":"Fire Potion"},{"floor":41.0,"key":"Regen Potion"},{"floor":47.0,"key":"Strength Potion"}],"is_trial":false,"path_per_floor":["M","$","?","?","M","E","R","E","T","R","M","R","?","?","R","B",null,"M","?","$","M","M","E","M","R","T","M","M","R","M","?","R","B",null,"M","$","?","?","M","R","M","R","T","R","M","?","M","M","R","B",null],"character_chosen":"DEFECT","items_purchased":["Gash","PrismaticShard","Hologram","Streamline"],"campfire_rested":4,"item_purchase_floors":[2,20,20,36],"current_hp_per_floor":[75,75,75,75,75,89,89,74,74,74,73,73,73,62,62,37,89,83,67,67,65,64,45,24,50,50,32,19,45,29,29,55,30,89,83,83,71,71,65,65,62,62,62,62,49,71,49,25,51,2],"gold":417,"neow_bonus":"THREE_ENEMY_KILL","is_prod":false,"is_daily":false,"chose_seed":false,"campfire_upgraded":7,"win_rate":0,"timestamp":1550808800,"path_taken":["M","$","?","?","M","E","R","E","T","R","?","R","?","?","R","BOSS","M","?","$","M","M","E","M","R","T","M","M","R","M","?","R","BOSS","M","$","?","?","M","R","M","R","T","R","M","?","M","M","R","BOSS"],"build_version":"2019-01-23","purchased_purges":0,"victory":true,"max_hp_per_floor":[75,75,75,75,75,89,89,89,89,89,89,89,89,89,89,89,89,89,89,89,89,89,89,89,89,89,89,89,89,89,89,89,89,89,89,89,89,89,89,89,89,89,89,89,89,89,89,89,89,89],"card_choices":[{"not_picked":["Rebound","Rip and Tear"],"picked":"Streamline","floor":1.0},{"not_picked":["Rip and Tear","Turbo"],"picked":"Leap","floor":5.0},{"not_picked":["Double Energy","Seek"],"picked":"Genetic Algorithm","floor":6.0},{"not_picked":["Heatsinks","Stack"],"picked":"Static Discharge","floor":8.0},{"not_picked":["Gash","Sweeping Beam"],"picked":"Static Discharge","floor":11.0},{"not_picked":["Core Surge","Buffer"],"picked":"All For One","floor":16.0},{"not_picked":["Compile Driver","Rebound"],"picked":"Gash","floor":17.0},{"not_picked":["Sweeping Beam","Leap"],"picked":"Beam Cell","floor":17.0},{"not_picked":["Steam","Reprogram"],"picked":"Reinforced Body","floor":17.0},{"not_picked":["Tempest+1","Compile Driver+1"],"picked":"Capacitor","floor":18.0},{"not_picked":["Thunderclap","Rampage+1"],"picked":"Dash","floor":21.0},{"not_picked":["Outmaneuver","Steam+1","Cleave"],"picked":"SKIP","floor":22.0},{"not_picked":["Glacier","Coolheaded","Chaos"],"picked":"SKIP","floor":23.0},{"not_picked":["Body Slam+1","Dropkick"],"picked":"Hologram+1","floor":24.0},{"not_picked":["Slice","Burning Pact+1","Demon Form"],"picked":"Gash+1","floor":27.0},{"not_picked":["Fusion","Acrobatics","Backflip"],"picked":"Reinforced Body","floor":28.0},{"not_picked":["Dagger Spray","Poisoned Stab","Ball Lightning"],"picked":"Secret Weapon","floor":30.0},{"not_picked":["Deadly Poison","Acrobatics","Perfected Strike"],"picked":"Clothesline","floor":32.0},{"not_picked":["Buffer","Amplify","Machine Learning"],"picked":"Electrodynamics","floor":33.0},{"not_picked":["Steam Power+1","Barrage","Pommel Strike+1","Thunderclap"],"picked":"SKIP","floor":35.0},{"not_picked":["Flying Knee","Blade Dance+1","Coolheaded"],"picked":"Disarm+1","floor":37.0},{"not_picked":["Dagger Spray","Go for the Eyes+1","Mayhem"],"picked":"Dodge and Roll+1","floor":39.0},{"not_picked":["Well Laid Plans","Cleave","Scrape+1","Outmaneuver+1"],"picked":"SKIP","floor":41.0},{"not_picked":["Crippling Poison+1","Pommel Strike+1","Heatsinks","Thunderclap"],"picked":"SKIP","floor":45.0},{"not_picked":["Havoc+1","Beam Cell+1","Infernal Blade","Genetic Algorithm"],"picked":"SKIP","floor":47.0},{"not_picked":["Flex+1","Well Laid Plans+1","Trip","Go for the Eyes+1"],"picked":"SKIP","floor":48.0}],"player_experience":574832,"relics_obtained":[{"floor":6.0,"key":"Mango"},{"floor":8.0,"key":"Dream Catcher"},{"floor":9.0,"key":"Pantograph"},{"floor":19.0,"key":"Necronomicon"},{"floor":23.0,"key":"Art of War"},{"floor":26.0,"key":"Question Card"},{"floor":37.0,"key":"Incense Burner"},{"floor":43.0,"key":"Mummified Hand"}],"event_choices":[{"cards_removed":["Strike_B"],"damage_healed":0.0,"max_hp_gain":0.0,"max_hp_loss":0.0,"gold_gain":0.0,"event_name":"The Cleric","player_choice":"Card Removal","floor":3.0,"gold_loss":50.0,"damage_taken":0.0},{"damage_healed":0.0,"max_hp_gain":0.0,"max_hp_loss":0.0,"gold_gain":0.0,"event_name":"Upgrade Shrine","player_choice":"Upgraded","floor":4.0,"gold_loss":0.0,"damage_taken":0.0,"cards_upgraded":["Zap"]},{"damage_healed":0.0,"max_hp_gain":0.0,"max_hp_loss":0.0,"gold_gain":0.0,"event_name":"Living Wall","player_choice":"Grow","floor":13.0,"gold_loss":0.0,"damage_taken":0.0,"cards_upgraded":["Streamline"]},{"damage_healed":0.0,"max_hp_gain":0.0,"max_hp_loss":0.0,"gold_gain":75.0,"event_name":"World of Goop","player_choice":"Gather Gold","floor":14.0,"gold_loss":0.0,"damage_taken":11.0},{"damage_healed":0.0,"max_hp_gain":0.0,"max_hp_loss":0.0,"gold_gain":0.0,"event_name":"Cursed Tome","player_choice":"Obtained Book","floor":19.0,"gold_loss":0.0,"damage_taken":16.0},{"cards_removed":["Strike_B"],"damage_healed":0.0,"max_hp_gain":0.0,"max_hp_loss":0.0,"gold_gain":0.0,"event_name":"Purifier","player_choice":"Purged","floor":31.0,"gold_loss":0.0,"damage_taken":0.0},{"damage_healed":0.0,"max_hp_gain":0.0,"max_hp_loss":0.0,"gold_gain":0.0,"event_name":"MindBloom","player_choice":"Fight","floor":37.0,"gold_loss":0.0,"damage_taken":0.0},{"cards_removed":["Streamline"],"damage_healed":0.0,"max_hp_gain":0.0,"max_hp_loss":0.0,"gold_gain":0.0,"event_name":"Falling","player_choice":"Removed Attack","floor":38.0,"gold_loss":0.0,"damage_taken":0.0},{"damage_healed":22.0,"max_hp_gain":0.0,"max_hp_loss":0.0,"gold_gain":0.0,"event_name":"Winding Halls","player_choice":"Writhe","floor":46.0,"gold_loss":0.0,"damage_taken":0.0,"cards_obtained":["Writhe"]}],"is_beta":false,"boss_relics":[{"not_picked":["Busted Crown","Runic Dome"],"picked":"Orrery"},{"not_picked":["Snecko Eye","Coffee Dripper"],"picked":"Velvet Choker"}],"items_purged_floors":[],"is_endless":false,"potions_floor_spawned":[6,8,11,21,22,23,33,41,47],"ascension_level":4}