{"gold_per_floor":[210,16,26,26,26,26,45,8,8,8,23,42,42,60,60,155,155,170,170,89,99,99,99,99,99,99,119,25,25],"floor_reached":29,"playtime":1595,"items_purged":[],"score":213,"play_id":"6df90f4e-14a2-49b4-8319-a2b025bf849d","local_time":"20181011225558","is_ascension_mode":false,"campfire_choices":[{"data":"Dualcast","floor":6,"key":"SMITH"},{"data":"Fusion","floor":10,"key":"SMITH"},{"data":"Warcry","floor":13,"key":"SMITH"},{"data":"Adrenaline","floor":15,"key":"SMITH"},{"data":"Capacitor","floor":23,"key":"SMITH"},{"floor":25,"key":"REST"}],"neow_cost":"NONE","seed_source_timestamp":103849375540381,"circlet_count":0,"master_deck":["Strike_B","Strike_B","Strike_B","Strike_B","Defend_B","Defend_B","Defend_B","Defend_B","Zap","Dualcast+1","Go for the Eyes","Poisoned Stab","Warcry+1","Fusion+1","Quick Slash","Iron Wave","Adrenaline+1","All For One","Scrape","Defragment","Armaments","Capacitor+1","Sweeping Beam","Redo","Defragment"],"relics":["Cracked Core","PrismaticShard","Pantograph","Eternal Feather","Smiling Mask","Bottled Lightning"],"potions_floor_usage":[11,16,16,18],"damage_taken":[{"damage":0,"enemies":"2 Louse","floor":1,"turns":2},{"damage":0,"enemies":"Cultist","floor":3,"turns":3},{"damage":8,"enemies":"Jaw Worm","floor":7,"turns":2},{"damage":19,"enemies":"Exordium Thugs","floor":11,"turns":5},{"damage":3,"enemies":"2 Fungi Beasts","floor":12,"turns":3},{"damage":3,"enemies":"3 Louse","floor":14,"turns":2},{"damage":29,"enemies":"Slime Boss","floor":16,"turns":12},{"damage":2,"enemies":"Chosen","floor":18,"turns":5},{"damage":32,"enemies":"Shell Parasite","floor":21,"turns":7},{"damage":9,"enemies":"Centurion and Healer","floor":27,"turns":8},{"damage":67,"enemies":"Shelled Parasite and Fungi","floor":29,"turns":7}],"seed_played":"5837143664752541880","potions_obtained":[{"floor":1,"key":"EssenceOfSteel"},{"floor":4,"key":"Weak Potion"},{"floor":4,"key":"SteroidPotion"},{"floor":14,"key":"Ancient Potion"},{"floor":16,"key":"LiquidBronze"}],"is_trial":false,"path_per_floor":["M","$","M","?","$","R","M","$","T","R","M","M","R","M","R","B",null,"M","?","$","M","?","R","?","R","T","M","$"],"character_chosen":"DEFECT","items_purchased":["PrismaticShard","Fusion","Defragment","Redo","Defragment"],"campfire_rested":1,"item_purchase_floors":[2,8,20,28,28],"current_hp_per_floor":[75,75,75,75,75,75,67,67,67,67,48,45,45,42,42,38,75,73,59,59,27,27,39,39,75,75,66,66,0],"gold":25,"neow_bonus":"HUNDRED_GOLD","is_prod":false,"is_daily":false,"chose_seed":false,"campfire_upgraded":5,"win_rate":0,"timestamp":1539294958,"path_taken":["M","$","M","?","?","R","M","$","T","R","M","M","R","?","R","BOSS","M","?","$","M","?","R","?","R","T","M","?","M"],"build_version":"2018-10-04v2","purchased_purges":0,"victory":false,"max_hp_per_floor":[75,75,75,75,75,75,75,75,75,75,75,75,75,75,75,75,75,75,80,80,80,80,80,80,80,80,80,80,80],"card_choices":[{"not_picked":["Chaos","Compile Driver"],"picked":"Go for the Eyes","floor":1},{"not_picked":["Wild Strike","Outmaneuver"],"picked":"Poisoned Stab","floor":3},{"not_picked":["Steam","Darkness"],"picked":"Warcry","floor":7},{"not_picked":["Redo","Acrobatics"],"picked":"Quick Slash","floor":11},{"not_picked":["Turbo","Leg Sweep"],"picked":"Iron Wave","floor":12},{"not_picked":["Storm","Redo"],"picked":"Adrenaline","floor":14},{"not_picked":["Doppelganger","Mayhem"],"picked":"All For One","floor":16},{"not_picked":["Outmaneuver+1","Dash"],"picked":"Scrape","floor":18},{"not_picked":["PiercingWail","Masterful Stab+1"],"picked":"Armaments","floor":21},{"not_picked":["Accuracy","Go for the Eyes"],"picked":"Sweeping Beam","floor":27}],"player_experience":208079,"relics_obtained":[{"floor":9,"key":"Pantograph"},{"floor":26,"key":"Bottled Lightning"}],"event_choices":[{"event_name":"The Lab","player_choice":"Got Potions","floor":4,"damage_taken":0},{"event_name":"Forgotten Altar","player_choice":"Shed Blood","floor":19,"damage_taken":0},{"event_name":"The Library","player_choice":"Read","floor":22,"damage_taken":0},{"event_name":"WeMeetAgain","player_choice":"Potion","floor":24,"damage_taken":0}],"is_beta":false,"boss_relics":[{"not_picked":["Coffee Dripper","Astrolabe"],"picked":"Eternal Feather"}],"items_purged_floors":[],"is_endless":false,"potions_floor_spawned":[1,14,16],"killed_by":"Shelled Parasite and Fungi","ascension_level":0}