{"gold_per_floor":[111,286,182,199,199,229,229,304,304,324,324,357,376,194,194,194],"floor_reached":16,"playtime":505,"items_purged":[],"score":119,"play_id":"8595829f-b26d-49ca-a8d8-fdcec416a9c5","local_time":"20181230155043","is_ascension_mode":true,"campfire_choices":[{"data":"Bash","floor":7,"key":"SMITH"},{"data":"Thunderclap","floor":11,"key":"SMITH"},{"floor":15,"key":"REST"}],"neow_cost":"NONE","seed_source_timestamp":856689929637347,"circlet_count":0,"master_deck":["Strike_R","Strike_R","Strike_R","Strike_R","Strike_R","Defend_R","Defend_R","Defend_R","Defend_R","Bash+1","Pommel Strike","Flex","Thunderclap+1","Dropkick","Immolate","Fire Breathing+1","Panache+1"],"relics":["Burning Blood","Regal Pillow","Strawberry","Bag of Preparation","Frozen Egg 2","Matryoshka"],"potions_floor_usage":[6,12],"damage_taken":[{"damage":9,"enemies":"Jaw Worm","floor":1,"turns":4},{"damage":0,"enemies":"Small Slimes","floor":4,"turns":3},{"damage":29,"enemies":"3 Sentries","floor":6,"turns":10},{"damage":1,"enemies":"Cultist","floor":10,"turns":3},{"damage":19,"enemies":"Lagavulin","floor":12,"turns":5},{"damage":12,"enemies":"3 Louse","floor":13,"turns":2},{"damage":79,"enemies":"Hexaghost","floor":16,"turns":8}],"seed_played":"9177419805005306073","potions_obtained":[{"floor":4,"key":"EssenceOfSteel"},{"floor":10,"key":"EssenceOfSteel"}],"is_trial":false,"path_per_floor":["M","?","?","M","?","E","R","?","T","M","R","E","M","$","R","B"],"character_chosen":"IRONCLAD","items_purchased":["Panache+1"],"campfire_rested":1,"item_purchase_floors":[14],"current_hp_per_floor":[77,77,84,87,80,57,57,49,49,54,54,41,35,35,76,0],"gold":194,"neow_bonus":"RANDOM_COMMON_RELIC","is_prod":false,"is_daily":false,"chose_seed":false,"campfire_upgraded":2,"win_rate":0,"timestamp":1546203043,"path_taken":["M","?","?","?","?","E","R","?","T","?","R","E","M","$","R","BOSS"],"build_version":"2018-12-20","purchased_purges":0,"victory":false,"max_hp_per_floor":[80,80,87,87,87,87,87,87,87,87,87,87,87,87,87,87],"card_choices":[{"not_picked":["Wild Strike","Shrug It Off"],"picked":"Pommel Strike","floor":1},{"not_picked":["Twin Strike","Combust"],"picked":"Flex","floor":4},{"not_picked":["Sword Boomerang","Headbutt"],"picked":"Thunderclap","floor":6},{"not_picked":["Twin Strike","Seeing Red"],"picked":"Dropkick","floor":10},{"not_picked":["Anger","Armaments"],"picked":"Immolate","floor":12},{"not_picked":["Headbutt","True Grit"],"picked":"Fire Breathing+1","floor":13}],"player_experience":407745,"relics_obtained":[{"floor":6,"key":"Bag of Preparation"},{"floor":9,"key":"Frozen Egg 2"},{"floor":12,"key":"Matryoshka"}],"event_choices":[{"damage_healed":0,"gold_gain":175,"player_choice":"AGREE","damage_taken":0,"max_hp_gain":0,"max_hp_loss":0,"event_name":"Liars Game","floor":2,"gold_loss":0,"cards_obtained":["Doubt"]},{"damage_healed":0,"gold_gain":0,"player_choice":"Paid Gold","damage_taken":0,"relics_obtained":["Strawberry"],"max_hp_gain":0,"max_hp_loss":0,"event_name":"WeMeetAgain","floor":3,"gold_loss":104},{"cards_removed":["Doubt"],"damage_healed":0,"gold_gain":0,"player_choice":"Card Removal","damage_taken":7,"max_hp_gain":0,"max_hp_loss":0,"event_name":"Golden Wing","floor":5,"gold_loss":0},{"damage_healed":0,"gold_gain":75,"player_choice":"Touch","damage_taken":8,"max_hp_gain":0,"max_hp_loss":0,"event_name":"FaceTrader","floor":8,"gold_loss":0}],"is_beta":false,"boss_relics":[],"items_purged_floors":[],"is_endless":false,"potions_floor_spawned":[4,10],"killed_by":"Hexaghost","ascension_level":2}