{"gold_per_floor":[113,113,113,113,113,113,134,154,181,245,275,275,131,152,152,152],"floor_reached":16,"playtime":542,"items_purged":[],"score":142,"play_id":"3ba60926-e911-4a4e-80b0-b3f5a4c20f76","local_time":"20181223215532","is_ascension_mode":true,"campfire_choices":[{"floor":6,"key":"REST"},{"floor":12,"key":"REST"},{"data":"Eviscerate","floor":15,"key":"SMITH"}],"neow_cost":"NONE","seed_source_timestamp":273724329766731,"circlet_count":0,"master_deck":["Defend_G","Defend_G","Defend_G","Defend_G","Defend_G","Strike_G","Strike_G","Strike_G","Strike_G","Strike_G","Survivor","Neutralize+1","Tools of the Trade","Flying Knee","Eviscerate+1","Underhanded Strike","PiercingWail","Crippling Poison"],"relics":["Ring of the Snake","Dodecahedron","Golden Idol","Bag of Marbles","Tiny Chest","Omamori","Anchor"],"potions_floor_usage":[10,16],"damage_taken":[{"damage":4,"enemies":"Jaw Worm","floor":1,"turns":4},{"damage":6,"enemies":"Small Slimes","floor":7,"turns":3},{"damage":0,"enemies":"Cultist","floor":8,"turns":3},{"damage":18,"enemies":"Gremlin Nob","floor":10,"turns":4},{"damage":6,"enemies":"2 Fungi Beasts","floor":14,"turns":3},{"damage":70,"enemies":"The Guardian","floor":16,"turns":10}],"seed_played":"-4080891178531517898","potions_obtained":[{"floor":8,"key":"SpeedPotion"},{"floor":14,"key":"Regen Potion"}],"is_trial":false,"path_per_floor":["M","?","T","?","?","R","M","M","T","E","?","R","$","M","R","B"],"character_chosen":"THE_SILENT","items_purchased":["Anchor"],"campfire_rested":2,"item_purchase_floors":[13],"current_hp_per_floor":[59,59,59,59,59,65,59,59,59,41,41,60,60,54,54,0],"gold":152,"neow_bonus":"ONE_RANDOM_RARE_CARD","is_prod":false,"is_daily":false,"chose_seed":false,"campfire_upgraded":1,"win_rate":0,"timestamp":1545620132,"path_taken":["M","?","?","?","?","R","?","M","T","E","?","R","$","M","R","BOSS"],"build_version":"2018-12-20","purchased_purges":0,"victory":false,"max_hp_per_floor":[70,70,70,65,65,65,65,65,65,65,65,65,65,65,65,65],"card_choices":[{"not_picked":["Cloak And Dagger","Riddle With Holes"],"picked":"Flying Knee","floor":1},{"not_picked":["Blade Dance","Slice"],"picked":"Eviscerate","floor":7},{"not_picked":["Poisoned Stab","Corpse Explosion"],"picked":"Underhanded Strike","floor":8},{"not_picked":["Deflect","Dagger Throw"],"picked":"PiercingWail","floor":10},{"not_picked":["Endless Agony","Backflip"],"picked":"Crippling Poison","floor":14}],"player_experience":376848,"relics_obtained":[{"floor":3,"key":"Dodecahedron"},{"floor":9,"key":"Bag of Marbles"},{"floor":10,"key":"Tiny Chest"}],"event_choices":[{"damage_healed":0,"gold_gain":0,"player_choice":"Ignored","damage_taken":0,"max_hp_gain":0,"max_hp_loss":0,"event_name":"Golden Wing","floor":2,"gold_loss":0},{"damage_healed":0,"gold_gain":0,"player_choice":"Lose Max HP","damage_taken":0,"relics_obtained":["Golden Idol"],"max_hp_gain":0,"max_hp_loss":5,"event_name":"Golden Idol","floor":4,"gold_loss":0},{"damage_healed":0,"gold_gain":0,"player_choice":"Grow","damage_taken":0,"max_hp_gain":0,"max_hp_loss":0,"event_name":"Living Wall","floor":5,"gold_loss":0,"cards_upgraded":["Neutralize"]},{"damage_healed":0,"gold_gain":30,"player_choice":"Searched \u00272\u0027 times","damage_taken":0,"relics_obtained":["Omamori"],"max_hp_gain":0,"max_hp_loss":0,"event_name":"Dead Adventurer","floor":11,"gold_loss":0}],"is_beta":false,"boss_relics":[],"items_purged_floors":[],"is_endless":false,"potions_floor_spawned":[8,14],"killed_by":"The Guardian","ascension_level":9}