{"gold_per_floor":[118,129,54,54,66,66,95,45,45,20,20,20,35,59,59,188,188,209,209,244,99,224,224,559,573,573,12,25,25,44,44,44,164,164,183,183,138,360,375,375,375,375,448,491,514,514,534,550,550,550],"floor_reached":51,"playtime":2171,"items_purged":["Strike_G","Strike_G","Defend_G"],"score":843,"play_id":"8c54689b-c6e5-414a-8ff6-86a085c88c1e","local_time":"20190223164031","is_ascension_mode":false,"campfire_choices":[{"data":"Neutralize","floor":6,"key":"SMITH"},{"data":"Cloak And Dagger","floor":12,"key":"SMITH"},{"data":"Survivor","floor":15,"key":"SMITH"},{"data":"Dagger Spray","floor":23,"key":"SMITH"},{"data":"Defend_G","floor":29,"key":"SMITH"},{"data":"Blade Dance","floor":32,"key":"SMITH"},{"data":"Madness","floor":40,"key":"SMITH"},{"data":"Madness","floor":42,"key":"SMITH"},{"data":"Outmaneuver","floor":46,"key":"SMITH"},{"floor":49,"key":"RECALL"}],"neow_cost":"NONE","seed_source_timestamp":680783702834308,"circlet_count":0,"master_deck":["Defend_G+1","Defend_G+1","Defend_G+1","Strike_G","Strike_G","Survivor+1","Neutralize+1","Dagger Spray+1","Cloak And Dagger+1","Slice+1","Slice+1","Dagger Throw+1","Slice+1","Blade Dance+1","Slice+1","Flying Knee+1","Slice+1","Blade Dance+1","Slice+1","Madness+1","Madness+1","Slice+1","Slice+1","PiercingWail+1","Outmaneuver+1","Slice+1"],"relics":["Ring of the Snake","NeowsBlessing","Molten Egg 2","Letter Opener","Golden Idol","WristBlade","Red Mask","Ice Cream","Question Card","Old Coin","Unceasing Top","Thread and Needle","War Paint","Eternal Feather","Mercury Hourglass","Omamori"],"potions_floor_usage":[16,22,24,33,50,50],"damage_taken":[{"damage":0,"enemies":"Cultist","floor":1,"turns":1},{"damage":0,"enemies":"Small Slimes","floor":2,"turns":1},{"damage":0,"enemies":"2 Louse","floor":5,"turns":1},{"damage":20,"enemies":"3 Sentries","floor":7,"turns":10},{"damage":0,"enemies":"2 Fungi Beasts","floor":13,"turns":3},{"damage":1,"enemies":"Blue Slaver","floor":14,"turns":3},{"damage":26,"enemies":"Slime Boss","floor":16,"turns":10},{"damage":1,"enemies":"Shell Parasite","floor":18,"turns":4},{"damage":12,"enemies":"Masked Bandits","floor":20,"turns":4},{"damage":3,"enemies":"Colosseum Slavers","floor":22,"turns":3},{"damage":0,"enemies":"Colosseum Nobs","floor":22,"turns":3},{"damage":24,"enemies":"Slavers","floor":24,"turns":4},{"damage":1,"enemies":"2 Thieves","floor":25,"turns":2},{"damage":3,"enemies":"Snake Plant","floor":28,"turns":3},{"damage":0,"enemies":"Snecko","floor":30,"turns":3},{"damage":21,"enemies":"Collector","floor":33,"turns":7},{"damage":3,"enemies":"Orb Walker","floor":35,"turns":2},{"damage":0,"enemies":"3 Darklings","floor":39,"turns":3},{"damage":0,"enemies":"Giant Head","floor":44,"turns":5},{"damage":0,"enemies":"Transient","floor":45,"turns":5},{"damage":8,"enemies":"Spire Growth","floor":47,"turns":3},{"damage":0,"enemies":"Jaw Worm Horde","floor":48,"turns":2},{"damage":24,"enemies":"Awakened One","floor":50,"turns":9}],"seed_played":"5395560041525119500","potions_obtained":[{"floor":1,"key":"Swift Potion"},{"floor":13,"key":"AttackPotion"},{"floor":16,"key":"Energy Potion"},{"floor":20,"key":"Swift Potion"},{"floor":25,"key":"AttackPotion"},{"floor":35,"key":"LiquidBronze"},{"floor":45,"key":"SpeedPotion"},{"floor":47,"key":"SmokeBomb"}],"is_trial":false,"path_per_floor":["M","M","$","?","M","R","E","?","T","$","?","R","M","M","R","B",null,"M","?","?","$","?","R","E","M","T","$","M","R","M","$","R","B",null,"M","?","$","?","M","R","?","R","T","E","M","R","M","M","R","B",null],"character_chosen":"THE_SILENT","items_purchased":["Slice+1","Slice+1","Thread and Needle","War Paint","Slice+1"],"campfire_rested":0,"item_purchase_floors":[10,21,27,27,37],"current_hp_per_floor":[70,70,70,70,70,70,50,50,50,50,33,33,33,32,32,6,70,69,69,57,57,54,54,30,29,29,29,26,26,26,26,26,5,70,67,58,58,58,58,70,60,70,70,70,70,70,62,62,70,46],"gold":550,"neow_bonus":"THREE_ENEMY_KILL","is_prod":false,"is_daily":false,"chose_seed":false,"campfire_upgraded":9,"win_rate":0,"timestamp":1550907631,"path_taken":["M","?","?","?","M","R","E","?","T","$","?","R","M","M","R","BOSS","M","?","?","$","?","R","E","M","T","?","M","R","M","$","R","BOSS","M","?","$","?","M","R","?","R","T","E","M","R","?","M","R","BOSS"],"build_version":"2019-01-23","purchased_purges":3,"victory":true,"max_hp_per_floor":[70,70,70,70,70,70,70,70,70,70,70,70,70,70,70,70,70,70,70,70,70,70,70,70,70,70,70,70,70,70,70,70,70,70,70,70,70,70,70,70,70,70,70,70,70,70,70,70,70,70],"card_choices":[{"not_picked":["Leg Sweep","Deflect"],"picked":"Dagger Spray","floor":1},{"not_picked":["Poisoned Stab","Choke"],"picked":"Cloak And Dagger","floor":2},{"not_picked":["Flechettes","Tactician","Backflip"],"picked":"SKIP","floor":5},{"not_picked":["Endless Agony","Predator","Poisoned Stab"],"picked":"SKIP","floor":7},{"not_picked":["Dagger Spray+1","Blade Dance"],"picked":"Slice+1","floor":13},{"not_picked":["Backflip","Reflex"],"picked":"Dagger Throw+1","floor":14},{"not_picked":["Dagger Throw+1","Flying Knee+1"],"picked":"Slice+1","floor":18},{"not_picked":["Flying Knee+1","Dagger Throw+1"],"picked":"Blade Dance+1","floor":20},{"not_picked":["Leg Sweep+1","PiercingWail"],"picked":"Flying Knee+1","floor":22},{"not_picked":["PiercingWail","Setup","Bouncing Flask"],"picked":"Slice+1","floor":24},{"not_picked":["Choke+1","All Out Attack+1","Malaise","Outmaneuver+1"],"picked":"SKIP","floor":25},{"not_picked":["Catalyst","Endless Agony+1","Quick Slash+1","Dodge and Roll"],"picked":"SKIP","floor":28},{"not_picked":["Sucker Punch+1","All Out Attack+1","Dodge and Roll"],"picked":"Blade Dance","floor":30},{"not_picked":["Predator+1","Flechettes+1","Sucker Punch+1"],"picked":"Slice+1","floor":35},{"not_picked":["Flying Knee+1","Sucker Punch+1","Dodge and Roll+1"],"picked":"Slice+1","floor":39},{"not_picked":["Caltrops","Setup","Choke+1"],"picked":"PiercingWail+1","floor":44},{"not_picked":["Dash+1","Quick Slash+1","PiercingWail"],"picked":"Outmaneuver","floor":45},{"not_picked":["Dodge and Roll+1","Deflect+1","Prepared"],"picked":"Slice+1","floor":47},{"not_picked":["Poisoned Stab+1","Deadly Poison+1","PiercingWail","Cloak And Dagger"],"picked":"SKIP","floor":48}],"player_experience":889279,"relics_obtained":[{"floor":7,"key":"Molten Egg 2"},{"floor":9,"key":"Letter Opener"},{"floor":20,"key":"Red Mask"},{"floor":22,"key":"Ice Cream"},{"floor":22,"key":"Question Card"},{"floor":24,"key":"Old Coin"},{"floor":26,"key":"Unceasing Top"},{"floor":43,"key":"Mercury Hourglass"},{"floor":44,"key":"Omamori"}],"event_choices":[{"cards_removed":["Strike_G"],"damage_healed":0,"gold_gain":0,"player_choice":"Forget","damage_taken":0,"max_hp_gain":0,"max_hp_loss":0,"event_name":"Living Wall","floor":4,"gold_loss":0},{"cards_removed":["Defend_G"],"damage_healed":0,"gold_gain":0,"player_choice":"Card Removal","damage_taken":0,"max_hp_gain":0,"max_hp_loss":0,"event_name":"The Cleric","floor":8,"gold_loss":50},{"damage_healed":0,"gold_gain":0,"player_choice":"Take Damage","damage_taken":17,"relics_obtained":["Golden Idol"],"max_hp_gain":0,"max_hp_loss":0,"event_name":"Golden Idol","floor":11,"gold_loss":0},{"damage_healed":0,"gold_gain":0,"player_choice":"Ignored","damage_taken":0,"max_hp_gain":0,"max_hp_loss":0,"event_name":"Ghosts","floor":19,"gold_loss":0},{"damage_healed":0,"gold_gain":0,"player_choice":"Fought Bandits","damage_taken":0,"max_hp_gain":0,"max_hp_loss":0,"event_name":"Masked Bandits","floor":20,"gold_loss":0},{"damage_healed":0,"gold_gain":0,"player_choice":"Fight","damage_taken":0,"max_hp_gain":0,"max_hp_loss":0,"event_name":"Colosseum","floor":22,"gold_loss":0},{"damage_healed":0,"gold_gain":0,"player_choice":"Fought Nobs","damage_taken":0,"max_hp_gain":0,"max_hp_loss":0,"event_name":"Colosseum","floor":22,"gold_loss":0},{"damage_healed":0,"gold_gain":0,"player_choice":"Embrace Madness","damage_taken":9,"max_hp_gain":0,"max_hp_loss":0,"event_name":"Winding Halls","floor":36,"gold_loss":0,"cards_obtained":["Madness","Madness"]},{"damage_healed":0,"gold_gain":222,"player_choice":"Wore Mask","damage_taken":0,"max_hp_gain":0,"max_hp_loss":0,"event_name":"Tomb of Lord Red Mask","floor":38,"gold_loss":0},{"damage_healed":0,"gold_gain":0,"player_choice":"Memory 3","damage_taken":10,"max_hp_gain":0,"max_hp_loss":0,"event_name":"SensoryStone","floor":41,"gold_loss":0}],"is_beta":false,"boss_relics":[{"not_picked":["Fusion Hammer","Empty Cage"],"picked":"WristBlade"},{"not_picked":["Runic Dome","HoveringKite"],"picked":"Eternal Feather"}],"items_purged_floors":[3,21,27],"is_endless":false,"potions_floor_spawned":[1,13,16,20,22,25,35,45,47],"ascension_level":0}