{"gold_per_floor":[110,60,60,76,76,115,115,115,115,115,156,0,44,44,44,164,164,152,152,170,120,136,170,170,190,190,203,203,203,228,243,243,372,435,451,466,466],"floor_reached":37,"playtime":5164,"items_purged":[],"score":502,"play_id":"d268c4f1-6603-4a48-9067-a1a9361ee15f","local_time":"20181201195009","is_ascension_mode":true,"campfire_choices":[{"data":"Bouncing Flask","floor":7,"key":"SMITH"},{"data":"Poisoned Stab","floor":10,"key":"SMITH"},{"data":"Tools of the Trade","floor":15,"key":"SMITH"},{"data":"Adrenaline","floor":24,"key":"SMITH"},{"floor":28,"key":"REST"},{"data":"Choke","floor":32,"key":"SMITH"}],"neow_cost":"NONE","seed_source_timestamp":678527417212066,"circlet_count":0,"master_deck":["Defend_G+1","Defend_G","Defend_G+1","Defend_G","Defend_G+1","Strike_G+1","Strike_G","Strike_G","Survivor","Neutralize+1","Poisoned Stab+1","Escape Plan","Bouncing Flask+1","Tools of the Trade+1","Adrenaline+1","Well Laid Plans","Blur+1","Pain","Backstab","Calculated Gamble+1","Blade Dance+1","Choke+1","Slice+1","Acrobatics+1","Noxious Fumes+1","Acrobatics+1","Poisoned Stab","Night Terror","Outmaneuver+1","PiercingWail","Unload","Quick Slash+1","Poisoned Stab+1","Poisoned Stab+1"],"relics":["Ring of the Snake","NeowsBlessing","Golden Idol","Prayer Wheel","Darkstone Periapt","Dream Catcher","Lantern","Ginger","White Beast Statue","WarpedTongs","War Paint","Gambling Chip","Tiny House"],"potions_floor_usage":[13,23,23,25,29,30,31,33,33,35,36,37,37],"damage_taken":[{"damage":0,"enemies":"2 Louse","floor":1,"turns":1},{"damage":0,"enemies":"Jaw Worm","floor":4,"turns":1},{"damage":0,"enemies":"3 Sentries","floor":6,"turns":1},{"damage":20,"enemies":"Lagavulin","floor":11,"turns":5},{"damage":12,"enemies":"Gremlin Nob","floor":13,"turns":3},{"damage":7,"enemies":"The Guardian","floor":16,"turns":7},{"damage":12,"enemies":"2 Thieves","floor":18,"turns":4},{"damage":21,"enemies":"Shell Parasite","floor":20,"turns":5},{"damage":5,"enemies":"Snake Plant","floor":22,"turns":4},{"damage":21,"enemies":"Book of Stabbing","floor":23,"turns":6},{"damage":8,"enemies":"Centurion and Healer","floor":25,"turns":8},{"damage":12,"enemies":"Shelled Parasite and Fungi","floor":27,"turns":4},{"damage":0,"enemies":"Sentry and Sphere","floor":29,"turns":1},{"damage":2,"enemies":"Chosen and Byrds","floor":30,"turns":4},{"damage":5,"enemies":"3 Cultists","floor":31,"turns":3},{"damage":14,"enemies":"Collector","floor":33,"turns":10},{"damage":50,"enemies":"3 Darklings","floor":35,"turns":4},{"damage":10,"enemies":"Orb Walker","floor":36,"turns":3},{"damage":18,"enemies":"Transient","floor":37,"turns":5}],"seed_played":"7714039053194714562","potions_obtained":[{"floor":1,"key":"Fire Potion"},{"floor":16,"key":"Strength Potion"},{"floor":18,"key":"FearPotion"},{"floor":20,"key":"Ancient Potion"},{"floor":22,"key":"GhostInAJar"},{"floor":23,"key":"Regen Potion"},{"floor":25,"key":"SmokeBomb"},{"floor":27,"key":"SkillPotion"},{"floor":30,"key":"Explosive Potion"},{"floor":31,"key":"GhostInAJar"},{"floor":33,"key":"Explosive Potion"},{"floor":34,"key":"GhostInAJar"},{"floor":35,"key":"Fire Potion"},{"floor":36,"key":"Swift Potion"}],"is_trial":false,"path_per_floor":["M","?","?","M","?","E","R","?","T","R","E","$","E","?","R","B",null,"M","?","M","?","M","E","R","M","T","M","R","M","M","M","R","B",null,"M","M","M"],"character_chosen":"THE_SILENT","items_purchased":["Lantern"],"campfire_rested":1,"item_purchase_floors":[12],"current_hp_per_floor":[70,70,70,70,65,65,65,52,52,52,32,32,20,13,13,6,65,53,59,38,38,33,12,12,19,19,7,28,28,26,21,21,7,76,26,16,0],"gold":466,"neow_bonus":"THREE_ENEMY_KILL","is_prod":false,"is_daily":false,"chose_seed":false,"campfire_upgraded":5,"win_rate":0,"timestamp":1543711809,"path_taken":["M","?","?","M","?","E","R","?","T","R","E","$","E","?","R","BOSS","M","?","?","?","M","E","R","M","T","M","R","M","?","M","R","BOSS","M","M","M"],"build_version":"2018-11-15","purchased_purges":0,"victory":false,"max_hp_per_floor":[70,70,70,70,65,65,65,65,65,65,65,65,65,65,65,65,65,65,71,71,71,71,71,71,71,71,71,71,71,71,71,71,71,76,76,76,76],"card_choices":[{"not_picked":["Dagger Throw","Slice"],"picked":"Poisoned Stab","floor":1},{"not_picked":["Accuracy","Deflect"],"picked":"Escape Plan","floor":4},{"not_picked":["Prepared","Underhanded Strike"],"picked":"Bouncing Flask","floor":6},{"not_picked":["Dagger Spray","Accuracy","Slice"],"picked":"SKIP","floor":11},{"not_picked":["Quick Slash","Deflect"],"picked":"Tools of the Trade","floor":13},{"not_picked":["After Image","Grand Finale"],"picked":"Adrenaline","floor":16},{"not_picked":["Dodge and Roll","Choke"],"picked":"Well Laid Plans","floor":18},{"not_picked":["Endless Agony","PiercingWail"],"picked":"Blur","floor":18},{"not_picked":["Concentrate","Predator"],"picked":"Backstab","floor":20},{"not_picked":["Prepared","All Out Attack"],"picked":"Calculated Gamble+1","floor":20},{"not_picked":["Sucker Punch","Deflect"],"picked":"Blade Dance+1","floor":22},{"not_picked":["Terror+1","Deadly Poison"],"picked":"Choke","floor":22},{"not_picked":["Backflip","Flying Knee"],"picked":"Slice+1","floor":23},{"not_picked":["Glass Knife","Choke"],"picked":"Acrobatics+1","floor":25},{"not_picked":["Cloak And Dagger","Acrobatics","Flying Knee"],"picked":"SKIP","floor":25},{"not_picked":["Backflip+1","Quick Slash"],"picked":"Noxious Fumes+1","floor":27},{"not_picked":["Choke","Tactician"],"picked":"Acrobatics+1","floor":27},{"not_picked":["Underhanded Strike+1","Dagger Throw+1"],"picked":"Poisoned Stab","floor":28},{"not_picked":["Prepared","Terror"],"picked":"Night Terror","floor":30},{"not_picked":["Slice","Calculated Gamble","Cloak And Dagger"],"picked":"SKIP","floor":30},{"not_picked":["Escape Plan+1","Blade Dance+1"],"picked":"Outmaneuver+1","floor":31},{"not_picked":["Underhanded Strike","Prepared"],"picked":"PiercingWail","floor":31},{"not_picked":["Glass Knife","Malaise"],"picked":"Unload","floor":33},{"not_picked":["Terror","Skewer+1"],"picked":"Quick Slash+1","floor":35},{"not_picked":["Quick Slash","Flechettes+1"],"picked":"Poisoned Stab+1","floor":35},{"not_picked":["Flying Knee+1","Dagger Throw+1"],"picked":"Poisoned Stab+1","floor":36},{"not_picked":["Dagger Spray","Sucker Punch","Well Laid Plans"],"picked":"SKIP","floor":36}],"player_experience":218312,"relics_obtained":[{"floor":6,"key":"Prayer Wheel"},{"floor":9,"key":"Darkstone Periapt"},{"floor":11,"key":"Dream Catcher"},{"floor":13,"key":"Ginger"},{"floor":23,"key":"War Paint"},{"floor":26,"key":"Gambling Chip"}],"event_choices":[{"cards_removed":["Strike_G"],"damage_healed":0,"gold_gain":0,"player_choice":"Card Removal","damage_taken":0,"max_hp_gain":0,"max_hp_loss":0,"event_name":"The Cleric","floor":2,"gold_loss":50},{"damage_healed":0,"gold_gain":0,"player_choice":"Grow","damage_taken":0,"max_hp_gain":0,"max_hp_loss":0,"event_name":"Living Wall","floor":3,"gold_loss":0,"cards_upgraded":["Neutralize"]},{"damage_healed":0,"gold_gain":0,"player_choice":"Lose Max HP","damage_taken":0,"relics_obtained":["Golden Idol"],"max_hp_gain":0,"max_hp_loss":5,"event_name":"Golden Idol","floor":5,"gold_loss":0},{"damage_healed":0,"gold_gain":0,"player_choice":"Entered Light","damage_taken":13,"max_hp_gain":0,"max_hp_loss":0,"event_name":"Shining Light","floor":8,"gold_loss":0,"cards_upgraded":["Defend_G","Defend_G"]},{"cards_removed":["Strike_G"],"damage_healed":0,"gold_gain":0,"player_choice":"Card Removal","damage_taken":7,"max_hp_gain":0,"max_hp_loss":0,"event_name":"Golden Wing","floor":14,"gold_loss":0},{"damage_healed":0,"gold_gain":0,"player_choice":"Rummage","damage_taken":0,"relics_obtained":["WarpedTongs"],"max_hp_gain":0,"max_hp_loss":0,"event_name":"Accursed Blacksmith","floor":19,"gold_loss":0,"cards_obtained":["Pain"]},{"damage_healed":0,"gold_gain":0,"player_choice":"Bet on Murderer","damage_taken":0,"max_hp_gain":0,"max_hp_loss":0,"event_name":"The Joust","floor":21,"gold_loss":50}],"is_beta":false,"boss_relics":[{"not_picked":["Sozu","Coffee Dripper"],"picked":"White Beast Statue"},{"not_picked":["Ring of the Serpent","Snecko Eye"],"picked":"Tiny House"}],"items_purged_floors":[],"is_endless":false,"potions_floor_spawned":[1,16,18,20,22,23,25,27,29,30,31,33,35,36],"killed_by":"Transient","ascension_level":2}