{"path_per_floor":["M","?","?","M","?","R","$","M","T","M","M","$","?","$","R","B",null,"M","?","M","$","M","R","$","M","T"],"character_chosen":"DEFECT","items_purchased":["Magnetism","Go for the Eyes","Stack","Echo Form","Defragment"],"gold_per_floor":[115,190,365,378,378,378,53,67,113,127,143,0,0,0,0,121,121,142,57,82,11,26,26,26,42,42,42],"floor_reached":27,"campfire_rested":1,"playtime":1278,"item_purchase_floors":[7,7,7,12,21],"current_hp_per_floor":[69,58,58,57,57,57,57,57,57,56,48,48,48,48,48,24,75,64,64,23,23,2,34,34,24,24,0],"items_purged":["Doubt"],"gold":42,"score":203,"play_id":"44d12788-cba2-412b-8696-a697a116718f","local_time":"20180622012935","is_prod":false,"is_daily":false,"chose_seed":false,"is_ascension_mode":false,"campfire_upgraded":2,"win_rate":0,"timestamp":1529645375,"campfire_choices":[{"data":"Zap","floor":6,"key":"SMITH"},{"data":"Defragment","floor":15,"key":"SMITH"},{"floor":23,"key":"REST"}],"path_taken":["M","?","?","?","?","R","$","M","T","M","M","$","?","$","R","BOSS","M","?","M","$","M","R","$","M","T","M"],"build_version":"2018-06-21","seed_source_timestamp":718480296207796,"purchased_purges":1,"circlet_count":0,"victory":false,"master_deck":["Strike_B","Strike_B","Strike_B","Strike_B","Defend_B","Defend_B+1","Defend_B+1","Defend_B","Zap+1","Dualcast","Coolheaded","Stack","Magnetism","Go for the Eyes","Stack","Defragment","Electrodynamics","Defragment+1","Echo Form","Injury","Creative AI","Self Repair","Loop","Defragment","Conserve Battery+1"],"max_hp_per_floor":[75,75,75,75,75,75,75,75,75,75,75,75,75,75,75,75,75,75,75,75,75,75,75,75,75,75,75],"relics":["Cracked Core","Bronze Scales","War Paint","Golden Idol","Eternal Feather","Bag of Preparation","Lantern"],"card_choices":[{"not_picked":["Steam","Darkness"],"picked":"Coolheaded","floor":1},{"not_picked":["Go for the Eyes","Ball Lightning"],"picked":"Stack","floor":4},{"not_picked":["White Noise","Compile Driver"],"picked":"Defragment","floor":8},{"not_picked":["Sweeping Beam","Rebound"],"picked":"Electrodynamics","floor":10},{"not_picked":["Redo","Undo"],"picked":"Defragment","floor":11},{"not_picked":["Machine Learning","Buffer"],"picked":"Creative AI","floor":16},{"not_picked":["Beam Cell","Sweeping Beam+1"],"picked":"Self Repair","floor":18},{"not_picked":["Gash","Force Field"],"picked":"Loop","floor":20},{"not_picked":["Compile Driver","Tempest"],"picked":"Conserve Battery+1","floor":22},{"not_picked":["Darkness","Compile Driver","Sweeping Beam"],"picked":"SKIP","floor":25}],"player_experience":514836,"potions_floor_usage":[16,16,22,22],"damage_taken":[{"damage":6,"enemies":"Jaw Worm","floor":1,"turns":3},{"damage":1,"enemies":"Small Slimes","floor":4,"turns":3},{"damage":0,"enemies":"2 Louse","floor":8,"turns":3},{"damage":1,"enemies":"Exordium Wildlife","floor":10,"turns":3},{"damage":8,"enemies":"3 Louse","floor":11,"turns":2},{"damage":24,"enemies":"The Guardian","floor":16,"turns":9},{"damage":11,"enemies":"Chosen","floor":18,"turns":6},{"damage":48,"enemies":"Spheric Guardian","floor":20,"turns":6},{"damage":21,"enemies":"Snake Plant","floor":22,"turns":5},{"damage":10,"enemies":"3 Cultists","floor":25,"turns":3},{"damage":27,"enemies":"Centurion and Healer","floor":27,"turns":5}],"relics_obtained":[{"floor":9,"key":"War Paint"},{"floor":26,"key":"Lantern"}],"event_choices":[{"event_name":"World of Goop","player_choice":"Gather Gold","floor":2,"damage_taken":0},{"event_name":"Liars Game","player_choice":"agreed","floor":3,"damage_taken":0},{"event_name":"The Woman in Blue","player_choice":"Bought 0 Potions","floor":5,"damage_taken":0},{"event_name":"Golden Idol","player_choice":"Take Wound","floor":13,"damage_taken":0},{"event_name":"Addict","player_choice":"Obtained Relic","floor":19,"damage_taken":0}],"boss_relics":[{"not_picked":["Calling Bell","Runic Pyramid"],"picked":"Eternal Feather"}],"items_purged_floors":[7],"is_endless":false,"potions_floor_spawned":[4,10,11,16,18],"seed_played":"-6406185207946422787","killed_by":"Centurion and Healer","ascension_level":0,"potions_obtained":[{"floor":4,"key":"Weak Potion"},{"floor":10,"key":"LiquidBronze"},{"floor":11,"key":"Strength Potion"},{"floor":16,"key":"SpeedPotion"},{"floor":18,"key":"SpeedPotion"}],"is_trial":false}