{"path_per_floor":["M","?","M","$","M","M","M","?","T","R","?","R","?","$","R","B",null,"M","M","T","$","?","R","M","M","T","$","M","M","R","M","R"],"character_chosen":"THE_SILENT","items_purchased":["Footwork","Cloak And Dagger","Dagger Throw"],"gold_per_floor":[111,186,203,4,18,34,47,47,47,47,47,47,102,2,2,107,107,126,146,146,21,21,21,37,51,51,6,23,43,43,56,56,56],"floor_reached":33,"campfire_rested":3,"playtime":3179,"current_hp_per_floor":[70,59,58,58,58,58,37,37,37,37,30,30,23,23,44,22,58,53,28,28,28,28,49,24,11,11,11,11,6,27,15,15,0],"items_purged":["Defend_G","Strike_G","Strike_G"],"gold":56,"score":299,"play_id":"af7f17a8-1577-4825-9ac9-f974163f51e7","local_time":"20180411225424","is_prod":false,"is_daily":false,"is_ascension_mode":true,"campfire_upgraded":3,"timestamp":1523501664,"path_taken":["M","?","M","?","M","M","M","?","T","R","?","R","?","?","R","BOSS","M","?","?","$","?","R","M","M","T","$","M","M","R","M","R","BOSS"],"build_version":"2018-04-05v2","purchased_purges":3,"victory":false,"master_deck":["Defend_G","Defend_G","Defend_G","Strike_G","Strike_G","Strike_G","Survivor","Neutralize","Cloak And Dagger","Prepared","Footwork+1","Cloak And Dagger+1","Acrobatics","Choke","Backflip","Storm of Steel","Cloak And Dagger","Caltrops+1","Blade Dance","Backflip","Dagger Throw","Leg Sweep","Prepared","Calculated Gamble+1"],"max_hp_per_floor":[70,70,70,70,70,70,70,70,70,70,70,70,70,70,70,70,70,70,70,70,70,70,70,70,70,70,70,70,70,70,70,70,70],"relics":["Ring of the Snake","Gambling Chip","Tough Bandages","Lizard Tail","The Specimen","Tingsha"],"card_choices":[{"not_picked":["Poisoned Stab","Underhanded Strike"],"picked":"Cloak And Dagger","floor":1.0},{"not_picked":["Riddle With Holes","Choke"],"picked":"Prepared","floor":3.0},{"not_picked":["Deflect","Well Laid Plans"],"picked":"Acrobatics","floor":5.0},{"not_picked":["Tools of the Trade","Quick Slash"],"picked":"Choke","floor":6.0},{"not_picked":["Cloak And Dagger","Riddle With Holes"],"picked":"Backflip","floor":7.0},{"not_picked":["Wraith Form","Unload"],"picked":"Storm of Steel","floor":16.0},{"not_picked":["Malaise","Quick Slash"],"picked":"Cloak And Dagger","floor":18},{"not_picked":["Dagger Throw","Cloak And Dagger"],"picked":"Caltrops","floor":19},{"not_picked":["Finisher","Backflip"],"picked":"Blade Dance","floor":24},{"not_picked":["Slice","Acrobatics"],"picked":"Backflip","floor":25},{"not_picked":["Poisoned Stab","Underhanded Strike"],"picked":"Leg Sweep","floor":28},{"not_picked":["Noxious Fumes","Sucker Punch"],"picked":"Prepared","floor":29},{"not_picked":["Prepared","Underhanded Strike"],"picked":"Calculated Gamble","floor":31}],"player_experience":427133,"potions_floor_usage":[24,33,33],"damage_taken":[{"damage":0.0,"enemies":"2 Louse","floor":1.0,"turns":3.0},{"damage":1.0,"enemies":"Jaw Worm","floor":3.0,"turns":4.0},{"damage":0.0,"enemies":"Cultist","floor":5.0,"turns":4.0},{"damage":0.0,"enemies":"Large Slime","floor":6.0,"turns":9.0},{"damage":21.0,"enemies":"Exordium Thugs","floor":7.0,"turns":9.0},{"damage":7.0,"enemies":"Gremlin Nob","floor":13.0,"turns":3.0},{"damage":22.0,"enemies":"The Guardian","floor":16.0,"turns":23.0},{"damage":5.0,"enemies":"Chosen","floor":18.0,"turns":10.0},{"damage":25,"enemies":"Snake Plant","floor":19,"turns":11},{"damage":25,"enemies":"Snecko","floor":24,"turns":11},{"damage":13,"enemies":"Centurion and Healer","floor":25,"turns":18},{"damage":0,"enemies":"Snake Plant","floor":28,"turns":3},{"damage":5,"enemies":"Slaver and Parasite","floor":29,"turns":6},{"damage":12,"enemies":"Sentry and Sphere","floor":31,"turns":4},{"damage":87,"enemies":"Automaton","floor":33,"turns":12}],"event_choices":[{"event_name":"World of Goop","player_choice":"Gather Gold","floor":2.0,"damage_taken":0.0},{"event_name":"The Lab","player_choice":"Got Potions","floor":8.0,"damage_taken":0.0},{"event_name":"Golden Wing","player_choice":"Card Removal","floor":11.0,"damage_taken":0.0},{"event_name":"Dead Adventurer","player_choice":"Searched \u00271\u0027 times","floor":13.0,"damage_taken":0.0},{"event_name":"Ghosts","player_choice":"Ignored","floor":22,"damage_taken":0}],"boss_relics":[],"potions_floor_spawned":[6,13,16,19,29],"seed_played":"-4177101380848048666","killed_by":"Automaton","ascension_level":5,"is_trial":false}