{"gold_per_floor":[115,126,141,141,141,156,156,173,173,186,201,65,77,94,94,94],"floor_reached":16,"playtime":799,"items_purged":[],"score":98,"play_id":"543b00d7-1dd7-45ee-bd49-509185eb9adc","local_time":"20190129031321","is_ascension_mode":false,"campfire_choices":[{"data":"True Grit","floor":7,"key":"SMITH"},{"data":"Bludgeon","floor":15,"key":"SMITH"}],"neow_cost":"NONE","seed_source_timestamp":1720387911181488,"circlet_count":0,"master_deck":["Strike_R","Strike_R","Strike_R","Strike_R","Strike_R","Defend_R","Defend_R","Defend_R","Defend_R","Bash+1","Dual Wield","True Grit+1","Bludgeon+1"],"relics":["Burning Blood","Meat on the Bone","Toxic Egg 2"],"potions_floor_usage":[16],"damage_taken":[{"damage":0,"enemies":"Cultist","floor":1,"turns":3},{"damage":0,"enemies":"Small Slimes","floor":2,"turns":3},{"damage":7,"enemies":"2 Louse","floor":3,"turns":3},{"damage":11,"enemies":"Red Slaver","floor":6,"turns":3},{"damage":17,"enemies":"Gremlin Gang","floor":8,"turns":7},{"damage":13,"enemies":"Lots of Slimes","floor":10,"turns":5},{"damage":7,"enemies":"Blue Slaver","floor":11,"turns":3},{"damage":13,"enemies":"2 Fungi Beasts","floor":13,"turns":3},{"damage":15,"enemies":"Gremlin Gang","floor":14,"turns":8},{"damage":57,"enemies":"Slime Boss","floor":16,"turns":9}],"seed_played":"7684192620291170284","potions_obtained":[{"floor":1,"key":"SneckoOil"},{"floor":2,"key":"Ancient Potion"},{"floor":6,"key":"EssenceOfSteel"},{"floor":10,"key":"Energy Potion"}],"is_trial":false,"path_per_floor":["M","M","M","?","?","M","R","M","T","M","M","$","M","M","R","B"],"character_chosen":"IRONCLAD","items_purchased":["Bludgeon"],"campfire_rested":0,"item_purchase_floors":[12],"current_hp_per_floor":[80,80,79,79,79,74,74,63,63,56,55,55,48,51,51,0],"gold":94,"neow_bonus":"UPGRADE_CARD","is_prod":false,"is_daily":false,"chose_seed":false,"campfire_upgraded":2,"win_rate":0,"timestamp":1548749601,"path_taken":["M","?","M","?","?","M","R","M","T","M","M","$","M","M","R","BOSS"],"build_version":"2019-01-23","purchased_purges":0,"victory":false,"max_hp_per_floor":[80,80,80,80,80,80,80,80,80,80,80,80,80,80,80,80],"card_choices":[{"not_picked":["Perfected Strike","Metallicize"],"picked":"Dual Wield","floor":1},{"not_picked":["Headbutt","Anger","Warcry"],"picked":"SKIP","floor":2},{"not_picked":["Evolve","Havoc"],"picked":"True Grit","floor":3},{"not_picked":["Havoc","Wild Strike","Anger"],"picked":"SKIP","floor":6},{"not_picked":["Wild Strike","Clothesline","Disarm"],"picked":"SKIP","floor":8},{"not_picked":["Pommel Strike","Rage+1","Warcry+1"],"picked":"SKIP","floor":10},{"not_picked":["Clothesline","Thunderclap","Perfected Strike"],"picked":"SKIP","floor":11},{"not_picked":["Cleave","Heavy Blade","Wild Strike"],"picked":"SKIP","floor":13},{"not_picked":["Demon Form","Sever Soul","Armaments+1"],"picked":"SKIP","floor":14}],"player_experience":963662,"relics_obtained":[{"floor":5,"key":"Meat on the Bone"},{"floor":9,"key":"Toxic Egg 2"}],"event_choices":[{"damage_healed":0,"gold_gain":0,"player_choice":"Ignored","damage_taken":0,"max_hp_gain":0,"max_hp_loss":0,"event_name":"Liars Game","floor":4,"gold_loss":0},{"damage_healed":0,"gold_gain":0,"player_choice":"Relic","damage_taken":0,"max_hp_gain":0,"max_hp_loss":0,"event_name":"Wheel of Change","floor":5,"gold_loss":0}],"is_beta":false,"boss_relics":[],"items_purged_floors":[],"is_endless":false,"potions_floor_spawned":[1,2,6,10],"killed_by":"Slime Boss","ascension_level":0}