{"gold_per_floor":[113,10,21,21,35,35,46,57,57,7,7,23,23,41,41,141,141,161,161,178,192,209,209,209,209,209,85,85,85,85,85,85,85],"floor_reached":33,"playtime":1030,"items_purged":["Regret"],"score":344,"play_id":"9750ecf7-19f6-40f9-aa66-a276d87998b1","local_time":"20181116180358","is_ascension_mode":true,"campfire_choices":[{"data":"Inflame","floor":6,"key":"SMITH"},{"data":"Searing Blow","floor":15,"key":"SMITH"},{"floor":23,"key":"REST"},{"floor":25,"key":"REST"},{"data":"Demon Form","floor":29,"key":"SMITH"},{"data":"Flex","floor":32,"key":"SMITH"}],"neow_cost":"NONE","seed_source_timestamp":225277272084758,"circlet_count":0,"master_deck":["Strike_R","Strike_R+1","Defend_R","Defend_R","Defend_R","Defend_R+1","Bash","Immolate+1","Rage","Inflame+1","Sword Boomerang","Evolve","Anger","Searing Blow+1","Flex+1","Burning Pact","Demon Form+1","Ghostly Armor","Seeing Red","Pommel Strike+1","Thunderclap","True Grit"],"relics":["Burning Blood","Charon\u0027s Ashes","Turnip","Cursed Key","WingedGreaves","Mercury Hourglass"],"potions_floor_usage":[22],"damage_taken":[{"damage":7,"enemies":"Jaw Worm","floor":1,"turns":3},{"damage":6,"enemies":"Cultist","floor":3,"turns":3},{"damage":0,"enemies":"2 Louse","floor":5,"turns":3},{"damage":3,"enemies":"Blue Slaver","floor":7,"turns":3},{"damage":0,"enemies":"2 Fungi Beasts","floor":8,"turns":1},{"damage":11,"enemies":"Looter","floor":12,"turns":2},{"damage":13,"enemies":"Large Slime","floor":14,"turns":4},{"damage":0,"enemies":"Slime Boss","floor":16,"turns":5},{"damage":25,"enemies":"Spheric Guardian","floor":18,"turns":4},{"damage":5,"enemies":"Chosen","floor":20,"turns":4},{"damage":10,"enemies":"Snecko","floor":21,"turns":3},{"damage":54,"enemies":"Snake Plant","floor":22,"turns":5},{"damage":11,"enemies":"Colosseum Slavers","floor":30,"turns":3},{"damage":74,"enemies":"Automaton","floor":33,"turns":6}],"seed_played":"-7677327610864358958","potions_obtained":[{"floor":7,"key":"Ancient Potion"},{"floor":12,"key":"Ancient Potion"},{"floor":20,"key":"Poison Potion"},{"floor":21,"key":"Explosive Potion"}],"is_trial":false,"path_per_floor":["M","$","M","?","M","R","M","M","T","?","?","M","?","M","R","B",null,"M","?","M","M","M","R","?","R","T","$","?","R","?","?","R","B"],"character_chosen":"IRONCLAD","items_purchased":["Inflame","Sword Boomerang","True Grit"],"campfire_rested":2,"item_purchase_floors":[2,2,27],"current_hp_per_floor":[79,79,79,79,80,80,80,80,80,80,73,68,52,45,45,51,80,61,61,62,58,10,34,34,58,58,58,58,58,53,53,53,0],"gold":85,"neow_bonus":"ONE_RANDOM_RARE_CARD","is_prod":false,"is_daily":false,"chose_seed":false,"campfire_upgraded":4,"win_rate":0,"timestamp":1542409438,"path_taken":["M","$","M","?","M","R","M","?","T","?","?","M","?","M","R","BOSS","M","?","M","M","M","R","?","R","T","$","?","R","?","?","R","BOSS"],"build_version":"2018-11-15","purchased_purges":1,"victory":false,"max_hp_per_floor":[80,80,80,80,80,80,80,80,80,80,80,80,80,80,80,80,80,80,80,80,80,80,80,80,80,80,80,80,80,80,80,80,80],"card_choices":[{"not_picked":["Cleave","Clash"],"picked":"Rage","floor":1},{"not_picked":["Sever Soul","Evolve","Headbutt"],"picked":"SKIP","floor":3},{"not_picked":["Sever Soul","Headbutt"],"picked":"Evolve","floor":3},{"not_picked":["Feel No Pain","Pommel Strike"],"picked":"Anger","floor":5},{"not_picked":["Clash","Armaments"],"picked":"Searing Blow","floor":7},{"not_picked":["Searing Blow","Shockwave","Clothesline"],"picked":"SKIP","floor":8},{"not_picked":["Body Slam","Power Through"],"picked":"Flex","floor":12},{"not_picked":["Perfected Strike","Havoc"],"picked":"Burning Pact","floor":14},{"not_picked":["Offering","Berserk"],"picked":"Demon Form","floor":16},{"not_picked":["Dropkick","Twin Strike"],"picked":"Ghostly Armor","floor":18},{"not_picked":["Armaments","Flex+1"],"picked":"Seeing Red","floor":20},{"not_picked":["Sever Soul","Armaments"],"picked":"Pommel Strike+1","floor":21},{"not_picked":["Anger","Blood for Blood"],"picked":"Thunderclap","floor":22}],"player_experience":818337,"relics_obtained":[{"floor":9,"key":"Charon\u0027s Ashes"},{"floor":26,"key":"WingedGreaves"}],"event_choices":[{"damage_healed":0,"gold_gain":0,"player_choice":"Upgraded","damage_taken":0,"max_hp_gain":0,"max_hp_loss":0,"event_name":"Upgrade Shrine","floor":4,"gold_loss":0,"cards_upgraded":["Immolate"]},{"cards_removed":["Strike_R"],"damage_healed":0,"gold_gain":0,"player_choice":"Card Removal","damage_taken":0,"max_hp_gain":0,"max_hp_loss":0,"event_name":"The Cleric","floor":10,"gold_loss":50},{"damage_healed":0,"gold_gain":0,"player_choice":"Success","damage_taken":7,"relics_obtained":["Turnip"],"max_hp_gain":0,"max_hp_loss":0,"event_name":"Scrap Ooze","floor":11,"gold_loss":0},{"damage_healed":0,"gold_gain":0,"player_choice":"Entered Light","damage_taken":16,"max_hp_gain":0,"max_hp_loss":0,"event_name":"Shining Light","floor":13,"gold_loss":0,"cards_upgraded":["Defend_R","Strike_R"]},{"damage_healed":0,"gold_gain":0,"player_choice":"Ignored","damage_taken":0,"max_hp_gain":0,"max_hp_loss":0,"event_name":"Vampires","floor":19,"gold_loss":0},{"cards_removed":["Strike_R"],"damage_healed":0,"gold_gain":0,"player_choice":"Elegance","damage_taken":0,"max_hp_gain":0,"max_hp_loss":0,"event_name":"Back to Basics","floor":24,"gold_loss":0},{"damage_healed":0,"gold_gain":0,"player_choice":"Opened","damage_taken":0,"relics_obtained":["Mercury Hourglass"],"max_hp_gain":0,"max_hp_loss":0,"event_name":"The Mausoleum","floor":28,"gold_loss":0},{"damage_healed":0,"gold_gain":0,"player_choice":"Fight","damage_taken":0,"max_hp_gain":0,"max_hp_loss":0,"event_name":"Colosseum","floor":30,"gold_loss":0},{"damage_healed":0,"gold_gain":0,"player_choice":"Fled From Nobs","damage_taken":0,"max_hp_gain":0,"max_hp_loss":0,"event_name":"Colosseum","floor":30,"gold_loss":0},{"cards_removed":["Strike_R"],"damage_healed":0,"gold_gain":0,"player_choice":"Offered Basic","damage_taken":0,"max_hp_gain":0,"max_hp_loss":0,"event_name":"Bonfire Elementals","floor":31,"gold_loss":0}],"is_beta":false,"boss_relics":[{"not_picked":["Lizard Tail","Snecko Eye"],"picked":"Cursed Key"}],"items_purged_floors":[27],"is_endless":false,"potions_floor_spawned":[7,12,20,21,30],"killed_by":"Automaton","ascension_level":4}