{"gold_per_floor":[116,133,152,162,175,231,231,506,529,64,75,75,88,116,116,212,212,227,241,252,252,266,266,291,291,359,369,394,412,442,461,461,461],"floor_reached":33,"playtime":2083,"items_purged":["Regret"],"score":364,"play_id":"0e7f2856-ace8-4076-975e-ea9e2456f1b9","local_time":"20181227000639","is_ascension_mode":true,"campfire_choices":[{"floor":7.0,"key":"RECALL"},{"data":"Choke","floor":12.0,"key":"SMITH"},{"floor":15.0,"key":"REST"},{"data":"Night Terror","floor":23,"key":"SMITH"},{"data":"Neutralize","floor":25,"key":"SMITH"},{"floor":32,"key":"REST"}],"neow_cost":"NONE","seed_source_timestamp":31214098824420,"circlet_count":0,"master_deck":["Defend_G","Defend_G","Defend_G","Defend_G","Defend_G","Strike_G+1","Strike_G+1","Strike_G","Strike_G","Strike_G","Survivor","Neutralize+1","Underhanded Strike","Quick Slash","Choke+1","Backflip","Night Terror+1","Predator","Dodge and Roll","Adrenaline","Predator","Underhanded Strike+1","Quick Slash","Predator","Backstab","Die Die Die","Flechettes+1","Leg Sweep"],"special_seed":0,"relics":["Velvet Choker","Tiny Chest","Pear","Whetstone","Ancient Tea Set","Snecko Eye","Strawberry","Shuriken","Boot","Kunai"],"potions_floor_usage":[24,24,28,28,33],"damage_taken":[{"damage":0.0,"enemies":"Jaw Worm","floor":1.0,"turns":4.0},{"damage":0.0,"enemies":"Cultist","floor":2.0,"turns":4.0},{"damage":0.0,"enemies":"2 Louse","floor":3.0,"turns":3.0},{"damage":0.0,"enemies":"Lots of Slimes","floor":4.0,"turns":3.0},{"damage":10.0,"enemies":"3 Louse","floor":5.0,"turns":3.0},{"damage":6.0,"enemies":"Gremlin Nob","floor":6.0,"turns":3.0},{"damage":0.0,"enemies":"Blue Slaver","floor":11.0,"turns":2.0},{"damage":10.0,"enemies":"Large Slime","floor":13.0,"turns":6.0},{"damage":23.0,"enemies":"Lagavulin","floor":14.0,"turns":7.0},{"damage":57.0,"enemies":"Hexaghost","floor":16.0,"turns":13.0},{"damage":0,"enemies":"2 Thieves","floor":18,"turns":3},{"damage":8,"enemies":"Shell Parasite","floor":19,"turns":3},{"damage":5,"enemies":"Chosen and Byrds","floor":20,"turns":4},{"damage":0,"enemies":"Snecko","floor":22,"turns":3},{"damage":5,"enemies":"Book of Stabbing","floor":24,"turns":4},{"damage":9,"enemies":"Shelled Parasite and Fungi","floor":27,"turns":6},{"damage":31,"enemies":"Gremlin Leader","floor":28,"turns":4},{"damage":9,"enemies":"3 Cultists","floor":29,"turns":4},{"damage":31,"enemies":"Book of Stabbing","floor":30,"turns":5},{"damage":0,"enemies":"Cultist and Chosen","floor":31,"turns":3},{"damage":29,"enemies":"Champ","floor":33,"turns":10}],"seed_played":"-6768125437047693921","potions_obtained":[{"floor":2.0,"key":"SkillPotion"},{"floor":3.0,"key":"FearPotion"},{"floor":5.0,"key":"Explosive Potion"},{"floor":13.0,"key":"Explosive Potion"},{"floor":14.0,"key":"Regen Potion"},{"floor":18,"key":"Regen Potion"},{"floor":20,"key":"Block Potion"},{"floor":24,"key":"Energy Potion"},{"floor":30,"key":"Ancient Potion"},{"floor":31,"key":"SmokeBomb"}],"is_trial":false,"path_per_floor":["M","M","M","M","M","E","R","?","T","$","M","R","M","E","R","B",null,"M","M","M","?","M","R","E","R","T","M","E","M","E","M","R","B"],"character_chosen":"THE_SILENT","items_purchased":["Pear","Whetstone"],"campfire_rested":2,"item_purchase_floors":[10,10],"current_hp_per_floor":[70,70,70,70,60,54,54,54,54,64,64,64,54,31,55,13,80,80,72,67,67,67,67,81,81,81,72,41,32,1,1,27,0],"gold":461,"neow_bonus":"BOSS_RELIC","is_prod":false,"is_daily":false,"chose_seed":false,"campfire_upgraded":3,"win_rate":0,"timestamp":1545861999,"path_taken":["M","M","M","M","M","E","R","?","T","$","M","R","M","E","R","BOSS","M","?","M","?","M","R","E","R","T","M","E","M","E","M","R","BOSS"],"build_version":"2018-12-20","purchased_purges":1,"victory":false,"max_hp_per_floor":[70,70,70,70,70,70,70,70,70,80,80,80,80,80,80,80,80,80,80,80,80,80,80,87,87,87,87,87,87,87,87,87,87],"card_choices":[{"not_picked":["Deadly Poison","Blade Dance"],"picked":"Underhanded Strike","floor":1.0},{"not_picked":["Acrobatics","Calculated Gamble"],"picked":"Quick Slash","floor":2.0},{"not_picked":["Well Laid Plans","Prepared"],"picked":"Choke","floor":3.0},{"not_picked":["Reflex","All Out Attack"],"picked":"Backflip","floor":4.0},{"not_picked":["Deflect","Dagger Spray"],"picked":"Night Terror","floor":5.0},{"not_picked":["Concentrate","Prepared","Deadly Poison"],"picked":"SKIP","floor":6.0},{"not_picked":["Deadly Poison","Backflip","Catalyst"],"picked":"SKIP","floor":11.0},{"not_picked":["Sucker Punch","Blade Dance"],"picked":"Predator","floor":13.0},{"not_picked":["Acrobatics","Grand Finale"],"picked":"Dodge and Roll","floor":14.0},{"not_picked":["Envenom","Bullet Time"],"picked":"Adrenaline","floor":16.0},{"not_picked":["Deadly Poison","Tactician+1"],"picked":"Predator","floor":18},{"not_picked":["Acrobatics","Sucker Punch+1"],"picked":"Underhanded Strike+1","floor":19},{"not_picked":["Heel Hook","Bane"],"picked":"Quick Slash","floor":20},{"not_picked":["Acrobatics+1","Deflect+1","Underhanded Strike+1"],"picked":"SKIP","floor":22},{"not_picked":["Slice","Glass Knife"],"picked":"Backstab","floor":24},{"not_picked":["Caltrops","Prepared+1","Expertise+1"],"picked":"SKIP","floor":27},{"not_picked":["All Out Attack","Concentrate"],"picked":"Die Die Die","floor":28},{"not_picked":["Sucker Punch","Quick Slash+1"],"picked":"Flechettes+1","floor":29},{"not_picked":["Dagger Throw","Underhanded Strike"],"picked":"Leg Sweep","floor":30},{"not_picked":["Slice","Poisoned Stab","Sucker Punch"],"picked":"SKIP","floor":31}],"player_experience":201438,"relics_obtained":[{"floor":6.0,"key":"Tiny Chest"},{"floor":14.0,"key":"Ancient Tea Set"},{"floor":24,"key":"Strawberry"},{"floor":26,"key":"Shuriken"},{"floor":28,"key":"Boot"},{"floor":30,"key":"Kunai"}],"event_choices":[{"damage_healed":0.0,"max_hp_gain":0.0,"max_hp_loss":0.0,"gold_gain":275.0,"event_name":"Golden Shrine","player_choice":"Desecrate","floor":8.0,"gold_loss":0.0,"damage_taken":0.0,"cards_obtained":["Regret"]},{"damage_healed":0,"gold_gain":0,"player_choice":"Copied","damage_taken":0,"max_hp_gain":0,"max_hp_loss":0,"event_name":"Duplicator","floor":21,"gold_loss":0,"cards_obtained":["Predator"]}],"is_beta":false,"boss_relics":[{"not_picked":["WristBlade","Pandora\u0027s Box"],"picked":"Snecko Eye"}],"items_purged_floors":[10],"is_endless":false,"potions_floor_spawned":[2,3,5,13,14,18,20,24,30,31],"killed_by":"Champ","ascension_level":1}