{"path_per_floor":["M","M","M","?","?","R","M","R","T","M","$","?","M","M","R","B",null,"M","?","M"],"character_chosen":"IRONCLAD","items_purchased":["Metallicize"],"gold_per_floor":[109,124,137,212,212,212,228,228,251,266,115,115,132,143,143,238,268,238,238,257],"floor_reached":21,"campfire_rested":0,"playtime":1194,"current_hp_per_floor":[80,80,80,69,69,69,59,59,66,71,71,64,41,55,55,17,92,75,59,62],"items_purged":["Strike_R"],"gold":257,"score":208,"play_id":"ddbb9a1a-8321-43c7-852a-979392ffed2d","local_time":"20180320233546","is_prod":false,"is_daily":false,"is_ascension_mode":true,"campfire_upgraded":3,"timestamp":1521603346,"path_taken":["M","M","?","?","?","R","M","R","T","?","$","?","M","?","R","BOSS","M","?","M","M"],"build_version":"2018-03-15v3","purchased_purges":1,"victory":false,"master_deck":["Strike_R","Strike_R","Strike_R","Defend_R","Defend_R","Defend_R","Defend_R+1","Bash","Reaper+1","Armaments+1","Metallicize+1","Iron Wave","Iron Wave"],"max_hp_per_floor":[80,80,80,80,80,80,80,80,87,87,87,87,87,87,87,87,92,92,92,92],"relics":["Burning Blood","Oddly Smooth Stone","Strawberry","Tiny House"],"card_choices":[{"not_picked":["Thunderclap","Evolve"],"picked":"Reaper"},{"not_picked":["Thunderclap","Heavy Blade"],"picked":"Armaments"},{"not_picked":["Sever Soul","Sentinel"],"picked":"Iron Wave"},{"not_picked":["Fire Breathing","Dropkick"],"picked":"Iron Wave"}],"player_experience":306356,"potions_floor_usage":[],"damage_taken":[{"damage":6.0,"enemies":"Cultist","floor":1.0,"turns":3.0},{"damage":0.0,"enemies":"Small Slimes","floor":2.0,"turns":3.0},{"damage":6.0,"enemies":"Jaw Worm","floor":3.0,"turns":3.0},{"damage":16.0,"enemies":"Looter","floor":7.0,"turns":3.0},{"damage":22.0,"enemies":"Lots of Slimes","floor":10.0,"turns":4.0},{"damage":39.0,"enemies":"Exordium Thugs","floor":13.0,"turns":7.0},{"damage":3.0,"enemies":"2 Fungi Beasts","floor":14.0,"turns":4.0},{"damage":44.0,"enemies":"The Guardian","floor":16.0,"turns":18.0},{"damage":35.0,"enemies":"2 Thieves","floor":18.0,"turns":5.0},{"damage":10,"enemies":"Snecko","floor":20,"turns":7},{"damage":80,"enemies":"3 Cultists","floor":21,"turns":6}],"event_choices":[{"event_name":"World of Goop","player_choice":"Gather Gold","floor":4.0,"damage_taken":0.0},{"event_name":"The Woman in Blue","player_choice":"Bought 0 Potions","floor":5.0,"damage_taken":0.0},{"event_name":"Golden Wing","player_choice":"Card Removal","floor":12.0,"damage_taken":0.0},{"event_name":"Cursed Tome","player_choice":"Obtained Book","floor":19,"damage_taken":0}],"boss_relics":[],"potions_floor_spawned":[1,3,14,16,18],"seed_played":"4522647596151791544","killed_by":"3 Cultists","ascension_level":4,"is_trial":false}