{"gold_per_floor":[118,118,193,46,46,46,89,89,89,89,103,103,103,123,123,222,222,236,236,42,40,40,40,40],"floor_reached":24,"playtime":1152,"items_purged":[],"score":323,"play_id":"4f3850eb-d695-43d1-ba16-a2490a172dd4","local_time":"20190114221150","is_ascension_mode":true,"campfire_choices":[{"floor":6.0,"key":"REST"},{"floor":8.0,"key":"REST"},{"data":"Survivor","floor":10.0,"key":"SMITH"},{"data":"Deadly Poison","floor":13.0,"key":"SMITH"},{"data":"Neutralize","floor":15.0,"key":"SMITH"},{"floor":23,"key":"REST"}],"neow_cost":"NONE","seed_source_timestamp":31960789999884,"circlet_count":0,"master_deck":["AscendersBane","Defend_G","Defend_G","Defend_G","Defend_G","Defend_G","Strike_G","Strike_G","Strike_G","Strike_G","Survivor+1","Neutralize+1","Dagger Throw","Deadly Poison+1","Dodge and Roll","Die Die Die","Dodge and Roll","Backflip+1"],"special_seed":0,"relics":["Ring of the Snake","Regal Pillow","Golden Idol","Turnip","Oddly Smooth Stone","Fusion Hammer","FossilizedHelix","MealTicket"],"potions_floor_usage":[16,16],"damage_taken":[{"damage":6.0,"enemies":"Jaw Worm","floor":1.0,"turns":6.0},{"damage":39.0,"enemies":"3 Sentries","floor":7.0,"turns":15.0},{"damage":0.0,"enemies":"2 Louse","floor":11.0,"turns":4.0},{"damage":0.0,"enemies":"Cultist","floor":14.0,"turns":4.0},{"damage":13,"enemies":"The Guardian","floor":16,"turns":13},{"damage":9,"enemies":"Chosen","floor":18,"turns":6},{"damage":0,"enemies":"2 Thieves","floor":21,"turns":5},{"damage":76,"enemies":"Gremlin Leader","floor":24,"turns":9}],"seed_played":"-1460403644569616935","potions_obtained":[{"floor":1.0,"key":"Energy Potion"},{"floor":11.0,"key":"Dexterity Potion"},{"floor":14.0,"key":"FearPotion"}],"is_trial":false,"path_per_floor":["M","?","?","$","?","R","E","R","T","R","M","?","R","M","R","B",null,"M","T","$","M","$","R","E"],"character_chosen":"THE_SILENT","items_purchased":["Regal Pillow","MealTicket"],"campfire_rested":3,"item_purchase_floors":[4,20],"current_hp_per_floor":[59,59,48,48,30,66,27,63,63,63,63,63,63,63,63,50,67,58,58,58,58,58,72,0],"gold":40,"neow_bonus":"TEN_PERCENT_HP_BONUS","is_prod":false,"is_daily":false,"chose_seed":false,"campfire_upgraded":3,"win_rate":0,"timestamp":1547496710,"path_taken":["M","?","?","?","?","R","E","R","T","R","?","?","R","M","R","BOSS","M","?","?","M","?","R","E"],"build_version":"2019-01-10","purchased_purges":0,"victory":false,"max_hp_per_floor":[72,72,72,72,72,72,72,72,72,72,72,72,72,72,72,72,72,72,72,72,72,72,72,72],"card_choices":[{"not_picked":["Reflex","Concentrate","Outmaneuver"],"picked":"SKIP","floor":1.0},{"not_picked":["Deadly Poison","Backflip"],"picked":"Dagger Throw","floor":7.0},{"not_picked":["Blade Dance","Setup"],"picked":"Deadly Poison","floor":11.0},{"not_picked":["Blade Dance","Dagger Spray"],"picked":"Dodge and Roll","floor":14.0},{"not_picked":["Envenom","Glass Knife"],"picked":"Die Die Die","floor":16},{"not_picked":["Deflect","PiercingWail+1"],"picked":"Dodge and Roll","floor":18},{"not_picked":["Outmaneuver","Sucker Punch"],"picked":"Backflip+1","floor":21}],"player_experience":285547,"relics_obtained":[{"floor":7.0,"key":"Turnip"},{"floor":9.0,"key":"Oddly Smooth Stone"},{"floor":19,"key":"FossilizedHelix"}],"event_choices":[{"damage_healed":0.0,"max_hp_gain":0.0,"max_hp_loss":0.0,"gold_gain":0.0,"event_name":"Golden Wing","player_choice":"Ignored","floor":2.0,"gold_loss":0.0,"damage_taken":0.0},{"damage_healed":0.0,"max_hp_gain":0.0,"max_hp_loss":0.0,"gold_gain":75.0,"event_name":"World of Goop","player_choice":"Gather Gold","floor":3.0,"gold_loss":0.0,"damage_taken":11.0},{"damage_healed":0.0,"max_hp_gain":0.0,"max_hp_loss":0.0,"gold_gain":0.0,"event_name":"Golden Idol","player_choice":"Take Damage","floor":5.0,"gold_loss":0.0,"damage_taken":18.0,"relics_obtained":["Golden Idol"]},{"cards_removed":["Strike_G"],"damage_healed":0.0,"max_hp_gain":0.0,"max_hp_loss":0.0,"gold_gain":0.0,"event_name":"Bonfire Elementals","player_choice":"Offered Basic","floor":12.0,"gold_loss":0.0,"damage_taken":0.0}],"is_beta":false,"boss_relics":[{"not_picked":["Ectoplasm","Cursed Key"],"picked":"Fusion Hammer"}],"items_purged_floors":[],"is_endless":false,"potions_floor_spawned":[1,11,14],"killed_by":"Gremlin Leader","ascension_level":14}