{"path_per_floor":["M","?","M","M","?","R","E","R","T","$","?","E","M","M","R","B",null,"M","M","?","M","M","E","R","E","T","M","M","?","?","M","R","B",null,"M","?","$","M","M","E","R","M","T","?","M","$","M","?","R","B"],"character_chosen":"IRONCLAD","items_purchased":["Uppercut","Strength Potion","Matryoshka","Self Forming Clay","Bottled Flame"],"gold_per_floor":[15,15,33,51,51,51,80,80,160,16,116,141,154,171,171,270,270,284,297,567,577,588,622,622,648,729,749,761,676,676,691,691,796,796,806,806,107,126,144,178,178,195,195,0,11,11,26,26,26,26],"floor_reached":51,"campfire_rested":2,"playtime":4137,"current_hp_per_floor":[92,92,94,95,95,95,81,81,81,81,81,44,48,50,50,12,96,96,96,64,70,70,46,74,23,23,25,25,25,25,15,43,33,96,96,96,96,85,91,77,77,62,76,76,57,57,55,100,100,70],"items_purged":["Defend_R","Defend_R"],"gold":26,"play_id":"8d710402-c28a-447a-8351-5143399d5b5a","is_prod":false,"is_daily":false,"campfire_rituals":0,"campfire_upgraded":5,"is_hardmode":false,"path_taken":["M","?","M","M","?","R","E","R","T","$","?","E","M","M","R","BOSS","M","M","?","?","M","E","R","E","T","M","M","?","?","M","R","BOSS","M","?","$","M","M","E","R","M","T","?","?","?","M","?","R","BOSS"],"build_version":"2018-01-18-PROD4","purchased_purges":3,"victory":true,"master_deck":["Strike_R","Strike_R","Strike_R","Strike_R","Defend_R","Bash","Shrug It Off","Evolve","Uppercut","Shrug It Off","Rampage","Pommel Strike","Shrug It Off","Spot Weakness","Warcry","Battle Trance","Fiend Fire","Dropkick","Searing Blow","Seeing Red","Inflame","Doubt","Shrug It Off","Ghostly Armor"],"max_hp_per_floor":[96,96,96,96,96,96,96,96,96,96,96,96,96,96,96,96,96,96,96,96,96,96,96,96,96,96,96,96,96,96,96,96,96,96,96,96,96,96,96,96,96,96,110,110,110,110,110,100,100,100],"relics":["Burning Blood","Letter Opener","Mummified Hand","The Courier","Velvet Choker","Bag of Marbles","Anchor","Kunai","Shuriken","Cursed Key","Matryoshka","Self Forming Clay","Bottled Flame","Blue Candle","Mercury Hourglass","Mango","Red Mask"],"campfire_meditates":0,"card_choices":[{"not_picked":["Havoc","Sword Boomerang"],"picked":"Shrug It Off"},{"not_picked":["Clash","Cleave"],"picked":"Clothesline"},{"not_picked":["Sever Soul","True Grit"],"picked":"Evolve"},{"not_picked":["Battle Trance","Thunderclap"],"picked":"Shrug It Off"},{"not_picked":["Pommel Strike","Feel No Pain"],"picked":"Rampage"},{"not_picked":["Flex","Wild Strike"],"picked":"Pommel Strike"},{"not_picked":["Heavy Blade","Bloodletting"],"picked":"Shrug It Off"},{"not_picked":["Iron Wave","Rage"],"picked":"Spot Weakness"},{"not_picked":["Disarm","Flex"],"picked":"Warcry"},{"not_picked":["True Grit","Inflame"],"picked":"Battle Trance"},{"not_picked":["Dark Embrace","Immolate"],"picked":"Fiend Fire"},{"not_picked":["Havoc","Evolve"],"picked":"Dropkick"},{"not_picked":["Battle Trance","Perfected Strike"],"picked":"Searing Blow"},{"not_picked":["Spot Weakness","Flame Barrier"],"picked":"Seeing Red"},{"not_picked":["Body Slam","Entrench"],"picked":"Inflame"},{"not_picked":["Twin Strike","Fire Breathing"],"picked":"Shrug It Off"},{"not_picked":["Bludgeon","Havoc"],"picked":"Ghostly Armor"}],"player_experience":144072,"potions_floor_usage":[7,16,19,25,25,33,40,50,50,50],"damage_taken":[{"damage":10,"enemies":"Blue Slaver","floor":1,"turns":6},{"damage":4,"enemies":"Jaw Worm","floor":3,"turns":4},{"damage":5,"enemies":"2 Louse","floor":4,"turns":3},{"damage":20,"enemies":"Gremlin Nob","floor":7,"turns":4},{"damage":43,"enemies":"3 Sentries","floor":12,"turns":8},{"damage":2,"enemies":"Red Slaver","floor":13,"turns":5},{"damage":4,"enemies":"2 Fungi Beasts","floor":14,"turns":4},{"damage":44,"enemies":"Slime Boss","floor":16,"turns":12},{"damage":4,"enemies":"Chosen","floor":18,"turns":6},{"damage":5,"enemies":"3 Byrds","floor":19,"turns":6},{"damage":0,"enemies":"Centurion and Healer","floor":21,"turns":5},{"damage":6,"enemies":"Snecko","floor":22,"turns":4},{"damage":30,"enemies":"Slavers","floor":23,"turns":7},{"damage":57,"enemies":"Gremlin Leader","floor":25,"turns":9},{"damage":4,"enemies":"Chosen and Byrds","floor":27,"turns":6},{"damage":6,"enemies":"Centurion and Healer","floor":28,"turns":6},{"damage":16,"enemies":"Snake Plant","floor":31,"turns":4},{"damage":16,"enemies":"Collector","floor":33,"turns":8},{"damage":0,"enemies":"Orb Walker","floor":35,"turns":2},{"damage":17,"enemies":"3 Darklings","floor":38,"turns":5},{"damage":0,"enemies":"Sphere and 2 Shapes","floor":39,"turns":5},{"damage":20,"enemies":"2 Orb Walkers","floor":40,"turns":4},{"damage":21,"enemies":"4 Shapes","floor":42,"turns":5},{"damage":25,"enemies":"Maw","floor":45,"turns":6},{"damage":8,"enemies":"Sphere and 2 Shapes","floor":47,"turns":4},{"damage":36,"enemies":"Donu and Deca","floor":50,"turns":7}],"event_choices":[{"event_name":"Bonfire Elementals","player_choice":"BASIC","floor":2,"damage_taken":0},{"event_name":"Purifier","player_choice":"One Purge","floor":5,"damage_taken":0},{"event_name":"Golden Shrine","player_choice":"Pray","floor":11,"damage_taken":0},{"event_name":"Knowing Skull","player_choice":"GOLD GOLD GOLD ","floor":20,"damage_taken":0},{"event_name":"Addict","player_choice":"Obtained Relic","floor":29,"damage_taken":0},{"event_name":"Duplicator","player_choice":"Ignored","floor":30,"damage_taken":0},{"event_name":"Tomb of Lord Red Mask","player_choice":"Paid","floor":44,"damage_taken":0},{"event_name":"The Moai Head","player_choice":"Heal","floor":48,"damage_taken":0}],"boss_relics":[{"not_picked":["Question Card","Runic Cube"],"picked":"Velvet Choker"},{"not_picked":["Astrolabe","Runic Dome"],"picked":"Cursed Key"}],"potions_floor_spawned":[3,12,14,16,18,23,31,33,35,39,40,45],"seed_played":"-2284720816051846198","is_trial":false}