{"gold_per_floor":[119,133,133,133,151,151,184,184,208,208,61,61,61,87,87,185,185,174,79,92,7,22,22,22,22,22,34,0,15,15,26,26,26],"floor_reached":33,"playtime":1750,"items_purged":[],"score":329,"play_id":"5217ae73-f3c8-47a5-ab8a-d3b8fce3f393","local_time":"20190224104538","is_ascension_mode":true,"campfire_choices":[{"data":"Coolheaded","floor":6,"key":"SMITH"},{"floor":8,"key":"REST"},{"data":"Genetic Algorithm","floor":10,"key":"SMITH"},{"data":"Dualcast","floor":13,"key":"SMITH"},{"data":"Doom and Gloom","floor":15,"key":"SMITH"},{"floor":23,"key":"REST"},{"floor":25,"key":"REST"},{"floor":32,"key":"REST"}],"neow_cost":"TEN_PERCENT_HP_LOSS","seed_source_timestamp":838946190287800,"circlet_count":0,"master_deck":["Strike_B","Strike_B","Strike_B","Defend_B","Defend_B","Defend_B","Defend_B","Zap+1","Dualcast+1","Coolheaded+1","Ball Lightning","Beam Cell","Genetic Algorithm+1","Doom and Gloom+1","Buffer","Genetic Algorithm+1","Capacitor","Ball Lightning","Defragment","Double Energy","White Noise","Turbo"],"relics":["Cracked Core","Ginger","PreservedInsect","Bag of Preparation","Vajra","Bag of Marbles","Snecko Eye","Pear","Mercury Hourglass"],"potions_floor_usage":[7,14,16,16,16,27,33],"damage_taken":[{"damage":1,"enemies":"2 Louse","floor":1,"turns":2},{"damage":0,"enemies":"Jaw Worm","floor":2,"turns":4},{"damage":1,"enemies":"Cultist","floor":5,"turns":3},{"damage":35,"enemies":"Gremlin Nob","floor":7,"turns":4},{"damage":2,"enemies":"Lagavulin","floor":14,"turns":3},{"damage":6,"enemies":"Hexaghost","floor":16,"turns":7},{"damage":21,"enemies":"2 Thieves","floor":18,"turns":4},{"damage":20,"enemies":"3 Byrds","floor":20,"turns":4},{"damage":22,"enemies":"Snake Plant","floor":22,"turns":4},{"damage":14,"enemies":"Centurion and Healer","floor":27,"turns":3},{"damage":7,"enemies":"Chosen and Byrds","floor":29,"turns":4},{"damage":0,"enemies":"Cultist and Chosen","floor":31,"turns":3},{"damage":71,"enemies":"Champ","floor":33,"turns":8}],"seed_played":"2167193571109090043","potions_obtained":[{"floor":5,"key":"SkillPotion"},{"floor":7,"key":"PowerPotion"},{"floor":12,"key":"EssenceOfSteel"},{"floor":12,"key":"Energy Potion"},{"floor":14,"key":"EssenceOfSteel"},{"floor":22,"key":"Poison Potion"},{"floor":31,"key":"Fire Potion"}],"is_trial":false,"path_per_floor":["M","M","?","?","M","R","E","R","T","R","$","?","R","E","R","B",null,"M","$","M","?","M","R","$","R","T","M","?","M","$","M","R","B"],"character_chosen":"DEFECT","items_purchased":["Vajra","Capacitor","Ball Lightning"],"campfire_rested":4,"item_purchase_floors":[11,19,19],"current_hp_per_floor":[67,67,67,67,66,66,31,51,51,51,51,51,51,49,49,43,62,41,41,21,31,9,32,32,55,55,41,41,34,34,34,57,0],"gold":26,"neow_bonus":"ONE_RARE_RELIC","is_prod":false,"is_daily":false,"chose_seed":false,"campfire_upgraded":4,"win_rate":0,"timestamp":1551023138,"path_taken":["M","M","?","?","?","R","E","R","T","R","$","?","R","E","R","BOSS","M","$","?","?","M","R","?","R","T","M","?","M","$","M","R","BOSS"],"build_version":"2019-01-23","purchased_purges":0,"victory":false,"max_hp_per_floor":[68,68,68,68,68,68,68,68,68,68,68,68,68,68,68,68,68,68,68,68,78,78,78,78,78,78,78,78,78,78,78,78,78],"card_choices":[{"not_picked":["Hologram","Force Field"],"picked":"Coolheaded","floor":1},{"not_picked":["Sunder","Stack"],"picked":"Ball Lightning","floor":2},{"not_picked":["Stack","Redo"],"picked":"Beam Cell","floor":5},{"not_picked":["Sunder","Conserve Battery"],"picked":"Genetic Algorithm","floor":7},{"not_picked":["Sweeping Beam","Streamline"],"picked":"Doom and Gloom","floor":14},{"not_picked":["Thunder Strike","Biased Cognition"],"picked":"Buffer","floor":16},{"not_picked":["Sunder","Recycle+1"],"picked":"Genetic Algorithm+1","floor":18},{"not_picked":["Genetic Algorithm+1","Beam Cell"],"picked":"Defragment","floor":20},{"not_picked":["Go for the Eyes+1","Undo"],"picked":"Double Energy","floor":22},{"not_picked":["Rebound","Sweeping Beam+1"],"picked":"White Noise","floor":27},{"not_picked":["Steam","Rebound","Force Field"],"picked":"SKIP","floor":29},{"not_picked":["Stack","Genetic Algorithm+1"],"picked":"Turbo","floor":31}],"player_experience":543278,"relics_obtained":[{"floor":7,"key":"PreservedInsect"},{"floor":9,"key":"Bag of Preparation"},{"floor":14,"key":"Bag of Marbles"},{"floor":26,"key":"Mercury Hourglass"}],"event_choices":[{"damage_healed":0,"gold_gain":0,"player_choice":"Grow","damage_taken":0,"max_hp_gain":0,"max_hp_loss":0,"event_name":"Living Wall","floor":3,"gold_loss":0,"cards_upgraded":["Zap"]},{"cards_removed":["Strike_B"],"damage_healed":0,"gold_gain":0,"player_choice":"Offered Basic","damage_taken":0,"max_hp_gain":0,"max_hp_loss":0,"event_name":"Bonfire Elementals","floor":4,"gold_loss":0},{"damage_healed":0,"gold_gain":0,"player_choice":"Got Potions","damage_taken":0,"max_hp_gain":0,"max_hp_loss":0,"event_name":"Lab","floor":12,"gold_loss":0},{"damage_healed":0,"gold_gain":0,"player_choice":"Obtained Relic","damage_taken":0,"relics_obtained":["Pear"],"max_hp_gain":0,"max_hp_loss":0,"event_name":"Addict","floor":21,"gold_loss":85},{"damage_healed":0,"gold_gain":0,"player_choice":"Paid Fearfully","damage_taken":0,"max_hp_gain":0,"max_hp_loss":0,"event_name":"Masked Bandits","floor":28,"gold_loss":34}],"is_beta":false,"boss_relics":[{"not_picked":["Velvet Choker","Runic Dome"],"picked":"Snecko Eye"}],"items_purged_floors":[],"is_endless":false,"potions_floor_spawned":[5,7,14,22,31],"killed_by":"Champ","ascension_level":6}