{"gold_per_floor":[113,123,123,142,152,179,179,24,24,43,43,43,69,69,69,193,193,218,239,239],"floor_reached":20,"playtime":1759,"items_purged":[],"score":184,"play_id":"1b964a0b-e466-470d-9797-6709d9e6c334","local_time":"20190125193228","is_ascension_mode":false,"campfire_choices":[{"data":"True Grit","floor":7,"key":"SMITH"},{"data":"Rage","floor":11,"key":"SMITH"},{"floor":15,"key":"REST"}],"neow_cost":"PERCENT_DAMAGE","seed_source_timestamp":460494171501868,"circlet_count":0,"master_deck":["Strike_R","Strike_R","Strike_R","Defend_R","Defend_R","Defend_R","Bash","Entrench","Sword Boomerang","Bloodletting","True Grit+1","Power Through","Rage+1","Demon Form","Rampage","Cleave","Injury","Reaper","Cleave+1","Battle Trance"],"relics":["Burning Blood","Incense Burner","Ginger","Question Card","Golden Idol","Runic Pyramid"],"potions_floor_usage":[6,6,20],"damage_taken":[{"damage":1,"enemies":"Cultist","floor":1,"turns":4},{"damage":2,"enemies":"Small Slimes","floor":2,"turns":3},{"damage":10,"enemies":"Jaw Worm","floor":4,"turns":4},{"damage":5,"enemies":"Looter","floor":5,"turns":4},{"damage":10,"enemies":"Gremlin Nob","floor":6,"turns":5},{"damage":28,"enemies":"Large Slime","floor":10,"turns":8},{"damage":22,"enemies":"3 Sentries","floor":13,"turns":9},{"damage":18,"enemies":"Hexaghost","floor":16,"turns":8},{"damage":37,"enemies":"3 Byrds","floor":18,"turns":7},{"damage":13,"enemies":"Shell Parasite","floor":19,"turns":8},{"damage":13,"enemies":"Shelled Parasite and Fungi","floor":20,"turns":5}],"seed_played":"-1503139096134831646","potions_obtained":[{"floor":1,"key":"Weak Potion"},{"floor":5,"key":"PowerPotion"},{"floor":13,"key":"Strength Potion"},{"floor":18,"key":"Swift Potion"}],"is_trial":false,"path_per_floor":["M","M","?","M","M","E","R","$","T","M","R","?","E","?","R","B",null,"M","M","M"],"character_chosen":"IRONCLAD","items_purchased":["Demon Form"],"campfire_rested":1,"item_purchase_floors":[8],"current_hp_per_floor":[61,65,65,61,62,58,58,58,58,36,36,36,20,20,44,32,80,58,51,38],"gold":239,"neow_bonus":"REMOVE_TWO","is_prod":false,"is_daily":false,"chose_seed":false,"campfire_upgraded":2,"win_rate":0,"timestamp":1548444748,"path_taken":["M","?","?","M","M","E","R","$","T","M","R","?","E","?","R","BOSS","M","M","M"],"build_version":"2019-01-23","purchased_purges":0,"victory":false,"max_hp_per_floor":[80,80,80,80,80,80,80,80,80,80,80,80,80,80,80,80,80,80,80,80],"card_choices":[{"not_picked":["True Grit","Dual Wield"],"picked":"Entrench","floor":1},{"not_picked":["Reckless Charge","Heavy Blade"],"picked":"Sword Boomerang","floor":2},{"not_picked":["Flex","Combust"],"picked":"True Grit","floor":4},{"not_picked":["Impervious","Flex"],"picked":"Power Through","floor":5},{"not_picked":["Flex","Battle Trance"],"picked":"Rage","floor":6},{"not_picked":["Pommel Strike","Sever Soul"],"picked":"Rampage","floor":10},{"not_picked":["Pommel Strike","Intimidate"],"picked":"Cleave","floor":13},{"not_picked":["Juggernaut","Feed","Immolate"],"picked":"Reaper","floor":16},{"not_picked":["Sword Boomerang","Flex","Uppercut+1"],"picked":"Cleave+1","floor":18},{"not_picked":["Clothesline","Second Wind","Combust+1"],"picked":"Battle Trance","floor":19}],"player_experience":346721,"relics_obtained":[{"floor":6,"key":"Incense Burner"},{"floor":9,"key":"Ginger"},{"floor":13,"key":"Question Card"}],"event_choices":[{"damage_healed":0,"gold_gain":0,"cards_transformed":["Strike_R"],"player_choice":"Change","damage_taken":0,"max_hp_gain":0,"max_hp_loss":0,"event_name":"Living Wall","floor":3,"gold_loss":0,"cards_obtained":["Bloodletting"]},{"damage_healed":0,"gold_gain":0,"player_choice":"Ignored","damage_taken":0,"max_hp_gain":0,"max_hp_loss":0,"event_name":"Shining Light","floor":12,"gold_loss":0},{"damage_healed":0,"gold_gain":0,"player_choice":"Take Wound","damage_taken":0,"relics_obtained":["Golden Idol"],"max_hp_gain":0,"max_hp_loss":0,"event_name":"Golden Idol","floor":14,"gold_loss":0,"cards_obtained":["Injury"]}],"is_beta":false,"boss_relics":[{"not_picked":["White Beast Statue","Runic Cube"],"picked":"Runic Pyramid"}],"items_purged_floors":[],"is_endless":false,"potions_floor_spawned":[1,5,13,18],"killed_by":"Shelled Parasite and Fungi","ascension_level":0}