{"gold_per_floor":[112,287,287,304,315,315,328,328,353,387,487,498,517,528,528,625,625,635,256,269,279,279],"floor_reached":22,"playtime":2083,"items_purged":["Doubt"],"score":266,"play_id":"791700e4-8521-4f8a-8548-1d0b39186eca","local_time":"20181110212333","is_ascension_mode":true,"campfire_choices":[{"floor":6,"key":"REST"},{"data":"A Thousand Cuts","floor":8,"key":"SMITH"},{"floor":15,"key":"REST"}],"neow_cost":"PERCENT_DAMAGE","seed_source_timestamp":609975667402662,"circlet_count":0,"master_deck":["Defend_G","Defend_G","Defend_G","Defend_G","Defend_G","Strike_G","Strike_G","Strike_G","Strike_G","Strike_G","Survivor","Neutralize","A Thousand Cuts+1","Footwork","Adrenaline","Quick Slash","Backstab","Quick Slash","Escape Plan","Deflect","Dagger Throw","Outmaneuver","Storm of Steel","Prepared","Escape Plan","Prepared","Accuracy","Escape Plan+1"],"relics":["Ring of the Serpent","Strawberry","Potion Belt","Bag of Marbles"],"potions_floor_usage":[16,16,20,21,21],"damage_taken":[{"damage":0,"enemies":"2 Louse","floor":1,"turns":3},{"damage":9,"enemies":"Jaw Worm","floor":4,"turns":6},{"damage":4,"enemies":"Cultist","floor":5,"turns":5},{"damage":4,"enemies":"Exordium Wildlife","floor":7,"turns":5},{"damage":23,"enemies":"3 Sentries","floor":10,"turns":6},{"damage":7,"enemies":"Gremlin Gang","floor":12,"turns":4},{"damage":3,"enemies":"Blue Slaver","floor":13,"turns":5},{"damage":11,"enemies":"Looter","floor":14,"turns":3},{"damage":17,"enemies":"The Guardian","floor":16,"turns":13},{"damage":17,"enemies":"Shell Parasite","floor":18,"turns":8},{"damage":7,"enemies":"Chosen","floor":20,"turns":5},{"damage":17,"enemies":"Snake Plant","floor":21,"turns":4},{"damage":24,"enemies":"Centurion and Healer","floor":22,"turns":6}],"seed_played":"2275806327934430708","potions_obtained":[{"floor":1,"key":"Energy Potion"},{"floor":5,"key":"PowerPotion"},{"floor":12,"key":"SkillPotion"},{"floor":14,"key":"SpeedPotion"},{"floor":18,"key":"Poison Potion"}],"is_trial":false,"path_per_floor":["M","?","?","M","M","R","M","R","T","E","?","M","M","M","R","B",null,"M","$","M","M","M"],"character_chosen":"THE_SILENT","items_purchased":["Escape Plan","Prepared","Accuracy","Bag of Marbles"],"campfire_rested":2,"item_purchase_floors":[19,19,19,19],"current_hp_per_floor":[45,45,45,36,32,53,49,49,56,33,33,26,23,12,35,18,62,45,45,38,21,0],"gold":279,"neow_bonus":"THREE_RARE_CARDS","is_prod":false,"is_daily":false,"chose_seed":false,"campfire_upgraded":1,"win_rate":0,"timestamp":1541903013,"path_taken":["M","?","?","?","M","R","M","R","T","E","?","M","M","M","R","BOSS","M","$","M","?","M"],"build_version":"2018-11-08","purchased_purges":1,"victory":false,"max_hp_per_floor":[70,70,70,70,70,70,70,70,77,77,77,77,77,77,77,77,77,77,77,77,77,77],"card_choices":[{"not_picked":["Venomology","After Image"],"picked":"A Thousand Cuts","floor":0},{"not_picked":["Acrobatics","Crippling Poison"],"picked":"Footwork","floor":1},{"not_picked":["Tactician","Crippling Poison"],"picked":"Quick Slash","floor":4},{"not_picked":["Blur","Prepared"],"picked":"Backstab","floor":5},{"not_picked":["Poisoned Stab","Bane"],"picked":"Quick Slash","floor":7},{"not_picked":["Underhanded Strike","Flechettes"],"picked":"Escape Plan","floor":10},{"not_picked":["Skewer","Dagger Throw"],"picked":"Deflect","floor":12},{"not_picked":["Bullet Time","Underhanded Strike"],"picked":"Dagger Throw","floor":13},{"not_picked":["Slice","Eviscerate"],"picked":"Outmaneuver","floor":14},{"not_picked":["Venomology","Adrenaline"],"picked":"Storm of Steel","floor":16},{"not_picked":["Expertise","Noxious Fumes"],"picked":"Prepared","floor":18},{"not_picked":["Outmaneuver","All Out Attack"],"picked":"Escape Plan+1","floor":20},{"not_picked":["Flying Knee","Slice","Dagger Spray"],"picked":"SKIP","floor":21}],"player_experience":786678,"relics_obtained":[{"floor":9,"key":"Strawberry"},{"floor":10,"key":"Potion Belt"}],"event_choices":[{"damage_healed":0,"gold_gain":175,"player_choice":"AGREE","damage_taken":0,"max_hp_gain":0,"max_hp_loss":0,"event_name":"Liars Game","floor":2,"gold_loss":0,"cards_obtained":["Doubt"]},{"damage_healed":0,"gold_gain":0,"player_choice":"1 cards matched","damage_taken":0,"max_hp_gain":0,"max_hp_loss":0,"event_name":"Match and Keep!","floor":3,"gold_loss":0,"cards_obtained":["Adrenaline"]},{"damage_healed":0,"gold_gain":100,"player_choice":"Pray","damage_taken":0,"max_hp_gain":0,"max_hp_loss":0,"event_name":"Golden Shrine","floor":11,"gold_loss":0}],"is_beta":false,"boss_relics":[{"not_picked":["Pandora\u0027s Box","Empty Cage"],"picked":"Ring of the Serpent"}],"items_purged_floors":[19],"is_endless":false,"potions_floor_spawned":[1,5,12,14,18],"killed_by":"Centurion and Healer","ascension_level":8}