{"gold_per_floor":[116,116,116,66,141,141,155,155,155,155,175,185,185,211,211,315,315,325,339,264,164,181,181,212,212,212,230,330,358,358,388,388,486,486,498,517,245,261,361,361,390,390,390,390,408,408,477,496,496,496],"floor_reached":51,"playtime":1429,"items_purged":["Strike_R","Defend_R","Defend_R"],"score":936,"play_id":"c0418603-9237-4df2-9775-0af35818862d","local_time":"20190224165559","is_ascension_mode":false,"campfire_choices":[{"data":"Searing Blow","floor":6,"key":"SMITH"},{"data":"Searing Blow+1","floor":8,"key":"SMITH"},{"data":"Searing Blow+2","floor":10,"key":"SMITH"},{"data":"Searing Blow+3","floor":15,"key":"SMITH"},{"data":"Strike_R","floor":23,"key":"SMITH"},{"data":"Searing Blow+4","floor":30,"key":"SMITH"},{"data":"Searing Blow+5","floor":32,"key":"SMITH"},{"data":"Searing Blow+6","floor":40,"key":"SMITH"},{"data":"Searing Blow+7","floor":42,"key":"SMITH"},{"data":"Searing Blow+8","floor":46,"key":"SMITH"},{"data":"Searing Blow+9","floor":49,"key":"SMITH"}],"neow_cost":"PERCENT_DAMAGE","seed_source_timestamp":768859208824207,"circlet_count":0,"master_deck":["Strike_R+1","Defend_R","Searing Blow+10","Thunderclap+1","Bash+1"],"relics":["Burning Blood","Ornamental Fan","Matryoshka","Red Skull","Self Forming Clay","Bronze Scales","Philosopher\u0027s Stone","Red Mask","Art of War","Gremlin Horn","Champion Belt","Pear","Lantern","Singing Bowl","Velvet Choker","Orichalcum","Ginger","Torii","Dodecahedron","Paper Frog"],"potions_floor_usage":[14,14,41,50,50,50],"damage_taken":[{"damage":2,"enemies":"2 Louse","floor":1,"turns":3},{"damage":0,"enemies":"Small Slimes","floor":7,"turns":3},{"damage":6,"enemies":"Jaw Worm","floor":11,"turns":2},{"damage":2,"enemies":"Blue Slaver","floor":12,"turns":3},{"damage":23,"enemies":"Lagavulin","floor":14,"turns":6},{"damage":26,"enemies":"Hexaghost","floor":16,"turns":6},{"damage":12,"enemies":"2 Thieves","floor":18,"turns":3},{"damage":11,"enemies":"3 Byrds","floor":19,"turns":3},{"damage":2,"enemies":"Snecko","floor":22,"turns":3},{"damage":0,"enemies":"Masked Bandits","floor":24,"turns":2},{"damage":0,"enemies":"Centurion and Healer","floor":27,"turns":2},{"damage":5,"enemies":"Colosseum Slavers","floor":28,"turns":2},{"damage":11,"enemies":"Colosseum Nobs","floor":28,"turns":3},{"damage":13,"enemies":"Slavers","floor":29,"turns":3},{"damage":15,"enemies":"Book of Stabbing","floor":31,"turns":3},{"damage":25,"enemies":"Champ","floor":33,"turns":5},{"damage":0,"enemies":"3 Darklings","floor":35,"turns":2},{"damage":3,"enemies":"3 Shapes","floor":36,"turns":1},{"damage":0,"enemies":"Sphere and 2 Shapes","floor":38,"turns":2},{"damage":0,"enemies":"Mind Bloom Boss Battle","floor":39,"turns":2},{"damage":15,"enemies":"Nemesis","floor":41,"turns":3},{"damage":0,"enemies":"Transient","floor":45,"turns":5},{"damage":3,"enemies":"4 Shapes","floor":48,"turns":2},{"damage":12,"enemies":"Donu and Deca","floor":50,"turns":4}],"seed_played":"-8649029291342650839","potions_obtained":[{"floor":1,"key":"Regen Potion"},{"floor":11,"key":"Poison Potion"},{"floor":18,"key":"FearPotion"},{"floor":19,"key":"BloodPotion"},{"floor":22,"key":"Block Potion"},{"floor":41,"key":"SteroidPotion"},{"floor":48,"key":"Block Potion"}],"is_trial":false,"path_per_floor":["M","?","?","?","T","R","M","R","T","R","M","M","?","E","R","B",null,"M","M","$","$","M","R","?","?","T","M","?","E","R","E","R","B",null,"M","M","$","M","?","R","E","R","T","T","M","R","T","M","R","B",null],"character_chosen":"IRONCLAD","items_purchased":["Orichalcum"],"campfire_rested":0,"item_purchase_floors":[37],"current_hp_per_floor":[60,60,35,35,35,35,41,41,41,41,41,45,45,43,43,23,80,74,69,69,69,73,73,79,79,79,80,85,78,78,71,71,54,94,96,98,98,100,102,102,95,95,95,95,103,103,103,108,108,108],"gold":496,"neow_bonus":"REMOVE_TWO","is_prod":false,"is_daily":false,"chose_seed":false,"campfire_upgraded":11,"win_rate":0,"timestamp":1550994959,"path_taken":["M","?","?","?","?","R","M","R","T","R","?","M","?","E","R","BOSS","M","?","?","$","M","R","?","?","T","?","?","E","R","E","R","BOSS","M","M","$","M","?","R","E","R","T","?","M","R","?","M","R","BOSS"],"build_version":"2019-01-23","purchased_purges":3,"victory":true,"max_hp_per_floor":[80,80,80,80,80,80,80,80,80,80,80,80,80,80,80,80,80,80,80,80,80,80,80,80,80,80,80,90,90,90,92,92,94,94,96,98,98,100,102,102,104,104,104,104,106,106,106,108,108,108],"card_choices":[{"not_picked":["Pummel","Havoc"],"picked":"Searing Blow","floor":1},{"not_picked":["Seeing Red","Anger","Heavy Blade"],"picked":"SKIP","floor":7},{"not_picked":["Iron Wave","Shockwave","Anger"],"picked":"SKIP","floor":11},{"not_picked":["Perfected Strike","Dropkick","Searing Blow"],"picked":"SKIP","floor":12},{"not_picked":["Bludgeon","Body Slam","Iron Wave"],"picked":"SKIP","floor":14},{"not_picked":["Rupture","Pummel"],"picked":"Thunderclap+1","floor":18},{"not_picked":["True Grit","Pommel Strike","Perfected Strike"],"picked":"SKIP","floor":19},{"not_picked":["Battle Trance+1","Iron Wave+1","Sword Boomerang"],"picked":"SKIP","floor":22},{"not_picked":["Havoc+1","Headbutt","Cleave+1"],"picked":"SKIP","floor":27},{"not_picked":["Wild Strike","Immolate","Armaments"],"picked":"SKIP","floor":29},{"not_picked":["Carnage+1","Anger","Demon Form"],"picked":"Singing Bowl","floor":31},{"not_picked":["Bludgeon","Exhume","Juggernaut"],"picked":"Singing Bowl","floor":33},{"not_picked":["Flex+1","Pummel+1","Twin Strike"],"picked":"Singing Bowl","floor":35},{"not_picked":["Anger+1","Battle Trance+1","Havoc+1"],"picked":"Singing Bowl","floor":36},{"not_picked":["Rage","Shrug It Off+1","Thunderclap"],"picked":"Singing Bowl","floor":38},{"not_picked":["Warcry","Power Through+1","Reaper"],"picked":"Singing Bowl","floor":39},{"not_picked":["Reckless Charge","Iron Wave+1","Cleave"],"picked":"Singing Bowl","floor":41},{"not_picked":["Corruption+1","Cleave+1","Anger"],"picked":"Singing Bowl","floor":45},{"not_picked":["Cleave","Pummel+1","Headbutt"],"picked":"Singing Bowl","floor":48}],"player_experience":912816,"relics_obtained":[{"floor":5,"key":"Matryoshka"},{"floor":9,"key":"Red Skull"},{"floor":9,"key":"Self Forming Clay"},{"floor":14,"key":"Bronze Scales"},{"floor":24,"key":"Red Mask"},{"floor":26,"key":"Art of War"},{"floor":26,"key":"Gremlin Horn"},{"floor":28,"key":"Champion Belt"},{"floor":28,"key":"Pear"},{"floor":29,"key":"Lantern"},{"floor":31,"key":"Singing Bowl"},{"floor":39,"key":"Ginger"},{"floor":41,"key":"Torii"},{"floor":43,"key":"Dodecahedron"},{"floor":44,"key":"Paper Frog"}],"event_choices":[{"damage_healed":0,"gold_gain":0,"player_choice":"Ignored","damage_taken":0,"max_hp_gain":0,"max_hp_loss":0,"event_name":"Liars Game","floor":2,"gold_loss":0},{"damage_healed":0,"gold_gain":0,"player_choice":"Success","damage_taken":25,"relics_obtained":["Ornamental Fan"],"max_hp_gain":0,"max_hp_loss":0,"event_name":"Scrap Ooze","floor":3,"gold_loss":0},{"cards_removed":["Strike_R"],"damage_healed":0,"gold_gain":0,"player_choice":"Card Removal","damage_taken":0,"max_hp_gain":0,"max_hp_loss":0,"event_name":"The Cleric","floor":4,"gold_loss":50},{"cards_removed":["Strike_R"],"damage_healed":0,"gold_gain":0,"player_choice":"Purged","damage_taken":0,"max_hp_gain":0,"max_hp_loss":0,"event_name":"Purifier","floor":13,"gold_loss":0},{"damage_healed":0,"gold_gain":0,"player_choice":"Fought Bandits","damage_taken":0,"max_hp_gain":0,"max_hp_loss":0,"event_name":"Masked Bandits","floor":24,"gold_loss":0},{"cards_removed":["Bash"],"damage_healed":0,"gold_gain":0,"player_choice":"Took Card","damage_taken":0,"max_hp_gain":0,"max_hp_loss":0,"event_name":"NoteForYourself","floor":25,"gold_loss":0,"cards_obtained":["Bash"]},{"damage_healed":0,"gold_gain":0,"player_choice":"Fight","damage_taken":0,"max_hp_gain":0,"max_hp_loss":0,"event_name":"Colosseum","floor":28,"gold_loss":0},{"damage_healed":0,"gold_gain":0,"player_choice":"Fought Nobs","damage_taken":0,"max_hp_gain":0,"max_hp_loss":0,"event_name":"Colosseum","floor":28,"gold_loss":0},{"damage_healed":0,"gold_gain":0,"player_choice":"Fight","damage_taken":0,"max_hp_gain":0,"max_hp_loss":0,"event_name":"MindBloom","floor":39,"gold_loss":0}],"is_beta":false,"boss_relics":[{"not_picked":["Calling Bell","Mark of Pain"],"picked":"Philosopher\u0027s Stone"},{"not_picked":["Orrery","Lizard Tail"],"picked":"Velvet Choker"}],"items_purged_floors":[20,21,37],"is_endless":false,"potions_floor_spawned":[1,11,18,19,22,27,28,39,41,45,48],"ascension_level":0}