{"path_per_floor":["M","?","?","M","M","R","M","M","T","M","E","?","?","$","R","B",null,"M","?","?","$","M","E","M","R","T","M","M","M"],"character_chosen":"THE_SILENT","items_purchased":["Mercury Hourglass","Oddly Smooth Stone","Envenom"],"gold_per_floor":[111,286,361,379,395,395,405,420,420,431,465,465,465,62,62,159,159,176,176,176,33,48,79,89,89,89,105,115,134],"floor_reached":30,"campfire_rested":2,"playtime":1850,"current_hp_per_floor":[70,70,59,59,58,58,49,47,47,58,30,30,16,16,37,9,70,52,52,70,70,57,10,2,23,23,16,4,4],"items_purged":[],"gold":134,"score":280,"play_id":"2f606573-e8cb-48f8-9290-a11c7be85cdf","local_time":"20180308195254","is_prod":false,"is_daily":false,"is_ascension_mode":false,"campfire_upgraded":1,"timestamp":1520556774,"path_taken":["M","?","?","?","M","R","M","M","T","M","E","?","?","$","R","BOSS","M","?","?","?","M","E","M","R","T","M","M","M","M"],"build_version":"2018-03-01-PROD1","purchased_purges":0,"victory":false,"master_deck":["Defend_G","Defend_G","Defend_G","Defend_G","Strike_G","Strike_G","Strike_G+1","Survivor","Neutralize","Deadly Poison+1","Doubt","Dash+1","Caltrops","A Thousand Cuts+1","Infinite Blades","Adrenaline","Crippling Poison+1","Infinite Blades+1","Deadly Poison","Envenom","Cloak And Dagger+1","Bullet Time","Prepared+1","Deadly Poison+1","Deadly Poison+1","Dash"],"max_hp_per_floor":[70,70,70,70,70,70,70,70,70,70,70,70,70,70,70,70,70,70,70,70,70,70,70,70,70,70,70,70,70],"relics":["Ring of the Snake","Prayer Wheel","Du-Vu Doll","Bag of Marbles","Mercury Hourglass","Oddly Smooth Stone","Nloth\u0027s Gift","Girya","Centennial Puzzle"],"card_choices":[{"not_picked":["Cloak And Dagger","Dagger Throw"],"picked":"Deadly Poison"},{"not_picked":["Underhanded Strike","Sucker Punch"],"picked":"Dash"},{"not_picked":["Sucker Punch","Malaise"],"picked":"Caltrops"},{"not_picked":["Outmaneuver","Dodge and Roll"],"picked":"A Thousand Cuts"},{"not_picked":["Calculated Gamble","Backflip"],"picked":"Infinite Blades"},{"not_picked":["Storm of Steel","Unload"],"picked":"Adrenaline"},{"not_picked":["Flying Knee","Dagger Spray"],"picked":"Deadly Poison"},{"not_picked":["Prepared","Slice"],"picked":"Cloak And Dagger"},{"not_picked":["Dodge and Roll","Doppelganger"],"picked":"Bullet Time"},{"not_picked":["Backflip","Dagger Throw"],"picked":"Prepared"},{"not_picked":["Acrobatics","Sucker Punch"],"picked":"Deadly Poison"},{"not_picked":["Choke","Reflex"],"picked":"Deadly Poison"},{"not_picked":["Prepared","Poisoned Stab"],"picked":"Dash"}],"player_experience":115169,"potions_floor_usage":[10,10,23,27,28],"damage_taken":[{"damage":0,"enemies":"Jaw Worm","floor":1,"turns":5},{"damage":0,"enemies":"2 Louse","floor":4,"turns":4},{"damage":1,"enemies":"Cultist","floor":5,"turns":4},{"damage":9,"enemies":"Lots of Slimes","floor":7,"turns":7},{"damage":2,"enemies":"Blue Slaver","floor":8,"turns":5},{"damage":4,"enemies":"Large Slime","floor":10,"turns":6},{"damage":28,"enemies":"3 Sentries","floor":11,"turns":8},{"damage":28,"enemies":"Hexaghost","floor":16,"turns":8},{"damage":18,"enemies":"3 Byrds","floor":18,"turns":4},{"damage":13,"enemies":"2 Thieves","floor":22,"turns":4},{"damage":47,"enemies":"Slavers","floor":23,"turns":4},{"damage":8,"enemies":"Snecko","floor":24,"turns":5},{"damage":7,"enemies":"Snake Plant","floor":27,"turns":4},{"damage":12,"enemies":"3 Cultists","floor":28,"turns":4},{"damage":0,"enemies":"Snecko","floor":29,"turns":4},{"damage":7,"enemies":"Cultist and Chosen","floor":30,"turns":2}],"event_choices":[{"event_name":"Liars Game","player_choice":"agreed","floor":2,"damage_taken":0},{"event_name":"World of Goop","player_choice":"Gather Gold","floor":3,"damage_taken":0},{"event_name":"Living Wall","player_choice":"Grow","floor":12,"damage_taken":0},{"event_name":"Shining Light","player_choice":"Entered Light","floor":13,"damage_taken":0},{"event_name":"N\u0027loth","player_choice":"Traded a Astrolabe","floor":19,"damage_taken":0},{"event_name":"Bonfire Elementals","player_choice":"UNCOMMON","floor":20,"damage_taken":0}],"boss_relics":[{"not_picked":["Runic Pyramid","Ectoplasm"],"picked":"Astrolabe"}],"potions_floor_spawned":[7,8,16,24,27,29],"seed_played":"7932317648961361131","killed_by":"Cultist and Chosen","ascension_level":0,"is_trial":false}