{"gold_per_floor":[114,189,155,155,75,101,113,143,143,175,33,58,58,71,71,170,170,186,216,228,53,66,95,95,95],"floor_reached":25,"playtime":2288,"items_purged":["Shame"],"score":343,"play_id":"80103df1-346f-43f7-9d43-e276a813748a","local_time":"20190224094704","is_ascension_mode":true,"campfire_choices":[{"floor":13,"key":"REST"},{"data":"Consume","floor":15,"key":"SMITH"}],"neow_cost":"NONE","seed_source_timestamp":834894894490200,"circlet_count":0,"master_deck":["Strike_B","Strike_B","Strike_B","Strike_B","Defend_B","Defend_B","Defend_B","Defend_B","Zap","Dualcast","Consume+1","Loop","Static Discharge","Chill","Glacier","Darkness","Conserve Battery","Loop","Tempest","Conserve Battery","Reboot","Undo","Buffer","Meteor Strike","Defragment","Conserve Battery","Fusion+1","Thunder Strike","Decay"],"relics":["Cracked Core","NeowsBlessing","Pantograph","Turnip","Lantern","MawBank","Cables","Snecko Eye","Tiny Chest","Bag of Preparation"],"potions_floor_usage":[12,12,22,25],"damage_taken":[{"damage":0,"enemies":"Jaw Worm","floor":1,"turns":1},{"damage":0,"enemies":"Gremlin Nob","floor":6,"turns":1},{"damage":0,"enemies":"Cultist","floor":7,"turns":1},{"damage":9,"enemies":"3 Sentries","floor":8,"turns":8},{"damage":5,"enemies":"2 Louse","floor":10,"turns":2},{"damage":7,"enemies":"Lagavulin","floor":12,"turns":5},{"damage":0,"enemies":"Blue Slaver","floor":14,"turns":4},{"damage":6,"enemies":"The Guardian","floor":16,"turns":13},{"damage":0,"enemies":"3 Byrds","floor":18,"turns":4},{"damage":0,"enemies":"Spheric Guardian","floor":20,"turns":6},{"damage":12,"enemies":"3 Cultists","floor":22,"turns":3},{"damage":36,"enemies":"Gremlin Leader","floor":23,"turns":9},{"damage":31,"enemies":"Masked Bandits","floor":25,"turns":5}],"seed_played":"7074735347854302163","potions_obtained":[{"floor":1,"key":"FocusPotion"},{"floor":8,"key":"EssenceOfSteel"},{"floor":12,"key":"Explosive Potion"},{"floor":18,"key":"FearPotion"},{"floor":23,"key":"Weak Potion"}],"is_trial":false,"path_per_floor":["M","?","$","?","$","E","M","E","T","M","$","E","R","M","R","B",null,"M","?","M","$","M","E","?","?"],"character_chosen":"DEFECT","items_purchased":["Loop","Static Discharge","Loop","Tempest","Conserve Battery","Defragment","Conserve Battery"],"campfire_rested":1,"item_purchase_floors":[3,5,11,11,11,21,21],"current_hp_per_floor":[68,61,61,58,58,58,58,49,49,44,44,37,59,59,59,69,74,74,74,74,74,62,26,26,0],"gold":95,"neow_bonus":"THREE_ENEMY_KILL","is_prod":false,"is_daily":false,"chose_seed":false,"campfire_upgraded":1,"win_rate":0,"timestamp":1551019624,"path_taken":["M","?","?","?","?","E","M","E","T","M","$","E","R","?","R","BOSS","M","?","M","$","M","E","?","?"],"build_version":"2019-01-23","purchased_purges":1,"victory":false,"max_hp_per_floor":[75,75,75,75,75,75,75,75,75,75,75,75,75,75,75,75,75,75,75,75,75,75,75,75,75],"card_choices":[{"not_picked":["Streamline","Melter"],"picked":"Consume","floor":1},{"not_picked":["Stack","White Noise"],"picked":"Chill","floor":6},{"not_picked":["Cold Snap","Turbo"],"picked":"Glacier","floor":7},{"not_picked":["Gash","Meteor Strike"],"picked":"Darkness","floor":8},{"not_picked":["Coolheaded","Static Discharge"],"picked":"Conserve Battery","floor":10},{"not_picked":["Gash","Cold Snap"],"picked":"Reboot","floor":12},{"not_picked":["Redo","Leap"],"picked":"Undo","floor":14},{"not_picked":["Multi-Cast","Seek"],"picked":"Buffer","floor":16},{"not_picked":["Redo","Gash","Compile Driver"],"picked":"SKIP","floor":18},{"not_picked":["Gash+1","Ball Lightning"],"picked":"Meteor Strike","floor":20},{"not_picked":["Compile Driver","Redo"],"picked":"Fusion+1","floor":22},{"not_picked":["Static Discharge","Lockon"],"picked":"Thunder Strike","floor":23}],"player_experience":540990,"relics_obtained":[{"floor":6,"key":"Turnip"},{"floor":8,"key":"Lantern"},{"floor":9,"key":"MawBank"},{"floor":12,"key":"Cables"},{"floor":23,"key":"Bag of Preparation"}],"event_choices":[{"damage_healed":0,"gold_gain":75,"player_choice":"Touch","damage_taken":7,"max_hp_gain":0,"max_hp_loss":0,"event_name":"FaceTrader","floor":2,"gold_loss":0},{"damage_healed":0,"gold_gain":0,"player_choice":"Success","damage_taken":3,"relics_obtained":["Pantograph"],"max_hp_gain":0,"max_hp_loss":0,"event_name":"Scrap Ooze","floor":4,"gold_loss":0},{"damage_healed":0,"gold_gain":0,"player_choice":"Stole Relic","damage_taken":0,"relics_obtained":["Tiny Chest"],"max_hp_gain":0,"max_hp_loss":0,"event_name":"Addict","floor":19,"gold_loss":0,"cards_obtained":["Shame"]},{"damage_healed":0,"gold_gain":0,"player_choice":"Smashed Altar","damage_taken":0,"max_hp_gain":0,"max_hp_loss":0,"event_name":"Forgotten Altar","floor":24,"gold_loss":0,"cards_obtained":["Decay"]},{"damage_healed":0,"gold_gain":0,"player_choice":"Fought Bandits","damage_taken":0,"max_hp_gain":0,"max_hp_loss":0,"event_name":"Masked Bandits","floor":25,"gold_loss":0}],"is_beta":false,"boss_relics":[{"not_picked":["Empty Cage","Orrery"],"picked":"Snecko Eye"}],"items_purged_floors":[21],"is_endless":false,"potions_floor_spawned":[1,8,12,18,23],"killed_by":"Masked Bandits","ascension_level":6}