{"gold_per_floor":[109,184,204,223,241,241,266,91,91,104,104,118,118,129,129,225,225,237,252,252],"floor_reached":20,"playtime":785,"items_purged":["Strike_G","Strike_G"],"score":292,"play_id":"a47ca802-cbbd-4e59-a2d8-da0b90851e2d","local_time":"20190303095322","is_ascension_mode":true,"campfire_choices":[{"floor":6,"key":"REST"},{"data":"Bouncing Flask","floor":13,"key":"SMITH"},{"floor":15,"key":"REST"}],"neow_cost":"","seed_source_timestamp":734301643703900,"circlet_count":0,"master_deck":["Defend_G","Defend_G","Defend_G","Defend_G","Defend_G","Strike_G","Strike_G","Survivor","Neutralize","Noxious Fumes","Noxious Fumes","Bouncing Flask+1","Heel Hook","After Image","Deadly Poison"],"relics":["Ring of the Snake","Girya","Darkstone Periapt","Orrery"],"potions_floor_usage":[7,16,16,18],"damage_taken":[{"damage":8,"enemies":"Small Slimes","floor":1,"turns":4},{"damage":0,"enemies":"2 Louse","floor":3,"turns":3},{"damage":0,"enemies":"Cultist","floor":4,"turns":5},{"damage":3,"enemies":"Red Slaver","floor":5,"turns":6},{"damage":23,"enemies":"Gremlin Nob","floor":7,"turns":6},{"damage":0,"enemies":"Blue Slaver","floor":10,"turns":5},{"damage":2,"enemies":"Exordium Wildlife","floor":12,"turns":3},{"damage":3,"enemies":"2 Fungi Beasts","floor":14,"turns":4},{"damage":9,"enemies":"Hexaghost","floor":16,"turns":9},{"damage":17,"enemies":"2 Thieves","floor":18,"turns":4},{"damage":30,"enemies":"3 Byrds","floor":19,"turns":5},{"damage":27,"enemies":"Colosseum Slavers","floor":20,"turns":5}],"seed_played":"1763106590158819943","potions_obtained":[{"floor":1,"key":"Weak Potion"},{"floor":3,"key":"SpeedPotion"},{"floor":4,"key":"Dexterity Potion"},{"floor":16,"key":"EssenceOfSteel"}],"is_trial":false,"path_per_floor":["M","?","M","M","M","R","E","$","T","M","?","M","R","M","R","B",null,"M","M","?"],"character_chosen":"THE_SILENT","items_purchased":["Noxious Fumes","Noxious Fumes"],"campfire_rested":2,"item_purchase_floors":[0,8],"current_hp_per_floor":[50,39,39,39,36,57,34,34,34,34,34,32,32,29,50,41,70,53,23,0],"gold":252,"neow_bonus":"","is_prod":false,"is_daily":false,"chose_seed":false,"campfire_upgraded":1,"win_rate":0,"timestamp":1551603202,"path_taken":["M","?","M","M","M","R","E","$","T","M","?","?","R","M","R","BOSS","M","M","?"],"build_version":"2019-01-23","purchased_purges":2,"victory":false,"max_hp_per_floor":[70,70,70,70,70,70,70,70,70,70,70,70,70,70,70,70,70,70,70,70],"card_choices":[{"not_picked":["Infinite Blades","Backflip","Poisoned Stab"],"picked":"SKIP","floor":1},{"not_picked":["Sucker Punch","Terror","Endless Agony"],"picked":"SKIP","floor":3},{"not_picked":["Poisoned Stab","Blade Dance","Dagger Spray"],"picked":"SKIP","floor":4},{"not_picked":["Underhanded Strike","Deflect","Acrobatics"],"picked":"SKIP","floor":5},{"not_picked":["A Thousand Cuts","Deflect","Blade Dance"],"picked":"SKIP","floor":7},{"not_picked":["Prepared","Skewer"],"picked":"Bouncing Flask","floor":10},{"not_picked":["Deflect","Dagger Spray","Terror"],"picked":"SKIP","floor":12},{"not_picked":["Grand Finale","Distraction","Choke"],"picked":"SKIP","floor":14},{"not_picked":["Night Terror","Envenom"],"picked":"After Image","floor":16},{"not_picked":["Dodge and Roll","Quick Slash"],"picked":"Deadly Poison","floor":17},{"not_picked":["Slice","Unload","Outmaneuver"],"picked":"SKIP","floor":18},{"not_picked":["Prepared","Dagger Spray","Dodge and Roll"],"picked":"SKIP","floor":19}],"player_experience":150018,"relics_obtained":[{"floor":7,"key":"Girya"},{"floor":9,"key":"Darkstone Periapt"}],"event_choices":[{"damage_healed":0,"gold_gain":75,"player_choice":"Gather Gold","damage_taken":11,"max_hp_gain":0,"max_hp_loss":0,"event_name":"World of Goop","floor":2,"gold_loss":0},{"damage_healed":0,"gold_gain":0,"cards_transformed":["Strike_G"],"player_choice":"Transformed","damage_taken":0,"max_hp_gain":0,"max_hp_loss":0,"event_name":"Transmorgrifier","floor":11,"gold_loss":0,"cards_obtained":["Heel Hook"]},{"damage_healed":0,"gold_gain":0,"player_choice":"Fight","damage_taken":0,"max_hp_gain":0,"max_hp_loss":0,"event_name":"Colosseum","floor":20,"gold_loss":0}],"is_beta":false,"boss_relics":[{"not_picked":["Fusion Hammer","Lizard Tail"],"picked":"Orrery"}],"items_purged_floors":[0,8],"is_endless":false,"potions_floor_spawned":[1,3,4,16],"killed_by":"Colosseum Slavers","ascension_level":1}