{"gold_per_floor":[109,123,123,139,158,158,175,193,193,8,24,24,42,42,42,145,145,157,157,157,7,7,7,19,19,19,19,19,19,19,35,35,130,130,148,158,172,172,185,185,200,215,239,0,20,120,120,48,48,48],"floor_reached":51,"playtime":1947,"items_purged":[],"score":641,"play_id":"644c8dce-2249-41bc-a7c0-6d2db45a13f4","local_time":"20190220013424","is_ascension_mode":false,"campfire_choices":[{"data":"Perfected Strike","floor":6,"key":"SMITH"},{"data":"Bash","floor":15,"key":"SMITH"},{"floor":23,"key":"REST"},{"data":"RitualDagger","floor":25,"key":"SMITH"},{"data":"Violence","floor":28,"key":"SMITH"},{"data":"Pommel Strike","floor":30,"key":"SMITH"},{"floor":32,"key":"REST"},{"floor":40,"key":"REST"},{"floor":47,"key":"REST"},{"data":"Double Tap","floor":49,"key":"SMITH"}],"neow_cost":"NONE","seed_source_timestamp":449576460958760,"circlet_count":0,"master_deck":["Strike_R+1","Strike_R+1","Strike_R+1","Strike_R+1","Strike_R+1","Defend_R+1","Defend_R+1","Defend_R+1","Defend_R+1","Bash+1","Panacea","Burning Pact","Shrug It Off","Perfected Strike+1","Twin Strike+1","Rage","Violence+1","Double Tap+1","Pommel Strike+1","RitualDagger+1","Offering","Necronomicurse","Pommel Strike","Perfected Strike+1","Blind","Shrug It Off","Finesse","Shrug It Off+1","Perfected Strike+1","Offering"],"relics":["Burning Blood","Matryoshka","Necronomicon","Regal Pillow","Bottled Lightning","Mark of Pain","Lantern","Dream Catcher","Mango"],"potions_floor_usage":[16,16,33,39,42,50,50,50],"damage_taken":[{"damage":0,"enemies":"Small Slimes","floor":1,"turns":3},{"damage":6,"enemies":"Cultist","floor":2,"turns":3},{"damage":7,"enemies":"2 Louse","floor":4,"turns":3},{"damage":14,"enemies":"Blue Slaver","floor":5,"turns":3},{"damage":0,"enemies":"Large Slime","floor":7,"turns":5},{"damage":10,"enemies":"Looter","floor":8,"turns":2},{"damage":2,"enemies":"Blue Slaver","floor":11,"turns":3},{"damage":0,"enemies":"3 Louse","floor":13,"turns":2},{"damage":50,"enemies":"The Guardian","floor":16,"turns":9},{"damage":36,"enemies":"Shell Parasite","floor":18,"turns":6},{"damage":2,"enemies":"Chosen","floor":24,"turns":2},{"damage":17,"enemies":"Centurion and Healer","floor":31,"turns":3},{"damage":66,"enemies":"Champ","floor":33,"turns":8},{"damage":35,"enemies":"3 Darklings","floor":35,"turns":4},{"damage":5,"enemies":"3 Shapes","floor":36,"turns":4},{"damage":24,"enemies":"Spire Growth","floor":37,"turns":4},{"damage":14,"enemies":"Transient","floor":39,"turns":5},{"damage":43,"enemies":"Sphere and 2 Shapes","floor":41,"turns":5},{"damage":22,"enemies":"Maw","floor":42,"turns":5},{"damage":0,"enemies":"Jaw Worm Horde","floor":45,"turns":3},{"damage":6,"enemies":"Mind Bloom Boss Battle","floor":46,"turns":3},{"damage":84,"enemies":"Awakened One","floor":50,"turns":9}],"seed_played":"2563081613531478810","potions_obtained":[{"floor":2,"key":"SkillPotion"},{"floor":4,"key":"SpeedPotion"},{"floor":5,"key":"Energy Potion"},{"floor":13,"key":"Regen Potion"},{"floor":18,"key":"GamblersBrew"},{"floor":31,"key":"Weak Potion"},{"floor":35,"key":"Dexterity Potion"}],"is_trial":false,"path_per_floor":["M","M","?","M","M","R","M","M","T","$","M","?","M","$","R","B",null,"M","?","?","$","?","R","M","R","T","?","R","$","R","M","R","B",null,"M","M","M","?","M","R","M","M","T","$","M","?","R","$","R","B",null],"character_chosen":"IRONCLAD","items_purchased":["Violence","Offering","Shrug It Off","Strength Potion","Strength Potion","Finesse","Offering"],"campfire_rested":4,"item_purchase_floors":[10,21,44,44,44,44,48],"current_hp_per_floor":[80,80,80,79,71,71,77,73,73,73,77,77,80,80,80,36,80,50,44,44,44,28,52,56,56,56,56,56,56,56,45,80,20,80,51,52,34,34,26,65,28,26,26,26,32,46,89,89,89,11],"gold":48,"neow_bonus":"RANDOM_COLORLESS","is_prod":false,"is_daily":false,"chose_seed":false,"campfire_upgraded":6,"win_rate":0,"timestamp":1550644464,"path_taken":["M","M","?","M","M","R","M","M","T","?","M","?","M","$","R","BOSS","M","?","?","$","?","R","M","R","T","?","R","?","R","M","R","BOSS","M","M","M","?","M","R","M","M","T","$","M","?","R","?","R","BOSS"],"build_version":"2019-01-23","purchased_purges":0,"victory":true,"max_hp_per_floor":[80,80,80,80,80,80,80,80,80,80,80,80,80,80,80,80,80,80,80,80,80,80,80,80,80,80,80,80,80,80,80,80,80,80,80,80,80,80,80,80,80,80,80,80,80,94,94,94,94,94],"card_choices":[{"not_picked":["Thunderclap","Battle Trance"],"picked":"Burning Pact","floor":1},{"not_picked":["Cleave","Wild Strike"],"picked":"Shrug It Off","floor":2},{"not_picked":["Pummel","Thunderclap"],"picked":"Perfected Strike","floor":4},{"not_picked":["Fiend Fire","Inflame","Iron Wave"],"picked":"SKIP","floor":5},{"not_picked":["Spot Weakness","Evolve"],"picked":"Twin Strike","floor":7},{"not_picked":["Flex","Rage","Rupture"],"picked":"SKIP","floor":8},{"not_picked":["Flex","Rupture"],"picked":"Rage","floor":8},{"not_picked":["Intimidate","Cleave","Clash"],"picked":"SKIP","floor":11},{"not_picked":["Rampage","Searing Blow","Intimidate"],"picked":"SKIP","floor":13},{"not_picked":["Barricade","Bludgeon"],"picked":"Double Tap","floor":16},{"not_picked":["Thunderclap+1","Shrug It Off"],"picked":"Pommel Strike","floor":18},{"not_picked":["Shockwave","Clothesline+1","Thunderclap"],"picked":"SKIP","floor":24},{"not_picked":["Carnage","Flex","Heavy Blade"],"picked":"SKIP","floor":31},{"not_picked":["Flex","Twin Strike+1"],"picked":"Pommel Strike","floor":35},{"not_picked":["Clash+1","True Grit","Searing Blow"],"picked":"SKIP","floor":36},{"not_picked":["Clothesline","Burning Pact+1"],"picked":"Perfected Strike+1","floor":37},{"not_picked":["PanicButton","Forethought"],"picked":"Blind","floor":38},{"not_picked":["Sever Soul","Warcry+1","Flex"],"picked":"SKIP","floor":39},{"not_picked":["Thunderclap","Intimidate","Clash"],"picked":"SKIP","floor":41},{"not_picked":["Whirlwind","True Grit+1","Cleave+1"],"picked":"SKIP","floor":42},{"not_picked":["Second Wind","Bludgeon"],"picked":"Shrug It Off+1","floor":45},{"not_picked":["Clothesline","Headbutt"],"picked":"Perfected Strike+1","floor":46}],"player_experience":1066303,"relics_obtained":[{"floor":9,"key":"Matryoshka"},{"floor":22,"key":"Necronomicon"},{"floor":26,"key":"Regal Pillow"},{"floor":26,"key":"Bottled Lightning"},{"floor":43,"key":"Lantern"},{"floor":43,"key":"Dream Catcher"},{"floor":46,"key":"Mango"}],"event_choices":[{"damage_healed":0,"gold_gain":0,"player_choice":"Bought 0 Potions","damage_taken":0,"max_hp_gain":0,"max_hp_loss":0,"event_name":"The Woman in Blue","floor":3,"gold_loss":0},{"damage_healed":0,"gold_gain":0,"player_choice":"Grow","damage_taken":0,"max_hp_gain":0,"max_hp_loss":0,"event_name":"Living Wall","floor":12,"gold_loss":0,"cards_upgraded":["Twin Strike"]},{"damage_healed":0,"gold_gain":0,"player_choice":"Joined the Cult","damage_taken":6,"max_hp_gain":0,"max_hp_loss":0,"event_name":"Nest","floor":19,"gold_loss":0,"cards_obtained":["RitualDagger"]},{"damage_healed":0,"gold_gain":0,"player_choice":"Simplicity","damage_taken":0,"max_hp_gain":0,"max_hp_loss":0,"event_name":"Back to Basics","floor":20,"gold_loss":0,"cards_upgraded":["Strike_R","Strike_R","Strike_R","Strike_R","Strike_R","Defend_R","Defend_R","Defend_R","Defend_R"]},{"damage_healed":0,"gold_gain":0,"player_choice":"Obtained Book","damage_taken":16,"max_hp_gain":0,"max_hp_loss":0,"event_name":"Cursed Tome","floor":22,"gold_loss":0},{"damage_healed":0,"gold_gain":0,"player_choice":"Ignored","damage_taken":0,"max_hp_gain":0,"max_hp_loss":0,"event_name":"Vampires","floor":27,"gold_loss":0},{"damage_healed":0,"gold_gain":0,"player_choice":"Memory 1","damage_taken":0,"max_hp_gain":0,"max_hp_loss":0,"event_name":"SensoryStone","floor":38,"gold_loss":0},{"damage_healed":0,"gold_gain":0,"player_choice":"Fight","damage_taken":0,"max_hp_gain":0,"max_hp_loss":0,"event_name":"MindBloom","floor":46,"gold_loss":0}],"is_beta":false,"boss_relics":[{"not_picked":["Runic Pyramid","Runic Dome","Snecko Eye"]},{"not_picked":["Tiny House","Coffee Dripper"],"picked":"Mark of Pain"}],"items_purged_floors":[],"is_endless":false,"potions_floor_spawned":[2,4,5,13,18,31,35,36,37],"ascension_level":0}