{"gold_per_floor":[118,137,149,169,185,185,214,214,214,214],"floor_reached":10,"playtime":356,"items_purged":[],"score":130,"play_id":"3c1b4e72-46c8-4c70-aa78-8d3aecae1d82","local_time":"20190228203201","is_ascension_mode":true,"campfire_choices":[{"data":"Whirlwind","floor":6,"key":"SMITH"},{"data":"Bash","floor":8,"key":"SMITH"}],"neow_cost":"PERCENT_DAMAGE","seed_source_timestamp":88692985548704,"circlet_count":0,"master_deck":["AscendersBane","Strike_R","Strike_R","Strike_R","Strike_R","Strike_R","Defend_R","Defend_R","Defend_R","Defend_R","Bash+1","Juggernaut","Whirlwind+1"],"relics":["Burning Blood","Prayer Wheel","Vajra"],"potions_floor_usage":[7,7],"damage_taken":[{"damage":2,"enemies":"Cultist","floor":1,"turns":4},{"damage":11,"enemies":"Jaw Worm","floor":2,"turns":6},{"damage":0,"enemies":"Small Slimes","floor":3,"turns":2},{"damage":20,"enemies":"Exordium Thugs","floor":4,"turns":6},{"damage":6,"enemies":"2 Fungi Beasts","floor":5,"turns":3},{"damage":18,"enemies":"Gremlin Nob","floor":7,"turns":4},{"damage":30,"enemies":"Lagavulin","floor":10,"turns":5}],"seed_played":"-642537563670233294","potions_obtained":[{"floor":4,"key":"Strength Potion"},{"floor":5,"key":"FearPotion"}],"is_trial":false,"path_per_floor":["M","M","M","M","M","R","E","R","T","E"],"character_chosen":"IRONCLAD","items_purchased":[],"campfire_rested":0,"item_purchase_floors":[],"current_hp_per_floor":[54,49,55,41,41,41,29,29,29,0],"gold":214,"neow_bonus":"THREE_RARE_CARDS","is_prod":false,"is_daily":false,"chose_seed":false,"campfire_upgraded":2,"win_rate":0,"timestamp":1551353521,"path_taken":["M","M","?","?","M","R","E","R","T","E"],"build_version":"2019-01-23","purchased_purges":0,"victory":false,"max_hp_per_floor":[75,75,75,75,75,75,75,75,75,75],"card_choices":[{"not_picked":["Immolate","Brutality"],"picked":"Juggernaut","floor":0},{"not_picked":["Headbutt","Cleave"],"picked":"Whirlwind","floor":1},{"not_picked":["Cleave","True Grit","Body Slam"],"picked":"SKIP","floor":2},{"not_picked":["Whirlwind","Pommel Strike","Headbutt"],"picked":"SKIP","floor":3},{"not_picked":["Spot Weakness","Pommel Strike","Shockwave"],"picked":"SKIP","floor":4},{"not_picked":["Wild Strike","Headbutt","Sword Boomerang"],"picked":"SKIP","floor":5},{"not_picked":["Entrench","Headbutt","Blood for Blood"],"picked":"SKIP","floor":7}],"player_experience":950223,"relics_obtained":[{"floor":7,"key":"Prayer Wheel"},{"floor":9,"key":"Vajra"}],"event_choices":[],"is_beta":false,"boss_relics":[],"items_purged_floors":[],"is_endless":false,"potions_floor_spawned":[4,5],"killed_by":"Lagavulin","ascension_level":17}