{"gold_per_floor":[116,116,15,30,44,44,67,67,116,149,168,118,18,34,34,106,106,119,119],"floor_reached":19,"playtime":1794,"items_purged":["Clumsy","Strike_R"],"score":301,"play_id":"2d379e58-254d-4044-91ad-095d953fcca4","local_time":"20190219123935","is_ascension_mode":true,"campfire_choices":[{"data":"True Grit","floor":6,"key":"SMITH"},{"data":"Pommel Strike","floor":8,"key":"SMITH"},{"data":"Rampage","floor":15,"key":"SMITH"}],"neow_cost":"CURSE","seed_source_timestamp":441080057983400,"circlet_count":0,"master_deck":["AscendersBane","Strike_R","Strike_R","Strike_R","Defend_R","Defend_R","Defend_R","Defend_R","Bash","Iron Wave","Pommel Strike+1","True Grit+1","Clash","Clash","Pummel","Ghostly Armor","Rampage+1","Demon Form","Shrug It Off"],"relics":["Burning Blood","Odd Mushroom","Anchor","Omamori","Philosopher\u0027s Stone"],"potions_floor_usage":[16,18,19,19],"damage_taken":[{"damage":5,"enemies":"Small Slimes","floor":1,"turns":3},{"damage":3,"enemies":"2 Louse","floor":4,"turns":3},{"damage":4,"enemies":"Jaw Worm","floor":5,"turns":5},{"damage":31,"enemies":"The Mushroom Lair","floor":7,"turns":5},{"damage":13,"enemies":"Gremlin Nob","floor":10,"turns":4},{"damage":0,"enemies":"Red Slaver","floor":11,"turns":3},{"damage":6,"enemies":"2 Fungi Beasts","floor":14,"turns":3},{"damage":57,"enemies":"Hexaghost","floor":16,"turns":15},{"damage":11,"enemies":"2 Thieves","floor":18,"turns":4},{"damage":72,"enemies":"Masked Bandits","floor":19,"turns":4}],"seed_played":"4082548117387236044","potions_obtained":[{"floor":1,"key":"LiquidBronze"},{"floor":10,"key":"Weak Potion"},{"floor":16,"key":"Block Potion"},{"floor":18,"key":"Block Potion"}],"is_trial":false,"path_per_floor":["M","?","$","M","M","R","?","R","T","E","M","?","$","M","R","B",null,"M","?"],"character_chosen":"IRONCLAD","items_purchased":["Pommel Strike"],"campfire_rested":0,"item_purchase_floors":[3],"current_hp_per_floor":[89,89,89,92,94,94,69,69,69,62,68,68,68,68,68,17,76,71,0],"gold":119,"neow_bonus":"TWENTY_PERCENT_HP_BONUS","is_prod":false,"is_daily":false,"chose_seed":false,"campfire_upgraded":3,"win_rate":0,"timestamp":1550597975,"path_taken":["M","?","$","M","M","R","?","R","T","E","M","?","$","M","R","BOSS","M","?"],"build_version":"2019-01-23","purchased_purges":2,"victory":false,"max_hp_per_floor":[96,96,96,96,96,96,96,96,96,96,96,96,96,96,96,96,96,96,96],"card_choices":[{"not_picked":["Perfected Strike","Reckless Charge"],"picked":"Iron Wave","floor":1},{"not_picked":["Iron Wave","Headbutt"],"picked":"True Grit","floor":4},{"not_picked":["True Grit","Heavy Blade"],"picked":"Clash","floor":5},{"not_picked":["Pommel Strike","Body Slam"],"picked":"Clash","floor":7},{"not_picked":["Battle Trance","Double Tap"],"picked":"Pummel","floor":10},{"not_picked":["Sever Soul","Blood for Blood"],"picked":"Ghostly Armor","floor":11},{"not_picked":["Warcry","Reckless Charge"],"picked":"Rampage","floor":14},{"not_picked":["Brutality","Barricade"],"picked":"Demon Form","floor":16},{"not_picked":["Thunderclap","Cleave"],"picked":"Shrug It Off","floor":18}],"player_experience":1239774,"relics_obtained":[{"floor":7,"key":"Odd Mushroom"},{"floor":9,"key":"Anchor"},{"floor":10,"key":"Omamori"}],"event_choices":[{"damage_healed":0,"gold_gain":0,"player_choice":"Ignored","damage_taken":0,"max_hp_gain":0,"max_hp_loss":0,"event_name":"Liars Game","floor":2,"gold_loss":0},{"damage_healed":0,"gold_gain":0,"player_choice":"Fought Mushrooms","damage_taken":0,"max_hp_gain":0,"max_hp_loss":0,"event_name":"Mushrooms","floor":7,"gold_loss":0},{"cards_removed":["Strike_R"],"damage_healed":0,"gold_gain":0,"player_choice":"Card Removal","damage_taken":0,"max_hp_gain":0,"max_hp_loss":0,"event_name":"The Cleric","floor":12,"gold_loss":50},{"damage_healed":0,"gold_gain":0,"player_choice":"Fought Bandits","damage_taken":0,"max_hp_gain":0,"max_hp_loss":0,"event_name":"Masked Bandits","floor":19,"gold_loss":0}],"is_beta":false,"boss_relics":[{"not_picked":["Eternal Feather","Pandora\u0027s Box"],"picked":"Philosopher\u0027s Stone"}],"items_purged_floors":[3,13],"is_endless":false,"potions_floor_spawned":[1,10,14,16,18],"killed_by":"Masked Bandits","ascension_level":13}