{"gold_per_floor":[116,191,116,116,133,133,165,180,203,217,217,243,267,299,311,395,407,434,477,508,520,44,44,55,55,107,118,134,150,150,164,164,164],"floor_reached":33,"playtime":1607,"items_purged":["Strike_R","Strike_R"],"score":509,"play_id":"d0313211-a251-4209-91d0-bad3e1a47722","local_time":"20190303024859","is_ascension_mode":true,"campfire_choices":[{"data":"Carnage","floor":6.0,"key":"SMITH"},{"data":"Flame Barrier","floor":11.0,"key":"SMITH"},{"data":"Flex","floor":15.0,"key":"SMITH"},{"data":"Barricade","floor":23,"key":"SMITH"},{"data":"Shrug It Off","floor":25,"key":"SMITH"},{"data":"True Grit","floor":30,"key":"SMITH"},{"data":"Rage","floor":32,"key":"SMITH"}],"neow_cost":"NONE","seed_source_timestamp":0,"circlet_count":0,"master_deck":["AscendersBane","Strike_R","Strike_R","Strike_R","Defend_R","Defend_R","Defend_R","Defend_R","Bash+1","Carnage+1","Flex+1","Flame Barrier+1","Battle Trance","Barricade+1","Rage+1","True Grit+1","Shrug It Off+1","Clothesline+1"],"special_seed":0,"relics":["Burning Blood","Dream Catcher","Happy Flower","MawBank","Coffee Dripper","Red Mask","Lee\u0027s Waffle","Bag of Marbles","Smiling Mask"],"potions_floor_usage":[20,27,29,33],"damage_taken":[{"damage":7.0,"enemies":"2 Louse","floor":1.0,"turns":4.0},{"damage":2.0,"enemies":"Jaw Worm","floor":5.0,"turns":3.0},{"damage":6.0,"enemies":"Gremlin Nob","floor":7.0,"turns":3.0},{"damage":7.0,"enemies":"Small Slimes","floor":8.0,"turns":2.0},{"damage":16.0,"enemies":"Blue Slaver","floor":10.0,"turns":3.0},{"damage":15.0,"enemies":"Lagavulin","floor":12.0,"turns":5.0},{"damage":9.0,"enemies":"Lots of Slimes","floor":13.0,"turns":4.0},{"damage":7.0,"enemies":"2 Fungi Beasts","floor":14.0,"turns":4.0},{"damage":30.0,"enemies":"Hexaghost","floor":16.0,"turns":8.0},{"damage":20.0,"enemies":"2 Thieves","floor":18.0,"turns":5.0},{"damage":25.0,"enemies":"Masked Bandits","floor":19.0,"turns":5.0},{"damage":12,"enemies":"Chosen","floor":20,"turns":3},{"damage":16,"enemies":"Snecko","floor":24,"turns":4},{"damage":38,"enemies":"Cultist and Chosen","floor":27,"turns":8},{"damage":9,"enemies":"Snake Plant","floor":28,"turns":3},{"damage":0,"enemies":"Centurion and Healer","floor":29,"turns":5},{"damage":23,"enemies":"Cultist and Chosen","floor":31,"turns":4},{"damage":55,"enemies":"Champ","floor":33,"turns":13}],"seed_played":"4587435613154850278","potions_obtained":[{"floor":1.0,"key":"PowerPotion"},{"floor":5.0,"key":"Weak Potion"},{"floor":12.0,"key":"AttackPotion"},{"floor":16.0,"key":"Fire Potion"},{"floor":18.0,"key":"Strength Potion"},{"floor":20,"key":"Regen Potion"},{"floor":28,"key":"Fire Potion"},{"floor":31,"key":"EssenceOfSteel"}],"is_trial":false,"path_per_floor":["M","?","$","?","M","R","E","M","T","M","R","E","M","M","R","B",null,"M","?","M","?","$","R","M","R","T","M","M","M","R","M","R","B"],"character_chosen":"IRONCLAD","items_purchased":["Lee\u0027s Waffle","Bag of Marbles"],"campfire_rested":0,"item_purchase_floors":[22,22],"current_hp_per_floor":[67,56,56,56,60,60,60,59,59,49,49,40,37,36,36,12,59,45,26,20,20,82,82,72,72,72,55,52,58,58,41,41,0],"gold":164,"neow_bonus":"UPGRADE_CARD","is_prod":false,"is_daily":false,"chose_seed":false,"campfire_upgraded":7,"win_rate":0,"timestamp":1551548939,"path_taken":["M","?","$","?","M","R","E","M","T","M","R","E","M","M","R","BOSS","M","?","M","?","$","R","M","R","T","M","M","?","R","M","R","BOSS"],"build_version":"2019-01-23","purchased_purges":2,"victory":false,"max_hp_per_floor":[75,75,75,75,75,75,75,75,75,75,75,75,75,75,75,75,75,75,75,75,75,82,82,82,82,82,82,82,82,82,82,82,82],"card_choices":[{"not_picked":["Shrug It Off","Feel No Pain"],"picked":"Carnage","floor":1.0},{"not_picked":["Armaments","Heavy Blade"],"picked":"Flex","floor":5.0},{"not_picked":["Disarm","Carnage","Clothesline"],"picked":"SKIP","floor":7.0},{"not_picked":["Wild Strike","Immolate","Reckless Charge"],"picked":"SKIP","floor":8.0},{"not_picked":["Clash","Headbutt"],"picked":"Flame Barrier","floor":10.0},{"not_picked":["Clothesline","Feel No Pain","Second Wind"],"picked":"SKIP","floor":12.0},{"not_picked":["Dual Wield","Inflame","Shockwave"],"picked":"SKIP","floor":13.0},{"not_picked":["Dual Wield","Twin Strike"],"picked":"Battle Trance","floor":14.0},{"not_picked":["Dark Embrace","Fiend Fire"],"picked":"Barricade","floor":16.0},{"not_picked":["Wild Strike","Flex+1"],"picked":"Rage","floor":18.0},{"not_picked":["Twin Strike","Sever Soul"],"picked":"True Grit","floor":19.0},{"not_picked":["Wild Strike","Thunderclap","Feel No Pain"],"picked":"SKIP","floor":20},{"not_picked":["Anger+1","Armaments"],"picked":"Shrug It Off","floor":24},{"not_picked":["Perfected Strike","Clothesline","Limit Break"],"picked":"SKIP","floor":27},{"not_picked":["Inflame","Headbutt"],"picked":"Clothesline+1","floor":28},{"not_picked":["Havoc","Iron Wave","Clothesline"],"picked":"SKIP","floor":29},{"not_picked":["Second Wind+1","Entrench","Wild Strike"],"picked":"SKIP","floor":31}],"player_experience":1022537,"relics_obtained":[{"floor":7.0,"key":"Dream Catcher"},{"floor":9.0,"key":"Happy Flower"},{"floor":12.0,"key":"MawBank"},{"floor":19.0,"key":"Red Mask"},{"floor":26,"key":"Smiling Mask"}],"event_choices":[{"damage_healed":0.0,"max_hp_gain":0.0,"max_hp_loss":0.0,"gold_gain":75.0,"event_name":"World of Goop","player_choice":"Gather Gold","floor":2.0,"gold_loss":0.0,"damage_taken":11.0},{"damage_healed":0.0,"max_hp_gain":0.0,"max_hp_loss":0.0,"gold_gain":0.0,"event_name":"Shining Light","player_choice":"Ignored","floor":4.0,"gold_loss":0.0,"damage_taken":0.0},{"damage_healed":0.0,"max_hp_gain":0.0,"max_hp_loss":0.0,"gold_gain":0.0,"event_name":"Masked Bandits","player_choice":"Fought Bandits","floor":19.0,"gold_loss":0.0,"damage_taken":0.0},{"damage_healed":0,"gold_gain":0,"player_choice":"0 cards matched","damage_taken":0,"max_hp_gain":0,"max_hp_loss":0,"event_name":"Match and Keep!","floor":21,"gold_loss":0,"cards_obtained":[]}],"is_beta":false,"boss_relics":[{"not_picked":["Empty Cage","Tiny House"],"picked":"Coffee Dripper"}],"items_purged_floors":[3,22],"is_endless":false,"potions_floor_spawned":[1,5,8,12,16,18,20,28,31],"killed_by":"Champ","ascension_level":19}