{"gold_per_floor":[119,119,46,56,69,69,89,119,171,171,187,187,187,200,200,300,300,312,324,338,95,115,115,134,134,160,176,193,209,226,244,244,342,342,354,365,365,365,385,385,385],"floor_reached":41,"playtime":2660,"items_purged":["Strike_B"],"score":484,"play_id":"03541ae5-5692-4674-91b4-a1ac2dd53061","local_time":"20181106234429","is_ascension_mode":true,"campfire_choices":[{"data":"Deep Breath","floor":6,"key":"SMITH"},{"data":"Sunder","floor":10,"key":"SMITH"},{"data":"All For One","floor":12,"key":"SMITH"},{"data":"Go for the Eyes","floor":15,"key":"SMITH"},{"data":"Zap","floor":23,"key":"SMITH"},{"data":"Streamline","floor":25,"key":"SMITH"},{"floor":32,"key":"REST"},{"floor":40,"key":"REST"}],"neow_cost":"NONE","seed_source_timestamp":272257420507031,"circlet_count":0,"master_deck":["Strike_B","Defend_B","Defend_B","Defend_B","Defend_B","Zap+1","Dualcast","Deep Breath+1","FTL","Scrape","Hologram","Go for the Eyes+1","Sunder+1","All For One+1","Conserve Battery","Steam","Machine Learning","Beam Cell","Gash","Beam Cell","Steam","Hello World","Streamline+1","Steam","Redo","Gash","Redo+1","Echo Form","Redo+1","Beam Cell"],"relics":["Cracked Core","Meat on the Bone","Blood Vial","Eternal Feather","Regal Pillow","Nuclear Battery"],"potions_floor_usage":[5,20,30,31,36,41],"damage_taken":[{"damage":3,"enemies":"Small Slimes","floor":1,"turns":2},{"damage":2,"enemies":"Jaw Worm","floor":4,"turns":3},{"damage":0,"enemies":"Cultist","floor":5,"turns":2},{"damage":1,"enemies":"Blue Slaver","floor":7,"turns":2},{"damage":27,"enemies":"Lagavulin","floor":8,"turns":5},{"damage":22,"enemies":"Exordium Wildlife","floor":11,"turns":4},{"damage":0,"enemies":"3 Louse","floor":14,"turns":2},{"damage":13,"enemies":"Hexaghost","floor":16,"turns":10},{"damage":5,"enemies":"Chosen","floor":18,"turns":5},{"damage":15,"enemies":"Spheric Guardian","floor":19,"turns":5},{"damage":35,"enemies":"Snake Plant","floor":20,"turns":4},{"damage":15,"enemies":"3 Cultists","floor":22,"turns":6},{"damage":14,"enemies":"Centurion and Healer","floor":24,"turns":4},{"damage":14,"enemies":"Snecko","floor":27,"turns":5},{"damage":0,"enemies":"Sentry and Sphere","floor":28,"turns":3},{"damage":29,"enemies":"Centurion and Healer","floor":29,"turns":6},{"damage":24,"enemies":"Snake Plant","floor":30,"turns":4},{"damage":0,"enemies":"Sentry and Sphere","floor":31,"turns":3},{"damage":32,"enemies":"Champ","floor":33,"turns":10},{"damage":13,"enemies":"Orb Walker","floor":35,"turns":3},{"damage":22,"enemies":"3 Shapes","floor":36,"turns":3},{"damage":29,"enemies":"Maw","floor":39,"turns":8},{"damage":97,"enemies":"Reptomancer","floor":41,"turns":4}],"seed_played":"-4716172846255433217","potions_obtained":[{"floor":5,"key":"Fruit Juice"},{"floor":7,"key":"FocusPotion"},{"floor":11,"key":"Swift Potion"},{"floor":19,"key":"PowerPotion"},{"floor":22,"key":"Poison Potion"},{"floor":27,"key":"Strength Potion"},{"floor":30,"key":"Regen Potion"},{"floor":33,"key":"Block Potion"}],"is_trial":false,"path_per_floor":["M","?","$","M","M","R","M","E","T","R","M","R","?","M","R","B",null,"M","M","M","$","M","R","M","R","T","M","M","M","M","M","R","B",null,"M","M","?","?","M","R","E"],"character_chosen":"DEFECT","items_purchased":["Scrape","Beam Cell","Steam","Hello World"],"campfire_rested":2,"item_purchase_floors":[3,21,21,21],"current_hp_per_floor":[72,77,77,75,80,80,79,52,52,52,44,44,44,46,46,47,85,80,67,46,46,45,57,45,60,60,48,50,35,25,39,85,53,85,72,52,52,52,37,85,0],"gold":385,"neow_bonus":"RANDOM_COLORLESS","is_prod":false,"is_daily":false,"chose_seed":false,"campfire_upgraded":6,"win_rate":0,"timestamp":1541565869,"path_taken":["M","?","$","M","M","R","M","E","T","R","M","R","?","?","R","BOSS","M","M","M","$","M","R","M","R","T","M","M","M","M","M","R","BOSS","M","M","?","?","M","R","E"],"build_version":"2018-11-01","purchased_purges":1,"victory":false,"max_hp_per_floor":[75,80,80,80,85,85,85,85,85,85,85,85,85,85,85,85,85,85,85,85,85,85,85,85,85,85,85,85,85,85,85,85,85,85,85,85,85,85,85,85,85],"card_choices":[{"not_picked":["Go for the Eyes","Sweeping Beam"],"picked":"FTL","floor":1},{"not_picked":["Undo","Loop"],"picked":"Hologram","floor":4},{"not_picked":["Steam Power","Barrage"],"picked":"Go for the Eyes","floor":5},{"not_picked":["Undo","Cold Snap"],"picked":"Sunder","floor":7},{"not_picked":["Go for the Eyes","Sweeping Beam"],"picked":"All For One","floor":8},{"not_picked":["Tempest","Sweeping Beam"],"picked":"Conserve Battery","floor":11},{"not_picked":["Rebound","Cold Snap"],"picked":"Steam","floor":14},{"not_picked":["Meteor Strike","Reboot"],"picked":"Machine Learning","floor":16},{"not_picked":["Glacier","Stack+1"],"picked":"Beam Cell","floor":18},{"not_picked":["Turbo+1","Defragment"],"picked":"Gash","floor":19},{"not_picked":["Skim","Capacitor","Tempest"],"picked":"SKIP","floor":20},{"not_picked":["Recycle+1","Core Surge"],"picked":"Streamline","floor":22},{"not_picked":["Leap","Blizzard+1"],"picked":"Steam","floor":24},{"not_picked":["Consume","Sweeping Beam","Undo+1"],"picked":"SKIP","floor":27},{"not_picked":["Stack","Reinforced Body"],"picked":"Redo","floor":28},{"not_picked":["Barrage","Darkness+1"],"picked":"Gash","floor":29},{"not_picked":["Redo","Rip and Tear","Fusion"],"picked":"SKIP","floor":30},{"not_picked":["Glacier","Leap"],"picked":"Redo+1","floor":31},{"not_picked":["Core Surge","Reboot"],"picked":"Echo Form","floor":33},{"not_picked":["Reinforced Body","Rebound+1"],"picked":"Redo+1","floor":35},{"not_picked":["Self Repair","Leap+1"],"picked":"Beam Cell","floor":36},{"not_picked":["Tempest+1","Barrage","Rebound"],"picked":"SKIP","floor":39}],"player_experience":764192,"relics_obtained":[{"floor":8,"key":"Meat on the Bone"},{"floor":9,"key":"Blood Vial"},{"floor":26,"key":"Regal Pillow"}],"event_choices":[{"damage_healed":0,"gold_gain":0,"player_choice":"Donut","damage_taken":0,"max_hp_gain":5,"max_hp_loss":0,"event_name":"Big Fish","floor":2,"gold_loss":0},{"cards_removed":["Strike_B"],"damage_healed":0,"gold_gain":0,"player_choice":"Purged","damage_taken":0,"max_hp_gain":0,"max_hp_loss":0,"event_name":"Purifier","floor":13,"gold_loss":0},{"damage_healed":0,"gold_gain":0,"player_choice":"Ignored","damage_taken":0,"max_hp_gain":0,"max_hp_loss":0,"event_name":"Tomb of Lord Red Mask","floor":37,"gold_loss":0},{"cards_removed":["Strike_B"],"damage_healed":0,"gold_gain":0,"player_choice":"Removed Attack","damage_taken":0,"max_hp_gain":0,"max_hp_loss":0,"event_name":"Falling","floor":38,"gold_loss":0}],"is_beta":false,"boss_relics":[{"not_picked":["Inserter","FrozenCore"],"picked":"Eternal Feather"},{"not_picked":["Busted Crown","Pandora\u0027s Box"],"picked":"Nuclear Battery"}],"items_purged_floors":[21],"is_endless":false,"potions_floor_spawned":[5,7,11,19,22,27,28,30,33],"killed_by":"Reptomancer","ascension_level":4}