{"path_per_floor":["M","M","?","M","$","R","E","R","T","M","M","R","$","E","R","B",null,"M","?","M","M","?","R","E","$","T","T","M","E","?","M","R"],"character_chosen":"THE_SILENT","items_purchased":["Apotheosis","Tingsha"],"gold_per_floor":[218,238,238,252,70,70,100,100,100,110,122,122,62,90,90,190,190,206,206,196,212,212,212,242,6,6,6,21,48,48,64,64,64],"floor_reached":33,"campfire_rested":0,"playtime":2217,"item_purchase_floors":[5,25],"current_hp_per_floor":[63,45,38,31,31,31,31,31,31,31,29,29,29,23,23,1,53,53,53,44,41,41,41,30,30,30,30,26,26,26,14,14,0],"items_purged":["Strike_G"],"gold":64,"score":518,"play_id":"5dad6ba6-4bf3-43e5-8ba0-32d227bf2b83","local_time":"20180601005849","is_prod":false,"is_daily":false,"chose_seed":false,"is_ascension_mode":true,"campfire_upgraded":6,"win_rate":0,"timestamp":1527782329,"campfire_choices":[{"data":"Apotheosis","floor":6,"key":"SMITH"},{"data":"Blur","floor":8,"key":"SMITH"},{"data":"Neutralize","floor":12,"key":"SMITH"},{"data":"Backstab","floor":15,"key":"SMITH"},{"data":"Blur","floor":23,"key":"SMITH"},{"data":"Acrobatics","floor":32,"key":"SMITH"}],"path_taken":["M","?","?","M","$","R","E","R","T","M","M","R","?","E","R","BOSS","M","?","M","M","?","R","E","$","T","?","?","E","?","M","R","BOSS"],"build_version":"2018-05-24","seed_source_timestamp":702495426119496,"purchased_purges":1,"victory":false,"master_deck":["Defend_G","Defend_G","Defend_G","Defend_G","Strike_G","Strike_G","Strike_G","Strike_G","Survivor","Neutralize+1","AscendersBane","Dagger Throw","Blur+1","Apotheosis+1","Cloak And Dagger+1","Backstab+1","Acrobatics+1","Well Laid Plans+1","Blur+1","Backflip+1","Phantasmal Killer+1","Prepared+1"],"max_hp_per_floor":[70,70,70,70,70,70,70,70,70,70,70,70,70,70,70,70,70,70,70,70,70,70,70,80,80,80,80,80,80,80,80,80,80],"relics":["Ring of the Snake","The Courier","Gremlin Horn","Matryoshka","Velvet Choker","Pear","Tingsha","Frozen Egg 2","Vajra","Toxic Egg 2","Ornamental Fan","Mercury Hourglass"],"card_choices":[{"not_picked":["Flying Knee","Outmaneuver"],"picked":"Dagger Throw","floor":1},{"not_picked":["Deflect","Deadly Poison","Flechettes"],"picked":"SKIP","floor":2},{"not_picked":["Distraction","Underhanded Strike"],"picked":"Blur","floor":4},{"not_picked":["Flying Knee","All Out Attack","Unload"],"picked":"SKIP","floor":7},{"not_picked":["Dagger Spray","Underhanded Strike"],"picked":"Cloak And Dagger","floor":10},{"not_picked":["Bane","Deadly Poison","Underhanded Strike"],"picked":"SKIP","floor":11},{"not_picked":["Flying Knee","Slice"],"picked":"Backstab","floor":14},{"not_picked":["Sucker Punch","Dagger Spray"],"picked":"Acrobatics","floor":18},{"not_picked":["PiercingWail","Leg Sweep"],"picked":"Well Laid Plans+1","floor":20},{"not_picked":["Dodge and Roll","Well Laid Plans"],"picked":"Blur","floor":21},{"not_picked":["Dagger Spray","Poisoned Stab","Unload"],"picked":"SKIP","floor":24},{"not_picked":["Malaise+1","Flying Knee"],"picked":"Backflip+1","floor":28},{"not_picked":["Malaise+1","Backflip+1"],"picked":"Phantasmal Killer+1","floor":29},{"not_picked":["Slice","Dash"],"picked":"Prepared+1","floor":31}],"player_experience":720446,"potions_floor_usage":[14,16,18,29,29,33],"damage_taken":[{"damage":0,"enemies":"Cultist","floor":1,"turns":4},{"damage":18,"enemies":"Jaw Worm","floor":2,"turns":8},{"damage":7,"enemies":"Small Slimes","floor":4,"turns":5},{"damage":0,"enemies":"Lagavulin","floor":7,"turns":8},{"damage":0,"enemies":"2 Fungi Beasts","floor":10,"turns":3},{"damage":2,"enemies":"3 Louse","floor":11,"turns":4},{"damage":6,"enemies":"Gremlin Nob","floor":14,"turns":3},{"damage":22,"enemies":"Slime Boss","floor":16,"turns":14},{"damage":0,"enemies":"Chosen","floor":18,"turns":4},{"damage":9,"enemies":"2 Thieves","floor":20,"turns":4},{"damage":3,"enemies":"Chosen and Byrds","floor":21,"turns":9},{"damage":21,"enemies":"Slavers","floor":24,"turns":11},{"damage":4,"enemies":"Snecko","floor":28,"turns":7},{"damage":0,"enemies":"Gremlin Leader","floor":29,"turns":9},{"damage":12,"enemies":"Slaver and Parasite","floor":31,"turns":5},{"damage":23,"enemies":"Automaton","floor":33,"turns":6}],"relics_obtained":[{"floor":7,"key":"The Courier"},{"floor":9,"key":"Gremlin Horn"},{"floor":14,"key":"Matryoshka"},{"floor":24,"key":"Pear"},{"floor":26,"key":"Frozen Egg 2"},{"floor":26,"key":"Vajra"},{"floor":27,"key":"Toxic Egg 2"},{"floor":27,"key":"Ornamental Fan"},{"floor":29,"key":"Mercury Hourglass"}],"event_choices":[{"event_name":"Golden Wing","player_choice":"Card Removal","floor":3,"damage_taken":0},{"event_name":"Drug Dealer","player_choice":"Ignored","floor":19,"damage_taken":0},{"event_name":"N\u0027loth","player_choice":"Ignored","floor":22,"damage_taken":0},{"event_name":"Upgrade Shrine","player_choice":"Upgraded","floor":30,"damage_taken":0}],"boss_relics":[{"not_picked":["Runic Dome","Philosopher\u0027s Stone"],"picked":"Velvet Choker"}],"items_purged_floors":[13],"potions_floor_spawned":[7,11,16,21,24,29],"seed_played":"-5651698796347363975","killed_by":"Automaton","ascension_level":10,"potions_obtained":[{"floor":7,"key":"Poison Potion"},{"floor":11,"key":"Fire Potion"},{"floor":16,"key":"Poison Potion"},{"floor":21,"key":"Dexterity Potion"},{"floor":24,"key":"Explosive Potion"},{"floor":29,"key":"EntropicBrew"}],"is_trial":false}