{"gold_per_floor":[210,210,223,234,184,184,201,201,225,2,2,2,2,22,22,119,119,132,150,170,27,39,51,108,120,132,155,167,179,191,231,243,255],"floor_reached":33,"playtime":1929,"items_purged":[],"score":278,"play_id":"808e559d-9cf9-4bb0-8da2-4d60c6eb2328","local_time":"20181130171836","is_ascension_mode":true,"campfire_choices":[{"data":"Neutralize","floor":6,"key":"SMITH"},{"data":"Poisoned Stab","floor":15,"key":"SMITH"},{"data":"Bullet Time","floor":23,"key":"SMITH"},{"data":"Catalyst","floor":30,"key":"SMITH"},{"data":"Night Terror","floor":32,"key":"SMITH"}],"neow_cost":"NONE","seed_source_timestamp":586260683364831,"circlet_count":0,"master_deck":["Defend_G","Defend_G","Defend_G","Defend_G","Defend_G","Strike_G","Strike_G","Strike_G","Strike_G","Survivor+1","Neutralize+1","Footwork+1","Cloak And Dagger","Dodge and Roll","Blade Dance","Accuracy","Poisoned Stab+1","Envenom","Poisoned Stab","Bullet Time+1","Leg Sweep","Poisoned Stab","Deadly Poison","RitualDagger","Catalyst+1","Infinite Blades","Backflip","Night Terror+1"],"relics":["Ring of the Snake","Blood Vial","Happy Flower","Prayer Wheel","Bottled Tornado","HoveringKite","MawBank","Dream Catcher","Nloth\u0027s Gift","The Specimen","MutagenicStrength","Blue Candle"],"potions_floor_usage":[18,20,27,31,33,33],"damage_taken":[{"damage":8,"enemies":"Jaw Worm","floor":1,"turns":6},{"damage":0,"enemies":"Small Slimes","floor":3,"turns":3},{"damage":0,"enemies":"2 Louse","floor":4,"turns":3},{"damage":10,"enemies":"2 Fungi Beasts","floor":7,"turns":5},{"damage":5,"enemies":"Large Slime","floor":14,"turns":9},{"damage":17,"enemies":"Hexaghost","floor":16,"turns":16},{"damage":9,"enemies":"Shell Parasite","floor":18,"turns":7},{"damage":5,"enemies":"Chosen","floor":19,"turns":5},{"damage":24,"enemies":"Shelled Parasite and Fungi","floor":20,"turns":9},{"damage":6,"enemies":"Snecko","floor":27,"turns":6},{"damage":19,"enemies":"Gremlin Leader","floor":31,"turns":6},{"damage":26,"enemies":"Champ","floor":33,"turns":5}],"seed_played":"-1495641625852024702","potions_obtained":[{"floor":1,"key":"Swift Potion"},{"floor":4,"key":"Fire Potion"},{"floor":14,"key":"SteroidPotion"},{"floor":19,"key":"EssenceOfSteel"},{"floor":20,"key":"SkillPotion"},{"floor":31,"key":"PowerPotion"}],"is_trial":false,"path_per_floor":["M","?","M","M","?","R","M","?","T","$","?","T","$","M","R","B",null,"M","M","M","$","?","R","T","?","T","M","?","?","R","E","R","B"],"character_chosen":"THE_SILENT","items_purchased":["Accuracy","Happy Flower","MawBank"],"campfire_rested":0,"item_purchase_floors":[10,10,21],"current_hp_per_floor":[62,48,48,48,48,48,38,20,20,20,20,20,20,17,17,2,70,61,58,36,36,30,30,30,30,30,26,26,26,26,9,9,0],"gold":255,"neow_bonus":"HUNDRED_GOLD","is_prod":false,"is_daily":false,"chose_seed":false,"campfire_upgraded":5,"win_rate":0,"timestamp":1543616316,"path_taken":["M","?","M","M","?","R","M","?","T","$","?","?","$","M","R","BOSS","M","?","M","$","?","R","?","?","T","?","?","?","R","E","R","BOSS"],"build_version":"2018-11-15","purchased_purges":0,"victory":false,"max_hp_per_floor":[70,70,70,70,70,70,70,70,70,70,70,70,70,70,70,70,70,70,70,70,70,70,70,70,70,70,70,70,70,70,70,70,70],"card_choices":[{"not_picked":["Concentrate","Caltrops"],"picked":"Footwork","floor":1},{"not_picked":["Concentrate","Prepared"],"picked":"Cloak And Dagger","floor":3},{"not_picked":["PiercingWail","Deflect"],"picked":"Dodge and Roll","floor":4},{"not_picked":["Acrobatics","Cloak And Dagger"],"picked":"Blade Dance","floor":7},{"not_picked":["Acrobatics","Terror"],"picked":"Poisoned Stab","floor":14},{"not_picked":["Dagger Throw","PiercingWail","Quick Slash"],"picked":"SKIP","floor":14},{"not_picked":["Doppelganger","A Thousand Cuts"],"picked":"Envenom","floor":16},{"not_picked":["Finisher+1","Backflip"],"picked":"Poisoned Stab","floor":18},{"not_picked":["Poisoned Stab","Dagger Spray"],"picked":"Bullet Time","floor":18},{"not_picked":["Quick Slash","Terror"],"picked":"Leg Sweep","floor":19},{"not_picked":["Cloak And Dagger","Sucker Punch+1"],"picked":"Poisoned Stab","floor":19},{"not_picked":["Eviscerate","Poisoned Stab"],"picked":"Deadly Poison","floor":20},{"not_picked":["Dagger Spray","Blade Dance","Choke"],"picked":"SKIP","floor":20},{"not_picked":["Dodge and Roll","Prepared"],"picked":"Catalyst","floor":27},{"not_picked":["Deflect","Choke"],"picked":"Infinite Blades","floor":27},{"not_picked":["Bullet Time","Tools of the Trade"],"picked":"Night Terror","floor":31}],"player_experience":187901,"relics_obtained":[{"floor":9,"key":"Blood Vial"},{"floor":12,"key":"Bottled Tornado"},{"floor":24,"key":"Dream Catcher"},{"floor":26,"key":"The Specimen"},{"floor":31,"key":"Blue Candle"}],"event_choices":[{"damage_healed":0,"gold_gain":0,"player_choice":"Entered Light","damage_taken":14,"max_hp_gain":0,"max_hp_loss":0,"event_name":"Shining Light","floor":2,"gold_loss":0,"cards_upgraded":["Footwork","Survivor"]},{"cards_removed":["Strike_G"],"damage_healed":0,"gold_gain":0,"player_choice":"Card Removal","damage_taken":0,"max_hp_gain":0,"max_hp_loss":0,"event_name":"The Cleric","floor":5,"gold_loss":50},{"damage_healed":0,"gold_gain":0,"player_choice":"Success","damage_taken":18,"relics_obtained":["Omamori"],"max_hp_gain":0,"max_hp_loss":0,"event_name":"Scrap Ooze","floor":8,"gold_loss":0},{"damage_healed":0,"gold_gain":0,"player_choice":"Box","damage_taken":0,"relics_obtained":["Prayer Wheel"],"max_hp_gain":0,"max_hp_loss":0,"event_name":"Big Fish","floor":11,"gold_loss":0,"cards_obtained":["Regret"]},{"damage_healed":0,"gold_gain":0,"player_choice":"Joined the Cult","damage_taken":6,"max_hp_gain":0,"max_hp_loss":0,"event_name":"Nest","floor":22,"gold_loss":0,"cards_obtained":["RitualDagger"]},{"damage_healed":0,"gold_gain":0,"player_choice":"Traded Relic","damage_taken":0,"relics_obtained":["Nloth\u0027s Gift"],"max_hp_gain":0,"max_hp_loss":0,"event_name":"N\u0027loth","floor":25,"relics_lost":["Omamori"],"gold_loss":0},{"damage_healed":0,"gold_gain":0,"player_choice":"Inject Mutagens","damage_taken":0,"relics_obtained":["MutagenicStrength"],"max_hp_gain":0,"max_hp_loss":0,"event_name":"Drug Dealer","floor":28,"gold_loss":0},{"damage_healed":0,"gold_gain":0,"player_choice":"Read","damage_taken":0,"max_hp_gain":0,"max_hp_loss":0,"event_name":"The Library","floor":29,"gold_loss":0,"cards_obtained":["Backflip"]}],"is_beta":false,"boss_relics":[{"not_picked":["Runic Dome","Ring of the Serpent"],"picked":"HoveringKite"}],"items_purged_floors":[],"is_endless":false,"potions_floor_spawned":[1,4,14,19,20,31],"killed_by":"Champ","ascension_level":2}