{"gold_per_floor":[114,130,130,130,142,173,98,98],"floor_reached":8,"playtime":271,"items_purged":["Strike_R"],"score":56,"play_id":"40db29f1-cb6f-4631-97a3-b48f5d1460df","local_time":"20190224135612","is_ascension_mode":false,"campfire_choices":[],"neow_cost":"TEN_PERCENT_HP_LOSS","seed_source_timestamp":937095461998442,"circlet_count":0,"master_deck":["Strike_R","Strike_R","Strike_R+1","Strike_R+1","Defend_R","Defend_R","Defend_R","Defend_R","Bash","Demon Form","Shrug It Off","Seeing Red","Dropkick"],"relics":["Burning Blood","Bottled Flame"],"potions_floor_usage":[],"damage_taken":[{"damage":10,"enemies":"Small Slimes","floor":1,"turns":4},{"damage":10,"enemies":"2 Louse","floor":2,"turns":3},{"damage":7,"enemies":"Cultist","floor":5,"turns":4},{"damage":35,"enemies":"3 Sentries","floor":6,"turns":8},{"damage":29,"enemies":"Gremlin Gang","floor":8,"turns":3}],"seed_played":"307835823804398477","potions_obtained":[{"floor":5,"key":"Poison Potion"}],"is_trial":false,"path_per_floor":["M","M","?","?","M","E","$","M"],"character_chosen":"IRONCLAD","items_purchased":[],"campfire_rested":0,"item_purchase_floors":[],"current_hp_per_floor":[68,64,50,55,54,25,25,0],"gold":98,"neow_bonus":"THREE_RARE_CARDS","is_prod":false,"is_daily":false,"chose_seed":false,"campfire_upgraded":0,"win_rate":0,"timestamp":1551045372,"path_taken":["M","M","?","?","M","E","$","M"],"build_version":"2019-01-23","purchased_purges":1,"victory":false,"max_hp_per_floor":[72,72,72,77,77,77,77,77],"card_choices":[{"not_picked":["Barricade","Exhume"],"picked":"Demon Form","floor":0},{"not_picked":["Thunderclap","Fire Breathing"],"picked":"Shrug It Off","floor":1},{"not_picked":["Havoc","Twin Strike"],"picked":"Seeing Red","floor":2},{"not_picked":["Feel No Pain","Fire Breathing"],"picked":"Dropkick","floor":5},{"not_picked":["Thunderclap","Disarm","Sever Soul"],"picked":"SKIP","floor":6},{"not_picked":["Thunderclap","Disarm","Sever Soul"],"picked":"SKIP","floor":6}],"player_experience":308864,"relics_obtained":[{"floor":6,"key":"Bottled Flame"}],"event_choices":[{"damage_healed":0,"gold_gain":0,"player_choice":"Entered Light","damage_taken":14,"max_hp_gain":0,"max_hp_loss":0,"event_name":"Shining Light","floor":3,"gold_loss":0,"cards_upgraded":["Strike_R","Strike_R"]},{"damage_healed":0,"gold_gain":0,"player_choice":"Donut","damage_taken":0,"max_hp_gain":5,"max_hp_loss":0,"event_name":"Big Fish","floor":4,"gold_loss":0}],"is_beta":false,"boss_relics":[],"items_purged_floors":[7],"is_endless":false,"potions_floor_spawned":[5],"killed_by":"Gremlin Gang","ascension_level":0}