{"gold_per_floor":[116,116,12,32,7,39,39,65,143,143,155,167,183,213,213,313,313,333,333,386,21,31,31,61,61,112,37,37,37,37,50,50,148,148,161,161,23,36,36,36,36,36],"floor_reached":42,"playtime":1938,"items_purged":[],"score":720,"play_id":"200f721d-8f47-4ee0-b194-e70f4e1b11e2","local_time":"20181201174155","is_ascension_mode":true,"campfire_choices":[{"data":"Accuracy","floor":7,"key":"SMITH"},{"floor":10,"key":"REST"},{"floor":15,"key":"REST"},{"floor":23,"key":"REST"},{"floor":29,"key":"REST"},{"data":"Envenom","floor":32,"key":"SMITH"},{"floor":41,"key":"REST"}],"neow_cost":"NONE","seed_source_timestamp":1519053461263064,"circlet_count":0,"master_deck":["Defend_G","Defend_G","Defend_G","Defend_G","Defend_G","Strike_G","Strike_G","Strike_G","Strike_G","Strike_G","Survivor","Neutralize","Blade Dance","Accuracy+1","Choke","Prepared","Acrobatics","Noxious Fumes","Escape Plan","Deflect","Phantasmal Killer","Prepared","Noxious Fumes","Envenom+1","Cloak And Dagger+1","Footwork","Deflect","Dagger Spray","Accuracy+1","Prepared+1","A Thousand Cuts","Backstab+1","A Thousand Cuts+1","Prepared+1","Parasite"],"relics":["Ring of the Snake","NeowsBlessing","Lantern","Darkstone Periapt","Paper Crane","Odd Mushroom","MutagenicStrength","Oddly Smooth Stone","Pear","Ninja Scroll","Regal Pillow"],"potions_floor_usage":[16,24,33,38,38],"damage_taken":[{"damage":0,"enemies":"2 Louse","floor":1,"turns":1},{"damage":0,"enemies":"Cultist","floor":4,"turns":1},{"damage":0,"enemies":"Lagavulin","floor":6,"turns":1},{"damage":36,"enemies":"Gremlin Nob","floor":8,"turns":5},{"damage":0,"enemies":"Small Slimes","floor":11,"turns":3},{"damage":13,"enemies":"Exordium Thugs","floor":12,"turns":5},{"damage":7,"enemies":"Blue Slaver","floor":13,"turns":4},{"damage":21,"enemies":"The Mushroom Lair","floor":14,"turns":4},{"damage":7,"enemies":"The Guardian","floor":16,"turns":11},{"damage":27,"enemies":"3 Byrds","floor":18,"turns":5},{"damage":17,"enemies":"Chosen","floor":22,"turns":5},{"damage":37,"enemies":"Slavers","floor":24,"turns":9},{"damage":0,"enemies":"Shelled Parasite and Fungi","floor":31,"turns":3},{"damage":47,"enemies":"Automaton","floor":33,"turns":9},{"damage":22,"enemies":"3 Shapes","floor":35,"turns":5},{"damage":35,"enemies":"3 Darklings","floor":38,"turns":5},{"damage":63,"enemies":"Writhing Mass","floor":42,"turns":4}],"seed_played":"-7247324130632585977","potions_obtained":[{"floor":1,"key":"SkillPotion"},{"floor":11,"key":"GhostInAJar"},{"floor":16,"key":"Explosive Potion"},{"floor":18,"key":"GhostInAJar"},{"floor":31,"key":"GhostInAJar"},{"floor":33,"key":"Swift Potion"}],"is_trial":false,"path_per_floor":["M","?","$","M","$","E","R","E","T","R","M","M","M","?","R","B",null,"M","?","T","$","M","R","E","?","T","?","$","R","?","M","R","B",null,"M","?","$","M","?","?","R","M"],"character_chosen":"THE_SILENT","items_purchased":["Accuracy","Choke","Acrobatics","Footwork","Pear","Deflect","A Thousand Cuts"],"campfire_rested":5,"item_purchase_floors":[3,3,5,21,21,21,37],"current_hp_per_floor":[63,63,63,63,63,63,63,27,27,48,48,35,28,7,28,21,58,31,31,31,41,24,48,11,17,17,17,17,57,57,57,57,10,67,45,45,45,10,10,10,50,0],"gold":36,"neow_bonus":"THREE_ENEMY_KILL","is_prod":false,"is_daily":false,"chose_seed":false,"campfire_upgraded":2,"win_rate":0,"timestamp":1543704115,"path_taken":["M","?","$","M","$","E","R","E","T","R","M","M","?","?","R","BOSS","M","?","?","$","M","R","E","?","T","?","$","R","?","?","R","BOSS","M","?","$","M","?","?","R","?"],"build_version":"2018-11-15","purchased_purges":0,"victory":false,"max_hp_per_floor":[70,70,70,70,70,70,70,70,70,70,70,70,70,70,70,70,70,70,70,70,80,80,80,80,86,86,86,86,86,86,86,86,86,86,86,86,86,86,86,86,86,92],"card_choices":[{"not_picked":["Bane","Sucker Punch"],"picked":"Blade Dance","floor":1},{"not_picked":["Masterful Stab","Slice"],"picked":"Prepared","floor":4},{"not_picked":["Deadly Poison","Bouncing Flask"],"picked":"Noxious Fumes","floor":6},{"not_picked":["Heel Hook","Slice"],"picked":"Escape Plan","floor":8},{"not_picked":["Slice","Underhanded Strike"],"picked":"Deflect","floor":11},{"not_picked":["Dash","Predator"],"picked":"Phantasmal Killer","floor":12},{"not_picked":["Predator","Bane"],"picked":"Prepared","floor":13},{"not_picked":["Sucker Punch","Dash"],"picked":"Noxious Fumes","floor":14},{"not_picked":["Burst","Glass Knife"],"picked":"Envenom","floor":16},{"not_picked":["Bane+1","Prepared"],"picked":"Cloak And Dagger+1","floor":18},{"not_picked":["Poisoned Stab+1","Distraction"],"picked":"Dagger Spray","floor":22},{"not_picked":["Acrobatics+1","Night Terror","Outmaneuver+1"],"picked":"SKIP","floor":24},{"not_picked":["Riddle With Holes","Dagger Throw"],"picked":"Prepared+1","floor":31},{"not_picked":["Night Terror","Glass Knife"],"picked":"A Thousand Cuts","floor":33},{"not_picked":["Catalyst","Tactician+1"],"picked":"Backstab+1","floor":35},{"not_picked":["Underhanded Strike","Poisoned Stab+1"],"picked":"Prepared+1","floor":38}],"player_experience":853234,"relics_obtained":[{"floor":6,"key":"Lantern"},{"floor":8,"key":"Darkstone Periapt"},{"floor":9,"key":"Paper Crane"},{"floor":14,"key":"Odd Mushroom"},{"floor":20,"key":"Oddly Smooth Stone"},{"floor":24,"key":"Ninja Scroll"},{"floor":26,"key":"Regal Pillow"}],"event_choices":[{"damage_healed":0,"gold_gain":0,"player_choice":"Bought 0 Potions","damage_taken":0,"max_hp_gain":0,"max_hp_loss":0,"event_name":"The Woman in Blue","floor":2,"gold_loss":0},{"damage_healed":0,"gold_gain":0,"player_choice":"Fought Mushrooms","damage_taken":0,"max_hp_gain":0,"max_hp_loss":0,"event_name":"Mushrooms","floor":14,"gold_loss":0},{"damage_healed":0,"gold_gain":0,"player_choice":"Inject Mutagens","damage_taken":0,"relics_obtained":["MutagenicStrength"],"max_hp_gain":0,"max_hp_loss":0,"event_name":"Drug Dealer","floor":19,"gold_loss":0},{"damage_healed":0,"gold_gain":0,"player_choice":"Smashed Altar","damage_taken":0,"max_hp_gain":0,"max_hp_loss":0,"event_name":"Forgotten Altar","floor":25,"gold_loss":0,"cards_obtained":["Decay"]},{"cards_removed":["Decay"],"damage_healed":0,"gold_gain":0,"player_choice":"Gave Gold","damage_taken":0,"max_hp_gain":0,"max_hp_loss":0,"event_name":"Beggar","floor":27,"gold_loss":75},{"damage_healed":0,"gold_gain":0,"player_choice":"Copied","damage_taken":0,"max_hp_gain":0,"max_hp_loss":0,"event_name":"Duplicator","floor":30,"gold_loss":0,"cards_obtained":["Accuracy"]},{"damage_healed":0,"gold_gain":0,"player_choice":"Ignored","damage_taken":0,"max_hp_gain":0,"max_hp_loss":0,"event_name":"Tomb of Lord Red Mask","floor":36,"gold_loss":0},{"damage_healed":0,"gold_gain":0,"player_choice":"Ignored","damage_taken":0,"max_hp_gain":0,"max_hp_loss":0,"event_name":"Mysterious Sphere","floor":39,"gold_loss":0},{"damage_healed":0,"gold_gain":0,"player_choice":"Upgraded","damage_taken":0,"max_hp_gain":0,"max_hp_loss":0,"event_name":"Upgrade Shrine","floor":40,"gold_loss":0,"cards_upgraded":["A Thousand Cuts"]}],"is_beta":false,"boss_relics":[{"not_picked":["Fusion Hammer","HoveringKite","Ectoplasm"]},{"not_picked":["Pandora\u0027s Box","Snecko Eye","Runic Pyramid"]}],"items_purged_floors":[],"is_endless":false,"potions_floor_spawned":[1,11,16,18,31,33],"killed_by":"Writhing Mass","ascension_level":9}