{"gold_per_floor":[109,122,197,197,23,54,71,105,179,213,213,223,31,66,66,165,215,229,211,51,65,65,93,93,93,93,50,61,61,73,73,73,176,176,196,196,196,214,230,230,242,242,242,255,255,62,80,96,96,96],"floor_reached":51,"playtime":4936,"items_purged":["Strike_R"],"score":737,"play_id":"bbe3b049-4811-4cd2-8870-3a19a3268ec6","local_time":"20190202164307","is_ascension_mode":true,"campfire_choices":[{"data":"True Grit","floor":11,"key":"SMITH"},{"data":"Iron Wave","floor":15,"key":"SMITH"},{"floor":24,"key":"REST"},{"floor":29,"key":"REST"},{"data":"Metallicize","floor":32,"key":"SMITH"},{"floor":40,"key":"REST"},{"floor":42,"key":"REST"},{"floor":49,"key":"REST"}],"neow_cost":"NONE","seed_source_timestamp":1138352254614817,"circlet_count":0,"master_deck":["Strike_R","Strike_R","Strike_R","Strike_R","Defend_R","Defend_R","Defend_R","Defend_R","Bash+1","Hemokinesis","Pommel Strike","Iron Wave+1","True Grit+1","Thunderclap","Evolve","Sword Boomerang","Flash of Steel","Malaise+1","Flex","Stack","Spot Weakness","Bandage Up","Metallicize+1","Deep Breath+1","Shrug It Off","PiercingWail","Shrug It Off","Power Through","Secret Weapon","Rupture","Pommel Strike+1","Leap+1","Deflect+1","Doubt","Blind+1","Searing Blow","Infinite Blades+1","Dash+1"],"relics":["Burning Blood","Anchor","Magic Flower","Blood Vial","Dodecahedron","Bag of Marbles","PrismaticShard","Happy Flower","Tiny House","Vajra","The Courier","Cursed Key","Paper Frog","Kunai"],"potions_floor_usage":[10,10,16,21,21,23,23,28,28,30,33,50,50],"damage_taken":[{"damage":0,"enemies":"Small Slimes","floor":1,"turns":3},{"damage":3,"enemies":"Jaw Worm","floor":2,"turns":2},{"damage":11,"enemies":"3 Sentries","floor":6,"turns":10},{"damage":0,"enemies":"Cultist","floor":7,"turns":3},{"damage":21,"enemies":"Gremlin Nob","floor":8,"turns":4},{"damage":46,"enemies":"Lagavulin","floor":10,"turns":6},{"damage":5,"enemies":"Large Slime","floor":12,"turns":4},{"damage":31,"enemies":"Gremlin Nob","floor":14,"turns":4},{"damage":52,"enemies":"The Guardian","floor":16,"turns":14},{"damage":34,"enemies":"Spheric Guardian","floor":18,"turns":7},{"damage":20,"enemies":"2 Thieves","floor":19,"turns":4},{"damage":33,"enemies":"Centurion and Healer","floor":21,"turns":8},{"damage":44,"enemies":"Book of Stabbing","floor":23,"turns":6},{"damage":10,"enemies":"Snake Plant","floor":28,"turns":7},{"damage":9,"enemies":"Cultist and Chosen","floor":30,"turns":4},{"damage":58,"enemies":"Champ","floor":33,"turns":15},{"damage":30,"enemies":"3 Darklings","floor":35,"turns":5},{"damage":6,"enemies":"Orb Walker","floor":38,"turns":5},{"damage":72,"enemies":"Writhing Mass","floor":39,"turns":9},{"damage":21,"enemies":"3 Darklings","floor":41,"turns":9},{"damage":35,"enemies":"Maw","floor":44,"turns":8},{"damage":28,"enemies":"Sphere and 2 Shapes","floor":47,"turns":9},{"damage":26,"enemies":"Spire Growth","floor":48,"turns":7},{"damage":52,"enemies":"Awakened One","floor":50,"turns":18}],"seed_played":"4519496386794573670","potions_obtained":[{"floor":1,"key":"Strength Potion"},{"floor":6,"key":"BloodPotion"},{"floor":8,"key":"Regen Potion"},{"floor":12,"key":"FearPotion"},{"floor":14,"key":"BloodPotion"},{"floor":17,"key":"LiquidBronze"},{"floor":21,"key":"Fire Potion"},{"floor":23,"key":"AttackPotion"},{"floor":25,"key":"SkillPotion"},{"floor":25,"key":"GamblersBrew"},{"floor":25,"key":"Energy Potion"},{"floor":28,"key":"Energy Potion"},{"floor":41,"key":"Strength Potion"},{"floor":47,"key":"Weak Potion"}],"is_trial":false,"path_per_floor":["M","M","?","?","$","E","M","E","T","E","R","M","$","E","R","B",null,"M","M","$","M","?","E","R","?","T","$","M","R","M","?","R","B",null,"M","?","?","M","M","R","M","R","T","M","?","$","M","M","R","B",null],"character_chosen":"IRONCLAD","items_purchased":["Iron Wave","True Grit","PrismaticShard","Spot Weakness","Bandage Up","Shrug It Off","Kunai"],"campfire_rested":5,"item_purchase_floors":[5,5,13,20,20,27,46],"current_hp_per_floor":[80,80,69,69,69,64,73,61,61,58,58,65,65,46,46,18,85,60,52,52,37,37,11,36,36,36,36,44,69,78,78,78,36,85,64,64,64,76,22,46,43,67,67,50,50,50,40,32,56,22],"gold":96,"neow_bonus":"RANDOM_COMMON_RELIC","is_prod":false,"is_daily":false,"chose_seed":false,"campfire_upgraded":3,"win_rate":0,"timestamp":1549125787,"path_taken":["M","M","?","?","$","E","M","E","T","E","R","?","$","E","R","BOSS","M","M","$","M","?","E","R","?","T","$","M","R","?","?","R","BOSS","M","?","?","M","M","R","M","R","T","M","?","$","M","M","R","BOSS"],"build_version":"2019-01-23","purchased_purges":1,"victory":true,"max_hp_per_floor":[80,80,80,80,80,80,80,80,80,80,80,80,80,80,80,80,85,85,85,85,85,85,85,85,85,85,85,85,85,85,85,85,85,85,85,81,81,81,81,81,81,81,81,81,81,81,81,81,81,81],"card_choices":[{"not_picked":["Bloodletting","Seeing Red"],"picked":"Hemokinesis","floor":1},{"not_picked":["Warcry","Anger"],"picked":"Pommel Strike","floor":2},{"not_picked":["Perfected Strike","Blood for Blood"],"picked":"Thunderclap","floor":6},{"not_picked":["Corruption","Body Slam","Heavy Blade"],"picked":"SKIP","floor":7},{"not_picked":["Heavy Blade","Berserk"],"picked":"Evolve","floor":8},{"not_picked":["Sever Soul","Thunderclap","Reckless Charge"],"picked":"SKIP","floor":10},{"not_picked":["Wild Strike","Carnage"],"picked":"Sword Boomerang","floor":12},{"not_picked":["Bane","Flying Knee"],"picked":"Flash of Steel","floor":14},{"not_picked":["Metamorphosis","Buffer"],"picked":"Malaise","floor":16},{"not_picked":["Sword Boomerang","Streamline"],"picked":"Flex","floor":17},{"not_picked":["Streamline","Sever Soul"],"picked":"Stack","floor":18},{"not_picked":["Underhanded Strike","Sucker Punch","Tempest"],"picked":"SKIP","floor":19},{"not_picked":["Deflect","Slice"],"picked":"Metallicize","floor":21},{"not_picked":["Bloodletting","Clash+1"],"picked":"Deep Breath+1","floor":23},{"not_picked":["Consume","Heatsinks"],"picked":"PiercingWail","floor":28},{"not_picked":["Sweeping Beam","Sunder"],"picked":"Shrug It Off","floor":30},{"not_picked":["All For One","Bludgeon"],"picked":"Secret Weapon","floor":33},{"not_picked":["Catalyst+1","Beam Cell+1"],"picked":"Rupture","floor":35},{"not_picked":["Poisoned Stab","Blizzard+1"],"picked":"Pommel Strike+1","floor":38},{"not_picked":["Seeing Red+1","Cold Snap+1"],"picked":"Leap+1","floor":39},{"not_picked":["Bane","Ball Lightning"],"picked":"Deflect+1","floor":41},{"not_picked":["Wild Strike","Bouncing Flask"],"picked":"Blind+1","floor":44},{"not_picked":["Carnage","Armaments+1"],"picked":"Infinite Blades+1","floor":47},{"not_picked":["Flex","Cold Snap+1"],"picked":"Dash+1","floor":48}],"player_experience":429331,"relics_obtained":[{"floor":6,"key":"Magic Flower"},{"floor":8,"key":"Blood Vial"},{"floor":9,"key":"Dodecahedron"},{"floor":10,"key":"Bag of Marbles"},{"floor":14,"key":"Happy Flower"},{"floor":23,"key":"Vajra"},{"floor":26,"key":"The Courier"},{"floor":43,"key":"Paper Frog"}],"event_choices":[{"damage_healed":0,"gold_gain":75,"player_choice":"Gather Gold","damage_taken":11,"max_hp_gain":0,"max_hp_loss":0,"event_name":"World of Goop","floor":3,"gold_loss":0},{"damage_healed":0,"gold_gain":0,"player_choice":"Forge","damage_taken":0,"max_hp_gain":0,"max_hp_loss":0,"event_name":"Accursed Blacksmith","floor":4,"gold_loss":0,"cards_upgraded":["Bash"]},{"damage_healed":0,"gold_gain":0,"player_choice":"Ignored","damage_taken":0,"max_hp_gain":0,"max_hp_loss":0,"event_name":"Beggar","floor":22,"gold_loss":0},{"damage_healed":0,"gold_gain":0,"player_choice":"Got Potions","damage_taken":0,"max_hp_gain":0,"max_hp_loss":0,"event_name":"Lab","floor":25,"gold_loss":0},{"damage_healed":0,"gold_gain":0,"player_choice":"Read","damage_taken":0,"max_hp_gain":0,"max_hp_loss":0,"event_name":"The Library","floor":31,"gold_loss":0,"cards_obtained":["Power Through"]},{"damage_healed":0,"gold_gain":0,"player_choice":"Max HP","damage_taken":0,"max_hp_gain":0,"max_hp_loss":4,"event_name":"Winding Halls","floor":36,"gold_loss":0},{"damage_healed":0,"gold_gain":0,"player_choice":"Ignored","damage_taken":0,"max_hp_gain":0,"max_hp_loss":0,"event_name":"Mysterious Sphere","floor":37,"gold_loss":0},{"damage_healed":0,"gold_gain":0,"player_choice":"1 cards matched","damage_taken":0,"max_hp_gain":0,"max_hp_loss":0,"event_name":"Match and Keep!","floor":45,"gold_loss":0,"cards_obtained":["Searing Blow"]}],"is_beta":false,"boss_relics":[{"not_picked":["Busted Crown","Snecko Eye"],"picked":"Tiny House"},{"not_picked":["Lizard Tail","Coffee Dripper"],"picked":"Cursed Key"}],"items_purged_floors":[5],"is_endless":false,"potions_floor_spawned":[1,6,8,12,14,21,23,28,41,47],"ascension_level":2}