{"gold_per_floor":[213,17,34,54,9,9,39,39,39,59,59,9,27,54,66,176,188,218,230,129,139,153,178,178,0,0,14,104,118,130,143,143,242,242,255,255,271,289,28,28,58,23,48,48,61,61,74,174,174,174],"floor_reached":51,"playtime":6048,"items_purged":["Strike_G","Defend_G"],"score":769,"play_id":"9b462afe-c1bc-451b-9be5-858c6424aab7","local_time":"20190127231555","is_ascension_mode":true,"campfire_choices":[{"data":"Footwork","floor":6,"key":"SMITH"},{"data":"Neutralize","floor":8,"key":"SMITH"},{"data":"Noxious Fumes","floor":15,"key":"SMITH"},{"data":"Noxious Fumes","floor":24,"key":"SMITH"},{"floor":32,"key":"REST"},{"floor":40,"key":"REST"},{"floor":44,"key":"REST"},{"floor":49,"key":"REST"}],"neow_cost":"NONE","seed_source_timestamp":642394519461428,"circlet_count":0,"master_deck":["Defend_G","Defend_G","Defend_G","Defend_G","Strike_G","Strike_G","Strike_G","Strike_G","Survivor","Neutralize+1","Dodge and Roll","Cloak And Dagger","Dagger Throw","Footwork+1","Dagger Spray","Acrobatics","Flying Knee","Burst","Noxious Fumes+1","Bane","PiercingWail","Noxious Fumes+1","Finisher","Backflip","Bane","Apotheosis","Acrobatics","Prepared+1","Catalyst","Dagger Spray+1","Night Terror","Skewer+1","Dodge and Roll","Footwork+1","Corpse Explosion","Catalyst","Dodge and Roll","Dash","Phantasmal Killer","Eviscerate","Dash","Underhanded Strike+1","Riddle With Holes+1"],"relics":["Ring of the Snake","Membership Card","Mummified Hand","Orichalcum","Anchor","MawBank","Snecko Eye","Oddly Smooth Stone","Happy Flower","Smiling Mask","Orrery","PreservedInsect","Medical Kit","Paper Crane","Bag of Preparation","CultistMask","Ginger"],"potions_floor_usage":[14,14,23,30,31,33,33,41,41,50,50],"damage_taken":[{"damage":1,"enemies":"Cultist","floor":1,"turns":5},{"damage":0,"enemies":"Small Slimes","floor":3,"turns":4},{"damage":0,"enemies":"2 Louse","floor":4,"turns":3},{"damage":0,"enemies":"3 Sentries","floor":7,"turns":9},{"damage":5,"enemies":"Lots of Slimes","floor":10,"turns":5},{"damage":0,"enemies":"Blue Slaver","floor":13,"turns":3},{"damage":2,"enemies":"Lagavulin","floor":14,"turns":9},{"damage":7,"enemies":"The Guardian","floor":16,"turns":12},{"damage":0,"enemies":"Shell Parasite","floor":18,"turns":7},{"damage":3,"enemies":"Chosen","floor":21,"turns":5},{"damage":6,"enemies":"Sentry and Sphere","floor":22,"turns":6},{"damage":7,"enemies":"Book of Stabbing","floor":23,"turns":6},{"damage":0,"enemies":"Chosen and Byrds","floor":27,"turns":5},{"damage":14,"enemies":"Shelled Parasite and Fungi","floor":29,"turns":4},{"damage":7,"enemies":"Snake Plant","floor":30,"turns":3},{"damage":7,"enemies":"Centurion and Healer","floor":31,"turns":7},{"damage":36,"enemies":"Collector","floor":33,"turns":15},{"damage":25,"enemies":"3 Darklings","floor":35,"turns":7},{"damage":6,"enemies":"Orb Walker","floor":37,"turns":5},{"damage":7,"enemies":"4 Shapes","floor":38,"turns":3},{"damage":28,"enemies":"Giant Head","floor":41,"turns":8},{"damage":0,"enemies":"Jaw Worm Horde","floor":45,"turns":5},{"damage":6,"enemies":"Maw","floor":47,"turns":7},{"damage":2,"enemies":"Mind Bloom Boss Battle","floor":48,"turns":8},{"damage":19,"enemies":"Donu and Deca","floor":50,"turns":6}],"seed_played":"-5969701953204096212","potions_obtained":[{"floor":3,"key":"Ancient Potion"},{"floor":7,"key":"FearPotion"},{"floor":10,"key":"Dexterity Potion"},{"floor":16,"key":"SpeedPotion"},{"floor":21,"key":"Explosive Potion"},{"floor":29,"key":"PowerPotion"},{"floor":30,"key":"GhostInAJar"},{"floor":33,"key":"Ancient Potion"},{"floor":35,"key":"Poison Potion"},{"floor":36,"key":"Block Potion"},{"floor":38,"key":"SteroidPotion"},{"floor":41,"key":"SteroidPotion"}],"is_trial":false,"path_per_floor":["M","$","M","M","$","R","E","R","T","M","T","$","M","E","R","B",null,"M","?","$","M","M","E","R","$","T","M","?","M","M","M","R","B",null,"M","?","M","M","$","R","E","$","T","R","M","?","M","?","R","B",null],"character_chosen":"THE_SILENT","items_purchased":["Membership Card","Footwork","Dagger Spray","Flying Knee","PiercingWail","Noxious Fumes","Bane","Happy Flower","Apotheosis","Dash","PreservedInsect","Medical Kit","Phantasmal Killer","Dash"],"campfire_rested":4,"item_purchase_floors":[2,5,5,12,20,20,25,25,25,39,39,39,39,42],"current_hp_per_floor":[69,69,69,69,69,69,69,69,69,64,64,64,64,62,62,55,70,70,80,80,77,71,64,64,64,64,64,48,34,27,20,44,8,80,55,55,49,42,42,66,38,38,38,62,62,62,56,54,78,59],"gold":174,"neow_bonus":"HUNDRED_GOLD","is_prod":false,"is_daily":false,"chose_seed":false,"campfire_upgraded":4,"win_rate":0,"timestamp":1548630955,"path_taken":["M","$","M","M","$","R","E","R","T","M","?","$","M","E","R","BOSS","M","?","$","M","M","E","R","$","T","?","?","M","?","M","R","BOSS","M","?","M","?","$","R","E","$","T","R","M","?","?","?","R","BOSS"],"build_version":"2019-01-23","purchased_purges":2,"victory":true,"max_hp_per_floor":[70,70,70,70,70,70,70,70,70,70,70,70,70,70,70,70,70,70,80,80,80,80,80,80,80,80,80,80,80,80,80,80,80,80,80,80,80,80,80,80,80,80,80,80,80,80,80,80,80,80],"card_choices":[{"not_picked":["Deadly Poison","Masterful Stab"],"picked":"Dodge and Roll","floor":1},{"not_picked":["Backflip","Endless Agony"],"picked":"Cloak And Dagger","floor":3},{"not_picked":["Quick Slash","Bane"],"picked":"Dagger Throw","floor":4},{"not_picked":["Phantasmal Killer","Dagger Spray","Concentrate"],"picked":"SKIP","floor":7},{"not_picked":["Prepared","Reflex"],"picked":"Acrobatics","floor":10},{"not_picked":["Backflip","Poisoned Stab"],"picked":"Burst","floor":13},{"not_picked":["Corpse Explosion","Finisher"],"picked":"Noxious Fumes","floor":14},{"not_picked":["Tools of the Trade","Venomology"],"picked":"Adrenaline","floor":16},{"not_picked":["Distraction","Dagger Spray"],"picked":"Bane","floor":18},{"not_picked":["Poisoned Stab","Prepared","PiercingWail"],"picked":"SKIP","floor":21},{"not_picked":["PiercingWail+1","Poisoned Stab"],"picked":"Finisher","floor":22},{"not_picked":["Underhanded Strike","Sucker Punch+1"],"picked":"Backflip","floor":23},{"not_picked":["Tactician+1","Adrenaline"],"picked":"Acrobatics","floor":27},{"not_picked":["Underhanded Strike","Terror+1"],"picked":"Prepared+1","floor":29},{"not_picked":["Deadly Poison","Well Laid Plans"],"picked":"Catalyst","floor":30},{"not_picked":["Bouncing Flask","PiercingWail"],"picked":"Dagger Spray+1","floor":31},{"not_picked":["Adrenaline","Glass Knife"],"picked":"Night Terror","floor":33},{"not_picked":["Deflect","Flying Knee"],"picked":"Skewer+1","floor":34},{"not_picked":["Dagger Spray","Flechettes+1"],"picked":"Dodge and Roll","floor":34},{"not_picked":["Flying Knee+1","Escape Plan+1"],"picked":"Footwork+1","floor":34},{"not_picked":["Outmaneuver","Blade Dance"],"picked":"Corpse Explosion","floor":35},{"not_picked":["Quick Slash","Acrobatics+1"],"picked":"Catalyst","floor":37},{"not_picked":["Reflex","Cloak And Dagger+1"],"picked":"Dodge and Roll","floor":38},{"not_picked":["Endless Agony+1","Flechettes+1"],"picked":"Eviscerate","floor":41},{"not_picked":["Well Laid Plans+1","Sucker Punch+1"],"picked":"Underhanded Strike+1","floor":45},{"not_picked":["Venomology","Slice"],"picked":"Riddle With Holes+1","floor":47}],"player_experience":375871,"relics_obtained":[{"floor":7,"key":"Mummified Hand"},{"floor":9,"key":"Orichalcum"},{"floor":11,"key":"Anchor"},{"floor":14,"key":"MawBank"},{"floor":23,"key":"Oddly Smooth Stone"},{"floor":26,"key":"Smiling Mask"},{"floor":41,"key":"Paper Crane"},{"floor":43,"key":"Bag of Preparation"},{"floor":48,"key":"Ginger"}],"event_choices":[{"cards_removed":["Adrenaline"],"damage_healed":0,"gold_gain":0,"player_choice":"Offered Rare","damage_taken":0,"max_hp_gain":10,"max_hp_loss":0,"event_name":"Bonfire Elementals","floor":19,"gold_loss":0},{"damage_healed":0,"gold_gain":90,"player_choice":"GOLD ","damage_taken":16,"max_hp_gain":0,"max_hp_loss":0,"event_name":"Knowing Skull","floor":28,"potions_obtained":[],"gold_loss":0,"cards_obtained":[]},{"damage_healed":0,"gold_gain":0,"player_choice":"Got Potions","damage_taken":0,"max_hp_gain":0,"max_hp_loss":0,"event_name":"Lab","floor":36,"gold_loss":0},{"damage_healed":0,"gold_gain":0,"player_choice":"Trade","damage_taken":0,"relics_obtained":["CultistMask"],"max_hp_gain":0,"max_hp_loss":0,"event_name":"FaceTrader","floor":46,"gold_loss":0},{"damage_healed":0,"gold_gain":0,"player_choice":"Fight","damage_taken":0,"max_hp_gain":0,"max_hp_loss":0,"event_name":"MindBloom","floor":48,"gold_loss":0}],"is_beta":false,"boss_relics":[{"not_picked":["Cursed Key","Tiny House"],"picked":"Snecko Eye"},{"not_picked":["Calling Bell","Black Star"],"picked":"Orrery"}],"items_purged_floors":[12,20],"is_endless":false,"potions_floor_spawned":[3,7,10,16,21,29,30,33,35,38,41],"ascension_level":1}