{"gold_per_floor":[111,125,40,40,52,52,77,91,145,175,175,175,193,182,182,257,257,272,287,287,303,303,303,303,320,346,346,362,373,389,404,404,475,475,495,595,612,612,622,653,653,680,703,703,719,719,731,741,741,741,741,741,170,204,204],"floor_reached":56,"playtime":7525,"items_purged":["Strike_R"],"score":1826,"play_id":"1a645748-2760-450c-ae9b-1701676347d9","local_time":"20190219195053","is_ascension_mode":true,"campfire_choices":[{"data":"Body Slam","floor":6,"key":"SMITH"},{"floor":12,"key":"REST"},{"data":"Body Slam","floor":15,"key":"SMITH"},{"floor":23,"key":"REST"},{"data":"Limit Break","floor":27,"key":"SMITH"},{"floor":32,"key":"REST"},{"floor":41,"key":"REST"},{"floor":44,"key":"REST"},{"floor":49,"key":"RECALL"},{"data":"Entrench","floor":52,"key":"SMITH"}],"neow_cost":"NONE","seed_source_timestamp":461223680957500,"circlet_count":0,"master_deck":["AscendersBane","Strike_R","Strike_R+1","Defend_R","Defend_R","Defend_R","Defend_R","Bash","Battle Trance","Body Slam+1","Good Instincts","Demon Form","Body Slam+1","Whirlwind","Pummel","Disarm","Feed","Limit Break+1","Bandage Up","Entrench+1","Disarm","Shrug It Off","Uppercut+1","Barricade","Shrug It Off+1","Reaper+1","Good Instincts","Shockwave","Apotheosis","True Grit+1"],"relics":["Burning Blood","NeowsBlessing","Vajra","Tiny Chest","Happy Flower","Runic Pyramid","Du-Vu Doll","Pear","Omamori","Sozu","Peace Pipe","Self Forming Clay","Potion Belt","Pen Nib","Whetstone","Red Skull"],"potions_floor_usage":[10,14,18,28,33,42],"damage_taken":[{"damage":0,"enemies":"Jaw Worm","floor":1,"turns":1},{"damage":0,"enemies":"Cultist","floor":2,"turns":1},{"damage":0,"enemies":"Small Slimes","floor":5,"turns":1},{"damage":35,"enemies":"Lagavulin","floor":7,"turns":6},{"damage":7,"enemies":"3 Louse","floor":8,"turns":3},{"damage":30,"enemies":"3 Sentries","floor":10,"turns":6},{"damage":0,"enemies":"Lots of Slimes","floor":13,"turns":1},{"damage":4,"enemies":"Exordium Thugs","floor":14,"turns":4},{"damage":19,"enemies":"Hexaghost","floor":16,"turns":9},{"damage":44,"enemies":"Spheric Guardian","floor":18,"turns":7},{"damage":9,"enemies":"Shell Parasite","floor":19,"turns":6},{"damage":10,"enemies":"Snecko","floor":21,"turns":5},{"damage":25,"enemies":"Snake Plant","floor":25,"turns":5},{"damage":12,"enemies":"Centurion and Healer","floor":28,"turns":5},{"damage":6,"enemies":"Cultist and Chosen","floor":29,"turns":6},{"damage":26,"enemies":"Snake Plant","floor":30,"turns":5},{"damage":18,"enemies":"3 Cultists","floor":31,"turns":4},{"damage":66,"enemies":"Collector","floor":33,"turns":8},{"damage":31,"enemies":"3 Darklings","floor":35,"turns":4},{"damage":4,"enemies":"Mind Bloom Boss Battle","floor":36,"turns":5},{"damage":29,"enemies":"3 Shapes","floor":37,"turns":6},{"damage":31,"enemies":"Spire Growth","floor":39,"turns":4},{"damage":27,"enemies":"Nemesis","floor":40,"turns":7},{"damage":52,"enemies":"Reptomancer","floor":42,"turns":5},{"damage":68,"enemies":"Sphere and 2 Shapes","floor":45,"turns":9},{"damage":26,"enemies":"3 Darklings","floor":47,"turns":11},{"damage":55,"enemies":"Transient","floor":48,"turns":5},{"damage":67,"enemies":"Time Eater","floor":50,"turns":10},{"damage":66,"enemies":"Shield and Spear","floor":54,"turns":7},{"damage":71,"enemies":"The Heart","floor":55,"turns":9}],"seed_played":"-3912897908427424785","potions_obtained":[{"floor":7,"key":"Swift Potion"},{"floor":10,"key":"GamblersBrew"},{"floor":13,"key":"FearPotion"},{"floor":21,"key":"PowerPotion"},{"floor":25,"key":"Dexterity Potion"},{"floor":31,"key":"Weak Potion"}],"is_trial":false,"path_per_floor":["M","M","$","?","M","R","E","M","T","E","?","R","M","M","R","B",null,"M","M","?","M","T","R","T","M","T","R","M","M","M","M","R","B",null,"M","?","M","?","M","E","R","E","T","R","M","?","M","M","R","B",null,"R","$","E","B",null],"character_chosen":"IRONCLAD","items_purchased":["Good Instincts","Apotheosis","Pen Nib","Whetstone"],"campfire_rested":5,"item_purchase_floors":[3,53,53,53],"current_hp_per_floor":[78,80,80,80,80,80,51,50,50,26,19,43,49,51,51,41,73,35,35,35,34,34,60,70,58,58,58,59,66,53,48,82,26,92,71,77,61,61,43,26,62,20,20,56,54,54,119,74,74,65,111,111,111,83,117],"gold":204,"neow_bonus":"THREE_ENEMY_KILL","is_prod":false,"is_daily":false,"chose_seed":false,"campfire_upgraded":4,"win_rate":0,"timestamp":1550623853,"path_taken":["M","M","$","?","?","R","E","M","T","E","?","R","M","M","R","BOSS","M","M","?","?","?","R","?","M","T","R","M","M","M","M","R","BOSS","M","?","M","?","M","E","R","E","T","R","M","?","M","M","R","BOSS","R","$","E","BOSS"],"build_version":"2019-01-23","purchased_purges":1,"victory":true,"max_hp_per_floor":[80,80,80,80,80,80,80,80,80,80,80,80,80,80,80,83,83,83,86,86,89,89,89,99,102,102,102,105,108,111,114,114,114,114,114,114,117,117,120,120,120,120,120,120,123,123,123,123,123,126,126,126,126,130,134],"card_choices":[{"not_picked":["Perfected Strike","Iron Wave"],"picked":"Battle Trance","floor":1},{"not_picked":["Cleave","Evolve"],"picked":"Body Slam","floor":2},{"not_picked":["Offering","Dropkick","Fire Breathing"],"picked":"SKIP","floor":5},{"not_picked":["Cleave","Clash"],"picked":"Body Slam","floor":7},{"not_picked":["Dropkick","Sword Boomerang"],"picked":"Whirlwind","floor":8},{"not_picked":["Twin Strike","Carnage"],"picked":"Pummel","floor":10},{"not_picked":["Perfected Strike","Warcry"],"picked":"Disarm","floor":13},{"not_picked":["Anger","Twin Strike"],"picked":"Feed","floor":14},{"not_picked":["Impervious","Double Tap"],"picked":"Limit Break","floor":16},{"not_picked":["Body Slam","Cleave","Evolve+1"],"picked":"SKIP","floor":18},{"not_picked":["Anger","Flex","Headbutt"],"picked":"SKIP","floor":19},{"not_picked":["Flex","Pommel Strike","Headbutt"],"picked":"SKIP","floor":21},{"not_picked":["Warcry","Burning Pact"],"picked":"Disarm","floor":25},{"not_picked":["Sever Soul","Uppercut"],"picked":"Shrug It Off","floor":28},{"not_picked":["Sword Boomerang","Thunderclap","Immolate"],"picked":"SKIP","floor":29},{"not_picked":["Sentinel","Bloodletting","Perfected Strike"],"picked":"SKIP","floor":30},{"not_picked":["Twin Strike","Havoc"],"picked":"Uppercut+1","floor":31},{"not_picked":["Impervious","Juggernaut"],"picked":"Barricade","floor":33},{"not_picked":["Power Through","Entrench"],"picked":"Shrug It Off+1","floor":35},{"not_picked":["Clothesline+1","Warcry","Anger+1"],"picked":"SKIP","floor":37},{"not_picked":["Double Tap","Sword Boomerang+1","Whirlwind"],"picked":"SKIP","floor":39},{"not_picked":["Cleave","Heavy Blade","True Grit"],"picked":"SKIP","floor":40},{"not_picked":["True Grit","Whirlwind+1"],"picked":"Reaper","floor":42},{"not_picked":["Dual Wield","Perfected Strike+1","Heavy Blade"],"picked":"SKIP","floor":45},{"not_picked":["Heavy Blade","Warcry","Clash+1"],"picked":"SKIP","floor":47},{"not_picked":["Second Wind","Seeing Red"],"picked":"Shockwave","floor":48},{"not_picked":["Ghostly Armor","Uppercut"],"picked":"True Grit+1","floor":54}],"player_experience":1247675,"relics_obtained":[{"floor":7,"key":"Vajra"},{"floor":9,"key":"Tiny Chest"},{"floor":10,"key":"Happy Flower"},{"floor":22,"key":"Du-Vu Doll"},{"floor":24,"key":"Pear"},{"floor":26,"key":"Omamori"},{"floor":36,"key":"Peace Pipe"},{"floor":40,"key":"Self Forming Clay"},{"floor":42,"key":"Potion Belt"},{"floor":54,"key":"Red Skull"}],"event_choices":[{"damage_healed":0,"gold_gain":0,"cards_transformed":["Strike_R"],"player_choice":"Transformed","damage_taken":0,"max_hp_gain":0,"max_hp_loss":0,"event_name":"Transmorgrifier","floor":4,"gold_loss":0,"cards_obtained":["Demon Form"]},{"cards_removed":["Strike_R"],"damage_healed":0,"gold_gain":0,"player_choice":"Card Removal","damage_taken":7,"max_hp_gain":0,"max_hp_loss":0,"event_name":"Golden Wing","floor":11,"gold_loss":0},{"damage_healed":0,"gold_gain":0,"player_choice":"2 cards matched","damage_taken":0,"max_hp_gain":0,"max_hp_loss":0,"event_name":"Match and Keep!","floor":20,"gold_loss":0,"cards_obtained":["Bandage Up","Entrench"]},{"damage_healed":0,"gold_gain":0,"player_choice":"Fight","damage_taken":0,"max_hp_gain":0,"max_hp_loss":0,"event_name":"MindBloom","floor":36,"gold_loss":0},{"damage_healed":0,"gold_gain":0,"player_choice":"Ignored","damage_taken":0,"max_hp_gain":0,"max_hp_loss":0,"event_name":"Mysterious Sphere","floor":38,"gold_loss":0},{"damage_healed":0,"gold_gain":0,"player_choice":"Copied","damage_taken":0,"max_hp_gain":0,"max_hp_loss":0,"event_name":"Duplicator","floor":46,"gold_loss":0,"cards_obtained":["Good Instincts"]}],"is_beta":false,"boss_relics":[{"not_picked":["Black Blood","Velvet Choker"],"picked":"Runic Pyramid"},{"not_picked":["Snecko Eye","Runic Cube"],"picked":"Sozu"}],"items_purged_floors":[53],"is_endless":false,"potions_floor_spawned":[7,10,13,21,25,31,37,40,42,48],"ascension_level":13}