{"gold_per_floor":[364,374,374,387,287,344,357,357,382,417,436,448,448,467,467,541,841,861,861],"floor_reached":19,"playtime":1679,"items_purged":["Pain"],"score":408,"play_id":"b2d7025c-c13e-4a65-b924-abd6062fc614","local_time":"20190223190435","is_ascension_mode":true,"campfire_choices":[{"floor":8,"key":"REST"},{"floor":13,"key":"REST"},{"data":"Zap","floor":15,"key":"SMITH"}],"neow_cost":"CURSE","seed_source_timestamp":62568315752000,"circlet_count":0,"master_deck":["AscendersBane","Strike_B","Strike_B","Strike_B","Strike_B","Defend_B","Defend_B","Defend_B","Defend_B","Zap+1","Dualcast","Writhe","BootSequence","Ball Lightning","Gash","Thunder Strike","Hologram","Gash","Sunder","Echo Form","Tempest","Core Surge","Decay","Doubt","Doubt","Ball Lightning"],"relics":["Cracked Core","WarpedTongs","Tiny Chest","Dream Catcher","Boot","Calling Bell","Regal Pillow","Kunai","Old Coin"],"potions_floor_usage":[6,10,18],"damage_taken":[{"damage":2,"enemies":"2 Louse","floor":1,"turns":3},{"damage":6,"enemies":"Cultist","floor":2,"turns":4},{"damage":2,"enemies":"Jaw Worm","floor":4,"turns":3},{"damage":12,"enemies":"3 Sentries","floor":6,"turns":5},{"damage":0,"enemies":"3 Louse","floor":7,"turns":3},{"damage":21,"enemies":"Gremlin Nob","floor":10,"turns":4},{"damage":0,"enemies":"2 Fungi Beasts","floor":11,"turns":3},{"damage":1,"enemies":"Red Slaver","floor":12,"turns":2},{"damage":12,"enemies":"Exordium Thugs","floor":14,"turns":4},{"damage":33,"enemies":"Hexaghost","floor":16,"turns":6},{"damage":28,"enemies":"2 Thieves","floor":18,"turns":4},{"damage":41,"enemies":"Masked Bandits","floor":19,"turns":3}],"seed_played":"875341092169675981","potions_obtained":[{"floor":4,"key":"Fire Potion"},{"floor":6,"key":"GamblersBrew"},{"floor":11,"key":"GamblersBrew"}],"is_trial":false,"path_per_floor":["M","M","?","M","$","E","M","R","T","E","M","M","R","M","R","B",null,"M","?"],"character_chosen":"DEFECT","items_purchased":["Gash"],"campfire_rested":2,"item_purchase_floors":[5],"current_hp_per_floor":[62,56,56,54,54,42,42,63,63,42,42,41,62,50,50,17,58,30,0],"gold":861,"neow_bonus":"TWO_FIFTY_GOLD","is_prod":false,"is_daily":false,"chose_seed":false,"campfire_upgraded":1,"win_rate":0,"timestamp":1550966675,"path_taken":["M","M","?","M","$","E","M","R","T","E","M","?","R","M","R","BOSS","M","?"],"build_version":"2019-01-23","purchased_purges":1,"victory":false,"max_hp_per_floor":[71,71,71,71,71,71,71,71,71,71,71,71,71,71,71,71,71,71,71],"card_choices":[{"not_picked":["Streamline","Leap"],"picked":"BootSequence","floor":1},{"not_picked":["Rebound","Blizzard"],"picked":"Ball Lightning","floor":2},{"not_picked":["Melter","Stack","Beam Cell"],"picked":"SKIP","floor":4},{"not_picked":["Turbo","Blizzard"],"picked":"Thunder Strike","floor":6},{"not_picked":["Redo","Force Field","Rebound"],"picked":"SKIP","floor":7},{"not_picked":["Conserve Battery","Go for the Eyes"],"picked":"Hologram","floor":10},{"not_picked":["Rebound","Sweeping Beam"],"picked":"Gash","floor":11},{"not_picked":["Conserve Battery","Chaos"],"picked":"Sunder","floor":12},{"not_picked":["Streamline","Doom and Gloom"],"picked":"Echo Form","floor":13},{"not_picked":["Chill","Gash"],"picked":"Tempest","floor":14},{"not_picked":["Hyperbeam","Machine Learning"],"picked":"Core Surge","floor":16},{"not_picked":["Blizzard+1","Compile Driver"],"picked":"Ball Lightning","floor":18}],"player_experience":1309297,"relics_obtained":[{"floor":6,"key":"Tiny Chest"},{"floor":9,"key":"Dream Catcher"},{"floor":10,"key":"Boot"},{"floor":17,"key":"Regal Pillow"},{"floor":17,"key":"Kunai"},{"floor":17,"key":"Old Coin"}],"event_choices":[{"damage_healed":0,"gold_gain":0,"player_choice":"Rummage","damage_taken":0,"relics_obtained":["WarpedTongs"],"max_hp_gain":0,"max_hp_loss":0,"event_name":"Accursed Blacksmith","floor":3,"gold_loss":0,"cards_obtained":["Pain"]},{"damage_healed":0,"gold_gain":0,"player_choice":"Fought Bandits","damage_taken":0,"max_hp_gain":0,"max_hp_loss":0,"event_name":"Masked Bandits","floor":19,"gold_loss":0}],"is_beta":false,"boss_relics":[{"not_picked":["Fusion Hammer","White Beast Statue"],"picked":"Calling Bell"}],"items_purged_floors":[5],"is_endless":false,"potions_floor_spawned":[4,6,11],"killed_by":"Masked Bandits","ascension_level":14}