{"gold_per_floor":[109,121,121,145,165,165,183,183,183,25,25,38,57,92,92,217,217,233,247,28,128,146,146,167,167,216,216,216,237,281,281,281,410,473,488,78,0,0,24,24,357,357,357,377,395,410,320,338,338,338],"floor_reached":51,"playtime":3189,"items_purged":["Strike_B","Strike_B"],"score":746,"play_id":"6c278c34-1d6d-4255-855d-a66c43d7ea0b","local_time":"20190213231751","is_ascension_mode":false,"campfire_choices":[{"data":"Defragment","floor":6.0,"key":"SMITH"},{"data":"Blizzard","floor":15.0,"key":"SMITH"},{"data":"Redo","floor":23.0,"key":"SMITH"},{"data":"Redo","floor":25,"key":"SMITH"},{"floor":27,"key":"REST"},{"floor":32,"key":"REST"},{"floor":49,"key":"REST"}],"neow_cost":"NONE","seed_source_timestamp":0,"circlet_count":0,"master_deck":["Defend_B+1","Dualcast","Conserve Battery","Defragment+1","White Noise","Blizzard+1","Purity","Sunder","Cold Snap","Cold Snap","Reboot","Hologram","Conserve Battery+1","Loop","FTL","Redo+1","Redo+1","Self Repair","Gash","Machine Learning","Coolheaded+1","Cold Snap","Loop","Madness","Madness","Redo+1","Redo+1","Stack+1"],"special_seed":0,"relics":["Cracked Core","NeowsBlessing","Meat on the Bone","Pantograph","PreservedInsect","Empty Cage","Potion Belt","Sundial","Tiny House","Pear","Red Mask","Cables"],"potions_floor_usage":[44,44,50,50,50],"damage_taken":[{"damage":0.0,"enemies":"Jaw Worm","floor":1.0,"turns":1.0},{"damage":0.0,"enemies":"2 Louse","floor":2.0,"turns":1.0},{"damage":0.0,"enemies":"Small Slimes","floor":4.0,"turns":1.0},{"damage":20.0,"enemies":"Exordium Thugs","floor":5.0,"turns":4.0},{"damage":5.0,"enemies":"2 Fungi Beasts","floor":7.0,"turns":4.0},{"damage":18.0,"enemies":"3 Louse","floor":12.0,"turns":3.0},{"damage":0.0,"enemies":"Large Slime","floor":13.0,"turns":4.0},{"damage":21.0,"enemies":"Gremlin Nob","floor":14.0,"turns":4.0},{"damage":22.0,"enemies":"Hexaghost","floor":16.0,"turns":13.0},{"damage":17.0,"enemies":"Spheric Guardian","floor":18.0,"turns":6.0},{"damage":0.0,"enemies":"Shell Parasite","floor":19.0,"turns":9.0},{"damage":9.0,"enemies":"Snecko","floor":22.0,"turns":7.0},{"damage":28.0,"enemies":"3 Cultists","floor":24.0,"turns":6.0},{"damage":19,"enemies":"Snake Plant","floor":29,"turns":6},{"damage":26,"enemies":"Slavers","floor":30,"turns":5},{"damage":33,"enemies":"Collector","floor":33,"turns":11},{"damage":26,"enemies":"Orb Walker","floor":35,"turns":5},{"damage":6,"enemies":"3 Shapes","floor":39,"turns":4},{"damage":23,"enemies":"Transient","floor":44,"turns":5},{"damage":3,"enemies":"Sphere and 2 Shapes","floor":45,"turns":7},{"damage":21,"enemies":"Writhing Mass","floor":46,"turns":8},{"damage":31,"enemies":"Transient","floor":48,"turns":5},{"damage":41,"enemies":"Donu and Deca","floor":50,"turns":8}],"seed_played":"-5070182856982762251","potions_obtained":[{"floor":1.0,"key":"Poison Potion"},{"floor":2.0,"key":"FocusPotion"},{"floor":12.0,"key":"Energy Potion"},{"floor":13.0,"key":"FocusPotion"},{"floor":18.0,"key":"Dexterity Potion"},{"floor":19.0,"key":"SteroidPotion"},{"floor":33,"key":"GamblersBrew"},{"floor":34,"key":"FocusPotion"},{"floor":35,"key":"Explosive Potion"},{"floor":45,"key":"PowerPotion"},{"floor":46,"key":"Poison Potion"}],"is_trial":false,"path_per_floor":["M","M","?","M","M","R","M","?","T","$","?","M","M","E","R","B",null,"M","M","$","?","M","R","M","R","T","R","?","M","E","?","R","B",null,"M","$","?","$","M","?","?","?","T","M","M","M","?","M","R","B",null],"character_chosen":"DEFECT","items_purchased":["Blizzard","Purity","Loop","FTL","Pear","Cold Snap"],"campfire_rested":3,"item_purchase_floors":[10,10,20,20,36,36],"current_hp_per_floor":[75,75,57,57,37,37,32,37,37,37,37,31,43,34,34,49,80,63,63,63,63,54,54,38,38,38,62,62,43,29,29,53,52,85,66,76,76,76,70,70,70,58,58,54,58,56,56,37,64,48],"gold":338,"neow_bonus":"THREE_ENEMY_KILL","is_prod":false,"is_daily":false,"chose_seed":false,"campfire_upgraded":4,"win_rate":0,"timestamp":1550117871,"path_taken":["M","M","?","M","M","R","M","?","T","$","?","?","M","E","R","BOSS","M","M","$","?","?","R","M","R","T","R","?","?","E","?","R","BOSS","M","$","?","$","M","?","?","?","T","M","M","M","?","?","R","BOSS"],"build_version":"2019-01-23","purchased_purges":2,"victory":true,"max_hp_per_floor":[75,75,75,75,75,75,75,80,80,80,80,80,80,80,80,80,80,80,80,80,80,80,80,80,80,80,80,80,80,80,80,80,80,85,85,95,95,95,95,95,95,95,95,95,95,95,92,92,92,92],"card_choices":[{"not_picked":["Auto Shields","Compile Driver","Chaos"],"picked":"SKIP","floor":1.0},{"not_picked":["Compile Driver","Ball Lightning"],"picked":"Conserve Battery","floor":2.0},{"not_picked":["Coolheaded","Barrage"],"picked":"Defragment","floor":4.0},{"not_picked":["Ball Lightning","Stack"],"picked":"White Noise","floor":5.0},{"not_picked":["Static Discharge","Ball Lightning"],"picked":"White Noise","floor":7.0},{"not_picked":["Storm","Reinforced Body"],"picked":"Sunder","floor":12.0},{"not_picked":["Self Repair","Multi-Cast"],"picked":"Cold Snap","floor":13.0},{"not_picked":["FTL","Sunder"],"picked":"Cold Snap","floor":14.0},{"not_picked":["All For One","Hyperbeam"],"picked":"Reboot","floor":16.0},{"not_picked":["Steam","Undo"],"picked":"Hologram","floor":18.0},{"not_picked":["Go for the Eyes","Steam"],"picked":"Conserve Battery+1","floor":19.0},{"not_picked":["Go for the Eyes","Rebound"],"picked":"Redo","floor":22.0},{"not_picked":["Melter+1","Reinforced Body"],"picked":"Redo","floor":24},{"not_picked":["Sunder","Go for the Eyes","Sweeping Beam+1"],"picked":"SKIP","floor":29},{"not_picked":["Static Discharge","Hologram"],"picked":"Self Repair","floor":30},{"not_picked":["Storm+1","Compile Driver"],"picked":"Coolheaded+1","floor":35},{"not_picked":["Turbo","Heatsinks"],"picked":"Loop","floor":39},{"not_picked":["Leap","Reinforced Body"],"picked":"Redo","floor":44},{"not_picked":["Conserve Battery+1","Streamline+1"],"picked":"Redo+1","floor":45},{"not_picked":["Go for the Eyes","Steam","Ball Lightning+1"],"picked":"SKIP","floor":46},{"not_picked":["Leap","Steam+1"],"picked":"Stack+1","floor":48}],"player_experience":1038313,"relics_obtained":[{"floor":9.0,"key":"Meat on the Bone"},{"floor":14.0,"key":"PreservedInsect"},{"floor":26,"key":"Potion Belt"},{"floor":30,"key":"Sundial"},{"floor":43,"key":"Cables"}],"event_choices":[{"damage_healed":0.0,"max_hp_gain":0.0,"max_hp_loss":0.0,"gold_gain":0.0,"event_name":"Golden Idol","player_choice":"Take Damage","floor":3.0,"gold_loss":0.0,"damage_taken":18.0,"relics_obtained":["Golden Idol"]},{"damage_healed":0.0,"max_hp_gain":5.0,"max_hp_loss":0.0,"gold_gain":0.0,"event_name":"Big Fish","player_choice":"Donut","floor":8.0,"gold_loss":0.0,"damage_taken":0.0},{"cards_removed":["White Noise"],"damage_healed":0.0,"max_hp_gain":0.0,"max_hp_loss":0.0,"gold_gain":0.0,"event_name":"WeMeetAgain","player_choice":"Gave Card","floor":11.0,"gold_loss":0.0,"damage_taken":0.0,"relics_obtained":["Pantograph"]},{"damage_healed":0.0,"max_hp_gain":0.0,"max_hp_loss":0.0,"gold_gain":100.0,"event_name":"Golden Shrine","player_choice":"Pray","floor":21.0,"gold_loss":0.0,"damage_taken":0.0},{"cards_removed":["Defend_B"],"damage_healed":0,"gold_gain":0,"player_choice":"Elegance","damage_taken":0,"max_hp_gain":0,"max_hp_loss":0,"event_name":"Back to Basics","floor":28,"gold_loss":0},{"damage_healed":0,"gold_gain":0,"cards_transformed":["Defend_B","Defend_B"],"player_choice":"Became Test Subject","damage_taken":0,"max_hp_gain":0,"max_hp_loss":0,"event_name":"Drug Dealer","floor":31,"gold_loss":0,"cards_obtained":["Gash","Machine Learning"]},{"damage_healed":0,"gold_gain":0,"player_choice":"Paid","damage_taken":0,"relics_obtained":["Red Mask"],"max_hp_gain":0,"max_hp_loss":0,"event_name":"Tomb of Lord Red Mask","floor":37,"gold_loss":78},{"cards_removed":["Zap"],"damage_healed":0,"gold_gain":0,"player_choice":"Removed Skill","damage_taken":0,"max_hp_gain":0,"max_hp_loss":0,"event_name":"Falling","floor":40,"gold_loss":0},{"damage_healed":0,"gold_gain":333,"player_choice":"Gave Idol","damage_taken":0,"max_hp_gain":0,"max_hp_loss":0,"event_name":"The Moai Head","floor":41,"relics_lost":["Golden Idol"],"gold_loss":0},{"damage_healed":0,"gold_gain":0,"player_choice":"Embrace Madness","damage_taken":12,"max_hp_gain":0,"max_hp_loss":0,"event_name":"Winding Halls","floor":42,"gold_loss":0,"cards_obtained":["Madness","Madness"]},{"cards_removed":["Parasite"],"damage_healed":0,"gold_gain":0,"player_choice":"Upgrade and Remove","damage_taken":0,"max_hp_gain":0,"max_hp_loss":0,"event_name":"Designer","floor":47,"gold_loss":90,"cards_upgraded":["Redo"]}],"is_beta":false,"boss_relics":[{"not_picked":["Black Star","Pandora\u0027s Box"],"picked":"Empty Cage"},{"not_picked":["Runic Dome","Velvet Choker"],"picked":"Tiny House"}],"items_purged_floors":[20,36],"is_endless":false,"potions_floor_spawned":[1,2,12,13,18,19,22,33,35,45,46,48],"ascension_level":0}