{"gold_per_floor":[217,36,47,47,47,47,67,67,91,123,135,77,77,93,93,191,191,208,307,335,54,254,254,241,241,288,288,45,55,55,70,70,166,166,184,184,184],"floor_reached":37,"playtime":3153,"items_purged":["Strike_B","Clumsy"],"score":417,"play_id":"e63881c9-49da-49a6-a626-ef4a73fc3d06","local_time":"20181117174455","is_ascension_mode":false,"campfire_choices":[{"data":"Defragment","floor":6,"key":"SMITH"},{"data":"Capacitor","floor":13,"key":"SMITH"},{"data":"Dualcast","floor":15,"key":"SMITH"},{"data":"Apotheosis","floor":23,"key":"SMITH"},{"floor":25,"key":"REST"},{"data":"White Noise","floor":27,"key":"SMITH"},{"floor":32,"key":"REST"}],"neow_cost":"NONE","seed_source_timestamp":256808300767663,"circlet_count":0,"master_deck":["Strike_B","Strike_B","Strike_B","Defend_B","Defend_B","Defend_B","Zap","Dualcast+1","Conserve Battery","Defragment+1","Chill","Conserve Battery","Gash","White Noise+1","Capacitor+1","Amplify","Capacitor+1","Apotheosis+1","Chaos+1"],"relics":["Cracked Core","FaceOfCleric","The Courier","PreservedInsect","Omamori","Strawberry","Singing Bowl","WingedGreaves","Red Mask","DataDisk","Bronze Scales","Strange Spoon","Nloth\u0027s Gift","Nuclear Battery"],"potions_floor_usage":[10,14,16,16,20,20,36,36,37],"damage_taken":[{"damage":0,"enemies":"Cultist","floor":1,"turns":3},{"damage":0,"enemies":"Jaw Worm","floor":3,"turns":4},{"damage":0,"enemies":"Small Slimes","floor":7,"turns":3},{"damage":9,"enemies":"3 Sentries","floor":10,"turns":8},{"damage":3,"enemies":"Exordium Thugs","floor":11,"turns":5},{"damage":1,"enemies":"Exordium Wildlife","floor":14,"turns":5},{"damage":27,"enemies":"Hexaghost","floor":16,"turns":8},{"damage":19,"enemies":"3 Byrds","floor":18,"turns":6},{"damage":13,"enemies":"Masked Bandits","floor":20,"turns":6},{"damage":22,"enemies":"2 Thieves","floor":24,"turns":4},{"damage":12,"enemies":"Snake Plant","floor":29,"turns":4},{"damage":24,"enemies":"Cultist and Chosen","floor":31,"turns":7},{"damage":13,"enemies":"Automaton","floor":33,"turns":12},{"damage":22,"enemies":"Orb Walker","floor":35,"turns":5},{"damage":10,"enemies":"3 Darklings","floor":36,"turns":3},{"damage":84,"enemies":"2 Orb Walkers","floor":37,"turns":5}],"seed_played":"-5300352480637987827","potions_obtained":[{"floor":7,"key":"Strength Potion"},{"floor":10,"key":"EntropicBrew"},{"floor":11,"key":"Regen Potion"},{"floor":24,"key":"Swift Potion"},{"floor":31,"key":"SmokeBomb"},{"floor":35,"key":"AttackPotion"}],"is_trial":false,"path_per_floor":["M","$","M","?","?","R","M","T","T","E","M","$","R","M","R","B",null,"M","?","?","$","?","R","M","R","T","R","$","M","?","M","R","B",null,"M","M","?"],"character_chosen":"DEFECT","items_purchased":["Defragment","Chill","Capacitor","Apotheosis","DataDisk","Strange Spoon"],"campfire_rested":2,"item_purchase_floors":[2,2,12,21,21,28],"current_hp_per_floor":[75,75,75,68,68,68,69,69,69,61,59,59,59,64,64,38,87,71,71,59,59,59,59,40,68,68,68,68,59,59,38,68,58,103,82,73,0],"gold":184,"neow_bonus":"HUNDRED_GOLD","is_prod":false,"is_daily":false,"chose_seed":false,"campfire_upgraded":5,"win_rate":0,"timestamp":1542476695,"path_taken":["M","?","M","?","?","R","?","?","T","E","M","$","R","M","R","BOSS","M","?","?","?","?","R","M","R","T","R","$","?","?","M","R","BOSS","M","?","?"],"build_version":"2018-11-15","purchased_purges":2,"victory":false,"max_hp_per_floor":[75,75,75,75,75,75,76,76,76,77,78,78,78,79,79,80,87,90,90,91,91,91,91,94,94,94,94,94,97,97,100,100,103,103,104,105,105],"card_choices":[{"not_picked":["Barrage","Go for the Eyes"],"picked":"Conserve Battery","floor":1},{"not_picked":["Rebound","FTL"],"picked":"Conserve Battery","floor":3},{"not_picked":["Auto Shields","Stack"],"picked":"Gash","floor":7},{"not_picked":["Go for the Eyes","Static Discharge"],"picked":"White Noise","floor":10},{"not_picked":["Consume","Coolheaded","Barrage"],"picked":"SKIP","floor":11},{"not_picked":["Rainbow","Hologram","Coolheaded"],"picked":"SKIP","floor":14},{"not_picked":["Machine Learning","Electrodynamics"],"picked":"Amplify","floor":16},{"not_picked":["Cold Snap","Beam Cell","Barrage+1"],"picked":"Singing Bowl","floor":18},{"not_picked":["Auto Shields","Amplify"],"picked":"Capacitor+1","floor":20},{"not_picked":["Rebound","White Noise","Compile Driver"],"picked":"Singing Bowl","floor":24},{"not_picked":["Leap","White Noise","Sweeping Beam"],"picked":"Singing Bowl","floor":29},{"not_picked":["Ball Lightning","Conserve Battery","Redo"],"picked":"Singing Bowl","floor":31},{"not_picked":["Thunder Strike","Electrodynamics","Amplify"],"picked":"Singing Bowl","floor":33},{"not_picked":["Turbo+1","Rebound"],"picked":"Chaos+1","floor":35}],"player_experience":241364,"relics_obtained":[{"floor":8,"key":"The Courier"},{"floor":9,"key":"PreservedInsect"},{"floor":10,"key":"Omamori"},{"floor":17,"key":"Strawberry"},{"floor":17,"key":"Singing Bowl"},{"floor":17,"key":"WingedGreaves"},{"floor":20,"key":"Red Mask"},{"floor":26,"key":"Bronze Scales"}],"event_choices":[{"cards_removed":["Defend_B"],"damage_healed":0,"gold_gain":0,"player_choice":"Card Removal","damage_taken":7,"max_hp_gain":0,"max_hp_loss":0,"event_name":"Golden Wing","floor":4,"gold_loss":0},{"damage_healed":0,"gold_gain":0,"player_choice":"Trade","damage_taken":0,"relics_obtained":["FaceOfCleric"],"max_hp_gain":0,"max_hp_loss":0,"event_name":"FaceTrader","floor":5,"gold_loss":0},{"damage_healed":0,"gold_gain":99,"player_choice":"Stole From Cult","damage_taken":0,"max_hp_gain":0,"max_hp_loss":0,"event_name":"Nest","floor":19,"gold_loss":0},{"damage_healed":0,"gold_gain":0,"player_choice":"Fought Bandits","damage_taken":0,"max_hp_gain":0,"max_hp_loss":0,"event_name":"Masked Bandits","floor":20,"gold_loss":0},{"damage_healed":0,"gold_gain":200,"player_choice":"Gold","damage_taken":0,"max_hp_gain":0,"max_hp_loss":0,"event_name":"Wheel of Change","floor":22,"gold_loss":0},{"damage_healed":0,"gold_gain":0,"player_choice":"Traded Relic","damage_taken":0,"relics_obtained":["Nloth\u0027s Gift"],"max_hp_gain":0,"max_hp_loss":0,"event_name":"N\u0027loth","floor":30,"relics_lost":["Calling Bell"],"gold_loss":0},{"damage_healed":0,"gold_gain":0,"player_choice":"Fight","damage_taken":0,"max_hp_gain":0,"max_hp_loss":0,"event_name":"Mysterious Sphere","floor":37,"gold_loss":0}],"is_beta":false,"boss_relics":[{"not_picked":["Coffee Dripper","Ectoplasm"],"picked":"Calling Bell"},{"not_picked":["Tiny House","Eternal Feather"],"picked":"Nuclear Battery"}],"items_purged_floors":[2,28],"is_endless":false,"potions_floor_spawned":[7,10,11,24,31,35,36],"killed_by":"2 Orb Walkers","ascension_level":0}