{"gold_per_floor":[113,128,141,153,153,153,153,184,207,230,265,289,289,309,309,430,430,454,494,44,65,65,105,124,124,197,213,15,38,115,148,148,148],"floor_reached":33,"playtime":3341,"items_purged":["Strike_G"],"score":478,"play_id":"40f6d519-93d2-408b-b755-1e429c938aea","local_time":"20190302210310","is_ascension_mode":true,"campfire_choices":[{"data":"Masterful Stab","floor":6,"key":"SMITH"},{"data":"Deadly Poison","floor":13,"key":"SMITH"},{"data":"Neutralize","floor":15,"key":"SMITH"},{"floor":25,"key":"REST"},{"data":"Footwork","floor":32,"key":"SMITH"}],"neow_cost":"NONE","seed_source_timestamp":262899657262432,"circlet_count":0,"master_deck":["AscendersBane","Defend_G","Defend_G","Defend_G","Defend_G","Defend_G","Strike_G","Strike_G","Strike_G","Strike_G","Survivor","Neutralize+1","Masterful Stab+1","Footwork+1","Backflip","All Out Attack","Blur","Dodge and Roll","Deadly Poison+1","Tools of the Trade","Master of Strategy","Writhe","Malaise","Dash+1"],"relics":["Ring of the Snake","Lantern","Golden Idol","Juzu Bracelet","Bag of Marbles","Anchor","Sozu","Red Mask","Letter Opener","Tough Bandages","Bottled Flame","Mercury Hourglass","Tiny Chest","Ornamental Fan","Darkstone Periapt"],"potions_floor_usage":[8,8,11,16,19],"damage_taken":[{"damage":0,"enemies":"2 Louse","floor":1,"turns":3},{"damage":0,"enemies":"Small Slimes","floor":2,"turns":3},{"damage":2,"enemies":"Jaw Worm","floor":3,"turns":4},{"damage":0,"enemies":"Large Slime","floor":4,"turns":8},{"damage":14,"enemies":"Lagavulin","floor":8,"turns":5},{"damage":0,"enemies":"2 Fungi Beasts","floor":10,"turns":2},{"damage":3,"enemies":"3 Sentries","floor":11,"turns":9},{"damage":12,"enemies":"Lots of Slimes","floor":12,"turns":7},{"damage":0,"enemies":"3 Louse","floor":14,"turns":2},{"damage":5,"enemies":"The Guardian","floor":16,"turns":11},{"damage":1,"enemies":"Spheric Guardian","floor":18,"turns":6},{"damage":16,"enemies":"Masked Bandits","floor":19,"turns":8},{"damage":2,"enemies":"2 Thieves","floor":21,"turns":4},{"damage":13,"enemies":"Slavers","floor":23,"turns":7},{"damage":5,"enemies":"Snake Plant","floor":24,"turns":5},{"damage":11,"enemies":"Cultist and Chosen","floor":27,"turns":5},{"damage":0,"enemies":"Snecko","floor":29,"turns":8},{"damage":2,"enemies":"Book of Stabbing","floor":31,"turns":7},{"damage":56,"enemies":"Champ","floor":33,"turns":15}],"seed_played":"7973172855430232599","potions_obtained":[{"floor":1,"key":"Poison Potion"},{"floor":2,"key":"Poison Potion"},{"floor":8,"key":"SkillPotion"},{"floor":14,"key":"Poison Potion"},{"floor":16,"key":"SkillPotion"}],"is_trial":false,"path_per_floor":["M","M","M","M","?","R","?","E","T","M","E","M","R","M","R","B",null,"M","?","$","M","?","E","M","R","T","M","$","M","T","E","R","B"],"character_chosen":"THE_SILENT","items_purchased":["Master of Strategy","Letter Opener","Tiny Chest"],"campfire_rested":1,"item_purchase_floors":[20,20,28],"current_hp_per_floor":[63,63,61,61,44,44,67,53,53,53,50,38,38,38,38,33,61,60,44,44,42,42,29,24,45,45,34,34,34,34,32,32,0],"gold":148,"neow_bonus":"RANDOM_COMMON_RELIC","is_prod":false,"is_daily":false,"chose_seed":false,"campfire_upgraded":4,"win_rate":0,"timestamp":1551578590,"path_taken":["M","M","M","M","?","R","?","E","T","M","E","M","R","M","R","BOSS","M","?","$","M","?","E","M","R","T","M","$","M","?","E","R","BOSS"],"build_version":"2019-01-23","purchased_purges":1,"victory":false,"max_hp_per_floor":[70,70,70,70,70,70,70,70,70,70,70,70,70,70,70,70,70,70,70,70,70,70,70,70,70,70,70,70,70,70,70,70,70],"card_choices":[{"not_picked":["Escape Plan","Quick Slash"],"picked":"Masterful Stab","floor":1},{"not_picked":["Deflect","Endless Agony"],"picked":"Footwork","floor":2},{"not_picked":["Concentrate","Prepared","Setup"],"picked":"SKIP","floor":3},{"not_picked":["Outmaneuver","Cloak And Dagger"],"picked":"Backflip","floor":4},{"not_picked":["Slice","Deadly Poison"],"picked":"All Out Attack","floor":8},{"not_picked":["Bane","Terror"],"picked":"Blur","floor":10},{"not_picked":["Bouncing Flask","Quick Slash"],"picked":"Dodge and Roll","floor":11},{"not_picked":["Dodge and Roll","Bane"],"picked":"Deadly Poison","floor":12},{"not_picked":["Setup","Deadly Poison","Flying Knee"],"picked":"SKIP","floor":14},{"not_picked":["Night Terror","Glass Knife"],"picked":"Tools of the Trade","floor":16},{"not_picked":["Accuracy+1","Riddle With Holes","Sucker Punch+1"],"picked":"SKIP","floor":18},{"not_picked":["Deadly Poison","Dagger Throw","All Out Attack"],"picked":"SKIP","floor":21},{"not_picked":["Bouncing Flask","All Out Attack"],"picked":"Malaise","floor":23},{"not_picked":["Choke","All Out Attack","Distraction"],"picked":"SKIP","floor":24},{"not_picked":["Bane","Sucker Punch","Deflect"],"picked":"SKIP","floor":27},{"not_picked":["Poisoned Stab","All Out Attack","Infinite Blades"],"picked":"SKIP","floor":29},{"not_picked":["Dagger Throw","Footwork"],"picked":"Dash+1","floor":31}],"player_experience":353319,"relics_obtained":[{"floor":8,"key":"Juzu Bracelet"},{"floor":9,"key":"Bag of Marbles"},{"floor":11,"key":"Anchor"},{"floor":19,"key":"Red Mask"},{"floor":23,"key":"Bottled Flame"},{"floor":26,"key":"Mercury Hourglass"},{"floor":30,"key":"Ornamental Fan"},{"floor":31,"key":"Darkstone Periapt"}],"event_choices":[{"damage_healed":0,"gold_gain":0,"player_choice":"Take Damage","damage_taken":17,"relics_obtained":["Golden Idol"],"max_hp_gain":0,"max_hp_loss":0,"event_name":"Golden Idol","floor":5,"gold_loss":0},{"damage_healed":23,"gold_gain":0,"player_choice":"Banana","damage_taken":0,"max_hp_gain":0,"max_hp_loss":0,"event_name":"Big Fish","floor":7,"gold_loss":0},{"damage_healed":0,"gold_gain":0,"player_choice":"Fought Bandits","damage_taken":0,"max_hp_gain":0,"max_hp_loss":0,"event_name":"Masked Bandits","floor":19,"gold_loss":0},{"damage_healed":0,"gold_gain":0,"player_choice":"Opened","damage_taken":0,"relics_obtained":["Tough Bandages"],"max_hp_gain":0,"max_hp_loss":0,"event_name":"The Mausoleum","floor":22,"gold_loss":0,"cards_obtained":["Writhe"]}],"is_beta":false,"boss_relics":[{"not_picked":["Empty Cage","Fusion Hammer"],"picked":"Sozu"}],"items_purged_floors":[28],"is_endless":false,"potions_floor_spawned":[1,2,8,14,16,21,24,29,31],"killed_by":"Champ","ascension_level":12}