{"gold_per_floor":[116,126,126,142,142,142,177,78,78,78],"floor_reached":10,"playtime":469,"items_purged":["Regret"],"score":76,"play_id":"f955fdae-5007-4d7a-8c90-1f6ea6873529","local_time":"20181231091619","is_ascension_mode":true,"campfire_choices":[{"floor":6,"key":"REST"}],"neow_cost":"PERCENT_DAMAGE","seed_source_timestamp":55498056936200,"circlet_count":0,"master_deck":["Strike_R","Strike_R","Strike_R","Strike_R","Strike_R","Defend_R","Defend_R+1","Defend_R","Defend_R+1","Bash","Iron Wave","Ghostly Armor","Shockwave","Iron Wave"],"relics":["Burning Blood","Torii","WingedGreaves","Golden Idol","War Paint","Molten Egg 2"],"potions_floor_usage":[10],"damage_taken":[{"damage":0,"enemies":"Small Slimes","floor":1,"turns":3},{"damage":7,"enemies":"Jaw Worm","floor":2,"turns":3},{"damage":4,"enemies":"2 Louse","floor":4,"turns":3},{"damage":44,"enemies":"3 Sentries","floor":7,"turns":15},{"damage":44,"enemies":"Lagavulin","floor":10,"turns":9}],"seed_played":"8445346165962870083","potions_obtained":[{"floor":2,"key":"Weak Potion"}],"is_trial":false,"path_per_floor":["M","M","?","M","?","R","E","$","T","E"],"character_chosen":"IRONCLAD","items_purchased":["Iron Wave"],"campfire_rested":1,"item_purchase_floors":[8],"current_hp_per_floor":[62,61,61,63,43,67,29,29,29,0],"gold":78,"neow_bonus":"ONE_RARE_RELIC","is_prod":false,"is_daily":false,"chose_seed":false,"campfire_upgraded":0,"win_rate":0,"timestamp":1546265779,"path_taken":["M","M","?","M","?","R","E","$","T","E"],"build_version":"2018-12-20","purchased_purges":1,"victory":false,"max_hp_per_floor":[80,80,80,80,80,80,80,80,80,80],"card_choices":[{"not_picked":["Warcry","Heavy Blade"],"picked":"Iron Wave","floor":1},{"not_picked":["Dropkick","Warcry","Sentinel"],"picked":"SKIP","floor":2},{"not_picked":["Warcry","Dropkick"],"picked":"Ghostly Armor","floor":4},{"not_picked":["Dropkick","Second Wind"],"picked":"Shockwave","floor":7}],"player_experience":415345,"relics_obtained":[{"floor":7,"key":"War Paint"},{"floor":9,"key":"Molten Egg 2"}],"event_choices":[{"damage_healed":0,"gold_gain":0,"player_choice":"Box","damage_taken":0,"relics_obtained":["WingedGreaves"],"max_hp_gain":0,"max_hp_loss":0,"event_name":"Big Fish","floor":3,"gold_loss":0,"cards_obtained":["Regret"]},{"damage_healed":0,"gold_gain":0,"player_choice":"Take Damage","damage_taken":20,"relics_obtained":["Golden Idol"],"max_hp_gain":0,"max_hp_loss":0,"event_name":"Golden Idol","floor":5,"gold_loss":0}],"is_beta":false,"boss_relics":[],"items_purged_floors":[8],"is_endless":false,"potions_floor_spawned":[2],"killed_by":"Lagavulin","ascension_level":3}