{"gold_per_floor":[118,128,141,155,166,166,183,183,183,227,252,288,288,327,327,423,423,447,447,447,17,33,33,53,53,53,66,66,92,107,132,132,206,206,221,221,221,221,273,306,20,20,45,80,80,80,106,118,118,118,118,118,118,65,100,100],"floor_reached":56,"playtime":4097,"items_purged":[],"score":2246,"play_id":"4ea830ad-0119-413e-871b-5d63ddaec760","local_time":"20181229125338","is_ascension_mode":true,"campfire_choices":[{"data":"Whirlwind","floor":6,"key":"SMITH"},{"data":"Offering","floor":13,"key":"SMITH"},{"data":"Pummel","floor":15,"key":"SMITH"},{"data":"Fiend Fire","floor":23,"key":"SMITH"},{"data":"Spot Weakness","floor":25,"key":"SMITH"},{"data":"Combust","floor":28,"key":"SMITH"},{"data":"Armaments","floor":32,"key":"SMITH"},{"data":"Limit Break","floor":42,"key":"SMITH"},{"floor":46,"key":"RECALL"},{"data":"Limit Break","floor":49,"key":"SMITH"},{"data":"Metallicize","floor":53,"key":"SMITH"}],"neow_cost":"NONE","seed_source_timestamp":665647956011033,"circlet_count":0,"master_deck":["AscendersBane","Defend_R","Defend_R","Defend_R","Defend_R","Bash","Offering","Whirlwind+1","Anger","Offering+1","Shockwave","Pummel+1","Headbutt","Impervious","Fiend Fire+1","Double Tap","Battle Trance","Metallicize+1","Bite","Bite","Bite","Bite","Bite","Spot Weakness+1","Combust+1","Armaments+1","Offering","Shrug It Off","Limit Break+1","Limit Break+1","Flame Barrier","Master of Strategy","Dark Shackles","Heavy Blade+1","Clothesline+1"],"relics":["Burning Blood","Bloody Idol","Mummified Hand","Red Skull","Turnip","Singing Bowl","Orrery","Bottled Lightning","Bronze Scales","Vajra","Juzu Bracelet","Kunai","Coffee Dripper","Orichalcum","Magic Flower","MawBank","DollysMirror","Gambling Chip","Centennial Puzzle","Pantograph"],"potions_floor_usage":[12,24,33,39,44,48,56,56],"damage_taken":[{"damage":1,"enemies":"Cultist","floor":1,"turns":3},{"damage":13,"enemies":"Jaw Worm","floor":2,"turns":3},{"damage":7,"enemies":"2 Louse","floor":3,"turns":3},{"damage":21,"enemies":"Exordium Thugs","floor":4,"turns":4},{"damage":7,"enemies":"Exordium Wildlife","floor":5,"turns":3},{"damage":2,"enemies":"3 Louse","floor":7,"turns":2},{"damage":6,"enemies":"3 Sentries","floor":10,"turns":2},{"damage":7,"enemies":"2 Fungi Beasts","floor":11,"turns":2},{"damage":12,"enemies":"Gremlin Nob","floor":12,"turns":2},{"damage":21,"enemies":"3 Sentries","floor":14,"turns":4},{"damage":31,"enemies":"Slime Boss","floor":16,"turns":6},{"damage":22,"enemies":"2 Thieves","floor":18,"turns":2},{"damage":12,"enemies":"Spheric Guardian","floor":22,"turns":3},{"damage":12,"enemies":"Cultist and Chosen","floor":24,"turns":5},{"damage":12,"enemies":"Chosen and Byrds","floor":27,"turns":2},{"damage":37,"enemies":"Slavers","floor":29,"turns":3},{"damage":12,"enemies":"3 Cultists","floor":30,"turns":1},{"damage":31,"enemies":"Gremlin Leader","floor":31,"turns":4},{"damage":37,"enemies":"Champ","floor":33,"turns":7},{"damage":14,"enemies":"Orb Walker","floor":35,"turns":2},{"damage":12,"enemies":"2 Orb Walkers","floor":39,"turns":2},{"damage":31,"enemies":"Nemesis","floor":40,"turns":3},{"damage":38,"enemies":"Reptomancer","floor":44,"turns":3},{"damage":14,"enemies":"Nemesis","floor":47,"turns":3},{"damage":12,"enemies":"3 Shapes","floor":48,"turns":6},{"damage":70,"enemies":"Awakened One","floor":50,"turns":5},{"damage":27,"enemies":"Donu and Deca","floor":51,"turns":2},{"damage":35,"enemies":"Shield and Spear","floor":55,"turns":6},{"damage":92,"enemies":"The Heart","floor":56,"turns":3}],"seed_played":"1540176889713343512","potions_obtained":[{"floor":1,"key":"LiquidBronze"},{"floor":2,"key":"LiquidBronze"},{"floor":3,"key":"Strength Potion"},{"floor":12,"key":"Fruit Juice"},{"floor":24,"key":"Fire Potion"},{"floor":33,"key":"SteroidPotion"},{"floor":40,"key":"LiquidBronze"},{"floor":44,"key":"Ancient Potion"},{"floor":48,"key":"Fruit Juice"}],"is_trial":false,"path_per_floor":["M","M","M","M","M","R","M","?","T","E","M","E","R","E","R","B",null,"M","?","?","$","M","R","M","R","T","M","R","E","M","E","R","B",null,"M","?","$","T","?","E","$","R","T","E","?","R","E","M","R","B","B",null,"R","$","E","B"],"character_chosen":"IRONCLAD","items_purchased":["Bottled Lightning","Bronze Scales","Limit Break","DollysMirror","PowerPotion"],"campfire_rested":0,"item_purchase_floors":[21,21,41,41,54],"current_hp_per_floor":[73,66,65,50,49,49,53,53,53,53,52,46,46,33,33,8,59,45,45,45,45,55,55,60,60,60,60,60,40,45,37,37,29,55,60,60,60,60,68,68,68,68,68,54,46,46,61,75,75,35,27,63,63,63,74,0],"gold":100,"neow_bonus":"ONE_RANDOM_RARE_CARD","is_prod":false,"is_daily":false,"chose_seed":false,"campfire_upgraded":10,"win_rate":0,"timestamp":1546116818,"path_taken":["M","M","M","M","M","R","M","?","T","E","M","E","R","E","R","BOSS","M","?","?","$","M","R","M","R","T","M","R","E","M","E","R","BOSS","M","?","?","?","?","E","$","R","T","E","?","R","E","M","R","BOSS","BOSS","R","$","E","BOSS"],"build_version":"2018-12-25","purchased_purges":0,"victory":false,"max_hp_per_floor":[75,75,75,75,75,75,75,68,68,68,68,68,68,70,70,70,74,76,53,53,53,55,55,60,60,60,60,60,60,62,64,64,64,64,66,66,66,66,68,68,68,68,68,68,70,70,70,75,75,75,75,75,75,75,77,77],"card_choices":[{"not_picked":["Havoc","Body Slam"],"picked":"Whirlwind","floor":1},{"not_picked":["True Grit","Wild Strike"],"picked":"Anger","floor":2},{"not_picked":["Clothesline","Uppercut"],"picked":"Offering","floor":3},{"not_picked":["Clothesline","Flex"],"picked":"Shockwave","floor":4},{"not_picked":["Thunderclap","Second Wind","Flex"],"picked":"SKIP","floor":5},{"not_picked":["Sentinel","Twin Strike","Iron Wave"],"picked":"SKIP","floor":7},{"not_picked":["Cleave","Pommel Strike"],"picked":"Pummel","floor":10},{"not_picked":["Sword Boomerang","Rampage"],"picked":"Headbutt","floor":11},{"not_picked":["Warcry","Demon Form"],"picked":"Impervious","floor":12},{"not_picked":["Armaments","Anger","Shockwave"],"picked":"Singing Bowl","floor":14},{"not_picked":["Dark Embrace","Demon Form"],"picked":"Fiend Fire","floor":16},{"not_picked":["Clothesline","Pommel Strike"],"picked":"Double Tap","floor":17},{"not_picked":["Armaments","True Grit","Heavy Blade"],"picked":"Singing Bowl","floor":17},{"not_picked":["True Grit","Combust"],"picked":"Battle Trance","floor":17},{"not_picked":["Thunderclap","Perfected Strike","Twin Strike"],"picked":"Singing Bowl","floor":17},{"not_picked":["Pommel Strike","Seeing Red"],"picked":"Metallicize","floor":17},{"not_picked":["Clash","Heavy Blade","Sever Soul+1"],"picked":"Singing Bowl","floor":18},{"not_picked":["Pummel","Thunderclap","Ghostly Armor+1"],"picked":"Singing Bowl","floor":22},{"not_picked":["Sword Boomerang","Seeing Red"],"picked":"Spot Weakness","floor":24},{"not_picked":["Wild Strike","Blood for Blood"],"picked":"Combust","floor":27},{"not_picked":["Rage","Searing Blow+1"],"picked":"Armaments","floor":29},{"not_picked":["Sword Boomerang","Flex","Warcry"],"picked":"Singing Bowl","floor":30},{"not_picked":["Body Slam","Wild Strike","Intimidate"],"picked":"Singing Bowl","floor":31},{"not_picked":["Immolate","Brutality"],"picked":"Offering","floor":33},{"not_picked":["Headbutt","Flex+1","Bloodletting"],"picked":"Singing Bowl","floor":35},{"not_picked":["Clash","Flex","Anger+1"],"picked":"Singing Bowl","floor":39},{"not_picked":["Flex","Hemokinesis"],"picked":"Shrug It Off","floor":40},{"not_picked":["Whirlwind+1","Havoc+1"],"picked":"Flame Barrier","floor":44},{"not_picked":["HandOfGreed","Dramatic Entrance"],"picked":"Master of Strategy","floor":45},{"not_picked":["Mayhem","Mind Blast","Dark Shackles"],"picked":"Singing Bowl","floor":45},{"not_picked":["The Bomb","HandOfGreed"],"picked":"Dark Shackles","floor":45},{"not_picked":["Thunderclap","Anger+1"],"picked":"Heavy Blade+1","floor":47},{"not_picked":["Twin Strike","Anger"],"picked":"Clothesline+1","floor":48},{"not_picked":["Pommel Strike+1","Warcry","Wild Strike"],"picked":"Singing Bowl","floor":55}],"player_experience":4107458,"relics_obtained":[{"floor":9,"key":"Mummified Hand"},{"floor":10,"key":"Red Skull"},{"floor":12,"key":"Turnip"},{"floor":14,"key":"Singing Bowl"},{"floor":26,"key":"Vajra"},{"floor":29,"key":"Juzu Bracelet"},{"floor":31,"key":"Kunai"},{"floor":38,"key":"Orichalcum"},{"floor":39,"key":"Magic Flower"},{"floor":40,"key":"MawBank"},{"floor":44,"key":"Gambling Chip"},{"floor":47,"key":"Centennial Puzzle"},{"floor":55,"key":"Pantograph"}],"event_choices":[{"damage_healed":0,"gold_gain":0,"player_choice":"Lose Max HP","damage_taken":0,"relics_obtained":["Golden Idol"],"max_hp_gain":0,"max_hp_loss":7,"event_name":"Golden Idol","floor":8,"gold_loss":0},{"damage_healed":0,"gold_gain":0,"player_choice":"Became a vampire","damage_taken":0,"max_hp_gain":0,"max_hp_loss":23,"event_name":"Vampires","floor":19,"gold_loss":0,"cards_obtained":["Bite","Bite","Bite","Bite","Bite"]},{"damage_healed":0,"gold_gain":0,"player_choice":"Gave Idol","damage_taken":0,"relics_obtained":["Bloody Idol"],"max_hp_gain":0,"max_hp_loss":0,"event_name":"Forgotten Altar","floor":20,"relics_lost":["Golden Idol"],"gold_loss":0},{"damage_healed":0,"gold_gain":0,"player_choice":"0 cards matched","damage_taken":0,"max_hp_gain":0,"max_hp_loss":0,"event_name":"Match and Keep!","floor":36,"gold_loss":0,"cards_obtained":[]},{"damage_healed":0,"gold_gain":0,"player_choice":"Fight","damage_taken":0,"max_hp_gain":0,"max_hp_loss":0,"event_name":"Mysterious Sphere","floor":39,"gold_loss":0},{"damage_healed":0,"gold_gain":0,"player_choice":"Memory 3","damage_taken":10,"max_hp_gain":0,"max_hp_loss":0,"event_name":"SensoryStone","floor":45,"gold_loss":0}],"is_beta":true,"boss_relics":[{"not_picked":["Calling Bell","Eternal Feather"],"picked":"Orrery"},{"not_picked":["Astrolabe","Velvet Choker"],"picked":"Coffee Dripper"}],"items_purged_floors":[],"is_endless":false,"potions_floor_spawned":[1,2,3,10,12,24,29,33,40,44,48,55],"killed_by":"The Heart","ascension_level":20}