{"gold_per_floor":[109,37,37,37,51,51,67,67,67,82,98,98,114,131,131,230,230,240,272,272,284,13,13,13,32,58,58,58,78,96,51,51,148,148,162,4,23,23,34,34,34,60,60,74,85,85,96,107,107,107],"floor_reached":50,"playtime":2896,"items_purged":["Defend_B"],"score":488,"play_id":"47faba53-ec65-432d-a8da-6829e74ebced","local_time":"20180710185543","is_ascension_mode":false,"campfire_choices":[{"data":"Hello World","floor":6.0,"key":"SMITH"},{"data":"BootSequence","floor":8.0,"key":"SMITH"},{"data":"Genetic Algorithm","floor":15.0,"key":"SMITH"},{"floor":24,"key":"REST"},{"data":"Electrodynamics","floor":28,"key":"SMITH"},{"floor":32,"key":"REST"},{"data":"Apotheosis","floor":40,"key":"SMITH"},{"floor":46,"key":"REST"},{"floor":49,"key":"REST"}],"neow_cost":"NONE","seed_source_timestamp":0,"circlet_count":0,"master_deck":["Strike_B","Strike_B+1","Strike_B+1","Defend_B","Defend_B","Defend_B","Zap","Dualcast","Heatsinks","Hello World+1","Gash","BootSequence+1","Coolheaded","Genetic Algorithm+1","Heatsinks","BootSequence","Electrodynamics+1","Stack","Glacier+1","Tempest+1","Barrage","Gash","Multi-Cast","Stack","Electrodynamics","Hologram+1","Dramatic Entrance","Redo","Loop+1","Apotheosis+1","Master of Strategy","Capacitor+1","Ball Lightning+1","Conserve Battery+1","Consume+1"],"special_seed":0,"relics":["Cracked Core","Orichalcum","Pear","Sozu","Red Mask","Symbiotic Virus","DataDisk","Bag of Preparation","Oddly Smooth Stone","Inserter","Omamori","Shuriken"],"potions_floor_usage":[],"damage_taken":[{"damage":1.0,"enemies":"Cultist","floor":1.0,"turns":3.0},{"damage":0.0,"enemies":"Small Slimes","floor":5.0,"turns":3.0},{"damage":0.0,"enemies":"2 Louse","floor":7.0,"turns":3.0},{"damage":0.0,"enemies":"Blue Slaver","floor":10.0,"turns":4.0},{"damage":1.0,"enemies":"Exordium Wildlife","floor":11.0,"turns":4.0},{"damage":3.0,"enemies":"Lots of Slimes","floor":13.0,"turns":5.0},{"damage":2.0,"enemies":"Looter","floor":14.0,"turns":3.0},{"damage":36.0,"enemies":"Slime Boss","floor":16.0,"turns":7.0},{"damage":0.0,"enemies":"Chosen","floor":18.0,"turns":4.0},{"damage":58,"floor":19,"turns":5},{"damage":6,"enemies":"Shell Parasite","floor":21,"turns":7},{"damage":13,"enemies":"Snake Plant","floor":25,"turns":4},{"damage":0,"enemies":"Cultist and Chosen","floor":29,"turns":4},{"damage":0,"enemies":"Chosen and Byrds","floor":30,"turns":4},{"damage":35,"enemies":"Champ","floor":33,"turns":12},{"damage":10,"enemies":"3 Darklings","floor":35,"turns":4},{"damage":0,"enemies":"3 Shapes","floor":37,"turns":4},{"damage":26,"enemies":"Maw","floor":39,"turns":8},{"damage":3,"enemies":"4 Shapes","floor":44,"turns":4},{"damage":37,"enemies":"3 Darklings","floor":45,"turns":4},{"damage":0,"enemies":"Maw","floor":47,"turns":7},{"damage":0,"enemies":"4 Shapes","floor":48,"turns":4},{"damage":69,"enemies":"Time Eater","floor":50,"turns":6}],"seed_played":"-4644277777433565808","potions_obtained":[{"floor":1.0,"key":"Fire Potion"},{"floor":5.0,"key":"FearPotion"},{"floor":13.0,"key":"Fruit Juice"},{"floor":14.0,"key":"Explosive Potion"}],"is_trial":false,"path_per_floor":["M","$","?","$","M","R","M","R","T","M","M","?","M","M","R","B",null,"M","?","?","M","$","T","R","M","T","$","R","M","M","$","R","B",null,"M","$","M","?","M","R","$","T","T","M","M","R","M","M","R"],"character_chosen":"DEFECT","items_purchased":["Hello World","DataDisk","Barrage","Stack","Dramatic Entrance","Redo"],"campfire_rested":4,"item_purchase_floors":[2,22,22,31,36,36],"current_hp_per_floor":[74,74,59,59,59,59,59,59,69,69,68,68,65,63,63,32,90,90,32,32,26,26,26,53,40,40,40,40,40,40,40,67,32,90,80,80,80,75,49,49,49,49,49,46,9,36,36,36,63,0],"gold":107,"neow_bonus":"RANDOM_COMMON_RELIC","is_prod":false,"is_daily":false,"chose_seed":false,"campfire_upgraded":5,"win_rate":0,"timestamp":1531263343,"path_taken":["M","?","?","$","M","R","M","R","T","?","?","?","M","M","R","BOSS","M","?","?","M","$","?","R","M","T","$","R","M","M","$","R","BOSS","M","$","?","?","M","R","$","?","T","?","M","R","M","M","R","BOSS"],"build_version":"2018-07-05","purchased_purges":1,"victory":false,"max_hp_per_floor":[75,75,75,75,75,75,75,75,85,85,85,85,85,85,85,90,90,90,90,90,90,90,90,90,90,90,90,90,90,90,90,90,90,90,90,90,90,90,90,90,90,90,90,90,90,90,90,90,90,90],"card_choices":[{"not_picked":["Auto Shields","Beam Cell"],"picked":"Heatsinks","floor":1.0},{"not_picked":["Redo","Force Field"],"picked":"Gash","floor":5.0},{"not_picked":["Hologram","Fusion"],"picked":"BootSequence","floor":7.0},{"not_picked":["Chaos","Lockon"],"picked":"Coolheaded","floor":10.0},{"not_picked":["Storm","Leap"],"picked":"Genetic Algorithm","floor":11.0},{"not_picked":["Compile Driver","Coolheaded"],"picked":"Heatsinks","floor":13.0},{"not_picked":["Ball Lightning","Conserve Battery"],"picked":"BootSequence","floor":14.0},{"not_picked":["Meteor Strike","Fission"],"picked":"Electrodynamics","floor":16.0},{"not_picked":["Cold Snap","Beam Cell+1"],"picked":"Stack","floor":18},{"not_picked":["Machine Learning","Reinforced Body+1"],"picked":"Glacier+1","floor":19},{"not_picked":["Hello World","Hologram"],"picked":"Tempest+1","floor":21},{"not_picked":["Force Field","Sweeping Beam+1"],"picked":"Gash","floor":25},{"not_picked":["Skim","Rebound","Go for the Eyes+1"],"picked":"SKIP","floor":29},{"not_picked":["Steam","Coolheaded"],"picked":"Multi-Cast","floor":30},{"not_picked":["Creative AI","Machine Learning"],"picked":"Electrodynamics","floor":33},{"not_picked":["Sweeping Beam+1","Undo"],"picked":"Hologram+1","floor":35},{"not_picked":["Streamline","Leap+1"],"picked":"Loop+1","floor":37},{"not_picked":["Jack Of All Trades","Enlightenment"],"picked":"Apotheosis","floor":38},{"not_picked":["Purity","Thinking Ahead"],"picked":"Master of Strategy","floor":38},{"not_picked":["Coolheaded","Loop+1"],"picked":"Capacitor+1","floor":39},{"not_picked":["Rip and Tear","Streamline+1"],"picked":"Ball Lightning+1","floor":44},{"not_picked":["Chill","Genetic Algorithm","Go for the Eyes"],"picked":"SKIP","floor":45},{"not_picked":["Go for the Eyes+1","Turbo+1"],"picked":"Conserve Battery+1","floor":47},{"not_picked":["Auto Shields","Blizzard+1"],"picked":"Consume+1","floor":48}],"player_experience":554989,"relics_obtained":[{"floor":9.0,"key":"Pear"},{"floor":19,"key":"Red Mask"},{"floor":23,"key":"Bag of Preparation"},{"floor":26,"key":"Oddly Smooth Stone"},{"floor":42,"key":"Omamori"},{"floor":43,"key":"Shuriken"}],"event_choices":[{"event_name":"Shining Light","player_choice":"Entered Light","floor":3.0,"damage_taken":0.0},{"event_name":"Bonfire Elementals","player_choice":"BASIC","floor":12.0,"damage_taken":0.0},{"event_name":"Masked Bandits","player_choice":"Fought over 240 gold","floor":19,"damage_taken":0},{"event_name":"The Mausoleum","player_choice":"Yes","floor":20,"damage_taken":0},{"event_name":"SensoryStone","player_choice":"Memory 2","floor":38,"damage_taken":0}],"boss_relics":[{"not_picked":["Black Star","Empty Cage"],"picked":"Sozu"},{"not_picked":["Tiny House","Eternal Feather"],"picked":"Inserter"}],"items_purged_floors":[22],"is_endless":false,"potions_floor_spawned":[1,5,13,14,19,21,29,33,35,47,48],"killed_by":"Time Eater","ascension_level":0}