{"gold_per_floor":[116,129,146,246,256,256,266,266,266,277,289,302,302,4,4,105,105,119,137,137,156,76,76,76],"floor_reached":24,"playtime":2633,"items_purged":["Regret"],"score":307,"play_id":"5e32e3da-e5db-4adc-b2f5-4d06db3586b1","local_time":"20190214165741","is_ascension_mode":true,"campfire_choices":[{"floor":6,"key":"REST"},{"floor":13,"key":"REST"},{"floor":15,"key":"REST"},{"floor":23,"key":"REST"}],"neow_cost":"NONE","seed_source_timestamp":23722682664800,"circlet_count":0,"master_deck":["AscendersBane","Strike_B","Strike_B","Strike_B","Strike_B","Defend_B","Defend_B","Defend_B","Defend_B","Zap","Dualcast","Coolheaded","Blizzard","Gash","Coolheaded","Cold Snap","Jack Of All Trades","Zap","Capacitor","Creative AI","Coolheaded","Loop","Force Field"],"relics":["Cursed Key","Mango","Regal Pillow","Busted Crown","GremlinMask"],"potions_floor_usage":[5,16,18,18],"damage_taken":[{"damage":0,"enemies":"Small Slimes","floor":1,"turns":3},{"damage":3,"enemies":"Cultist","floor":2,"turns":4},{"damage":5,"enemies":"Jaw Worm","floor":3,"turns":5},{"damage":22,"enemies":"Exordium Thugs","floor":5,"turns":7},{"damage":17,"enemies":"Large Slime","floor":7,"turns":7},{"damage":8,"enemies":"Exordium Wildlife","floor":10,"turns":4},{"damage":15,"enemies":"3 Louse","floor":11,"turns":4},{"damage":15,"enemies":"Looter","floor":12,"turns":4},{"damage":37,"enemies":"Slime Boss","floor":16,"turns":11},{"damage":22,"enemies":"2 Thieves","floor":18,"turns":5},{"damage":13,"enemies":"3 Byrds","floor":19,"turns":7},{"damage":23,"enemies":"Snecko","floor":21,"turns":8},{"damage":62,"enemies":"3 Cultists","floor":24,"turns":5}],"seed_played":"-3220414043077676346","potions_obtained":[{"floor":2,"key":"SkillPotion"},{"floor":10,"key":"Ancient Potion"},{"floor":12,"key":"Energy Potion"},{"floor":16,"key":"PowerPotion"},{"floor":18,"key":"FearPotion"}],"is_trial":false,"path_per_floor":["M","M","M","?","M","R","M","?","T","M","M","M","R","$","R","B",null,"M","M","?","M","$","R","M"],"character_chosen":"DEFECT","items_purchased":["Regal Pillow","Capacitor","Force Field"],"campfire_rested":4,"item_purchase_floors":[14,14,22],"current_hp_per_floor":[68,65,60,60,38,60,43,43,57,49,34,19,45,45,86,49,79,57,44,44,21,21,62,0],"gold":76,"neow_bonus":"BOSS_RELIC","is_prod":false,"is_daily":false,"chose_seed":false,"campfire_upgraded":0,"win_rate":0,"timestamp":1550181461,"path_taken":["M","M","M","?","M","R","?","?","T","M","M","M","R","?","R","BOSS","M","M","?","M","$","R","M"],"build_version":"2019-01-23","purchased_purges":1,"victory":false,"max_hp_per_floor":[75,75,75,75,75,75,75,75,89,89,89,89,89,89,89,89,89,89,89,89,89,89,89,89],"card_choices":[{"not_picked":["Conserve Battery","Steam"],"picked":"Coolheaded","floor":1},{"not_picked":["Rip and Tear","Ball Lightning"],"picked":"Blizzard","floor":2},{"not_picked":["Fusion","Beam Cell"],"picked":"Gash","floor":3},{"not_picked":["Go for the Eyes","Rebound"],"picked":"Coolheaded","floor":5},{"not_picked":["Tempest","Redo"],"picked":"Cold Snap","floor":7},{"not_picked":["Storm","Stack","Multi-Cast"],"picked":"SKIP","floor":10},{"not_picked":["Aggregate","Streamline","Ball Lightning"],"picked":"SKIP","floor":11},{"not_picked":["Rebound","Sweeping Beam","Heatsinks"],"picked":"SKIP","floor":12},{"not_picked":["Reboot","Amplify"],"picked":"Creative AI","floor":16},{"not_picked":[],"picked":"Coolheaded","floor":18},{"not_picked":[],"picked":"Loop","floor":19},{"not_picked":["Steam Power"],"picked":"SKIP","floor":21}],"player_experience":1197727,"relics_obtained":[{"floor":9,"key":"Mango"}],"event_choices":[{"damage_healed":0,"gold_gain":100,"player_choice":"Pray","damage_taken":0,"max_hp_gain":0,"max_hp_loss":0,"event_name":"Golden Shrine","floor":4,"gold_loss":0},{"damage_healed":0,"gold_gain":0,"player_choice":"2 cards matched","damage_taken":0,"max_hp_gain":0,"max_hp_loss":0,"event_name":"Match and Keep!","floor":8,"gold_loss":0,"cards_obtained":["Jack Of All Trades","Zap"]},{"damage_healed":0,"gold_gain":0,"player_choice":"Trade","damage_taken":0,"relics_obtained":["GremlinMask"],"max_hp_gain":0,"max_hp_loss":0,"event_name":"FaceTrader","floor":20,"gold_loss":0}],"is_beta":false,"boss_relics":[{"not_picked":["Philosopher\u0027s Stone","Astrolabe"],"picked":"Busted Crown"}],"items_purged_floors":[14],"is_endless":false,"potions_floor_spawned":[2,10,12,16,18],"killed_by":"3 Cultists","ascension_level":12}