{"path_per_floor":["M","?","M","$","M","R","E","M","T","M","?","T","R","M","R","B",null,"M","$","M","M","M","?","M","R","T","M","R","M","M","?","R"],"character_chosen":"IRONCLAD","items_purchased":["Bludgeon","Flex","Bronze Scales"],"gold_per_floor":[111,111,131,10,27,27,59,78,78,96,96,96,96,119,119,240,240,255,36,50,70,95,95,119,119,173,187,187,208,229,229,229],"floor_reached":33,"campfire_rested":2,"playtime":2002,"current_hp_per_floor":[88,88,87,87,88,88,70,72,72,71,71,71,71,72,72,39,88,81,81,69,37,22,22,25,58,58,25,58,41,40,40,40],"items_purged":["Injury"],"gold":229,"play_id":"fbf55fb1-d622-4a90-999e-f2f5ea93b030","is_prod":false,"is_daily":false,"is_ascension_mode":false,"campfire_upgraded":3,"path_taken":["M","?","M","$","M","R","E","M","T","M","?","?","R","M","R","BOSS","M","?","M","M","?","?","M","R","T","M","R","M","M","?","R","BOSS"],"build_version":"2018-02-01-PROD1","purchased_purges":1,"victory":false,"master_deck":["Defend_R","Defend_R","Defend_R","Defend_R","Bash","Headbutt","Pommel Strike","Bludgeon+1","Flex","Inflame","Cleave","Double Tap","Shockwave","Armaments+1","Juggernaut","Rampage","Heavy Blade","Flex","Intimidate","Barricade+1","Cleave","Intimidate","Rampage","Anger","Bite","Bite","Bite","Bite","Bite","Iron Wave+1","Heavy Blade+1","Heavy Blade","Infernal Blade","Flex"],"max_hp_per_floor":[88,88,88,88,88,88,88,88,88,88,88,88,88,88,88,88,88,88,88,88,88,88,61,61,61,61,61,61,61,61,61,61],"relics":["Burning Blood","Regal Pillow","Orichalcum","Peace Pipe","Golden Idol","Red Skull","Orrery","Bronze Scales","Juzu Bracelet"],"card_choices":[{"not_picked":["True Grit","Body Slam"],"picked":"Headbutt"},{"not_picked":["Infernal Blade","True Grit"],"picked":"Pommel Strike"},{"not_picked":["Flex","Hemokinesis"],"picked":"Inflame"},{"not_picked":["Clash","Disarm"],"picked":"Cleave"},{"not_picked":["Headbutt","Power Through"],"picked":"Double Tap"},{"not_picked":["Battle Trance","Reckless Charge"],"picked":"Shockwave"},{"not_picked":["Twin Strike","Shrug It Off"],"picked":"Armaments"},{"not_picked":["Impervious","Bludgeon"],"picked":"Juggernaut"},{"not_picked":["Headbutt","Armaments"],"picked":"Rampage"},{"not_picked":["Dropkick","Clothesline"],"picked":"Heavy Blade"},{"not_picked":["Clash","True Grit"],"picked":"Flex"},{"not_picked":["Warcry","Heavy Blade"],"picked":"Intimidate"},{"not_picked":["Thunderclap","Seeing Red"],"picked":"Barricade"},{"not_picked":["Thunderclap","Pummel"],"picked":"Cleave"},{"not_picked":["Rage","Clash"],"picked":"Intimidate"},{"not_picked":["Searing Blow","Hemokinesis"],"picked":"Rampage"},{"not_picked":["Seeing Red","Sever Soul"],"picked":"Anger"},{"not_picked":["Thunderclap","Intimidate"],"picked":"Iron Wave"},{"not_picked":["Burning Pact","Clothesline"],"picked":"Heavy Blade"},{"not_picked":["Clothesline","Shockwave"],"picked":"Heavy Blade"},{"not_picked":["Burning Pact","Berserk"],"picked":"Infernal Blade"}],"player_experience":7085,"potions_floor_usage":[30],"damage_taken":[{"damage":6,"enemies":"2 Louse","floor":1,"turns":4},{"damage":7,"enemies":"Cultist","floor":3,"turns":4},{"damage":5,"enemies":"Jaw Worm","floor":5,"turns":4},{"damage":24,"enemies":"3 Sentries","floor":7,"turns":6},{"damage":4,"enemies":"Looter","floor":8,"turns":2},{"damage":7,"enemies":"Gremlin Gang","floor":10,"turns":3},{"damage":5,"enemies":"Lots of Slimes","floor":14,"turns":2},{"damage":39,"enemies":"Slime Boss","floor":16,"turns":10},{"damage":13,"enemies":"Shell Parasite","floor":18,"turns":4},{"damage":18,"enemies":"2 Thieves","floor":20,"turns":4},{"damage":38,"enemies":"Sentry and Sphere","floor":21,"turns":6},{"damage":21,"enemies":"Centurion and Healer","floor":22,"turns":4},{"damage":5,"enemies":"Snecko","floor":24,"turns":4},{"damage":49,"enemies":"3 Cultists","floor":27,"turns":7},{"damage":25,"enemies":"Sentry and Sphere","floor":29,"turns":5},{"damage":9,"enemies":"Snake Plant","floor":30,"turns":3},{"damage":77,"enemies":"Automaton","floor":33,"turns":6}],"event_choices":[{"event_name":"Big Fish","player_choice":"Box","floor":2,"damage_taken":0},{"event_name":"Golden Idol","player_choice":"Take Wound","floor":11,"damage_taken":0},{"event_name":"Vampires","player_choice":"Became a vampire","floor":23,"damage_taken":0},{"event_name":"The Library","player_choice":"Read","floor":31,"damage_taken":0}],"boss_relics":[{"not_picked":["Question Card","Runic Pyramid"],"picked":"Orrery"}],"potions_floor_spawned":[5,8,10,14,18,21,24,27],"seed_played":"-1574390404100283497","killed_by":"Automaton","ascension_level":0,"is_trial":false}