{"gold_per_floor":[366,366,53,65,65,65,95,175,201,214,214,168,196,215,215,315,315,326,356,281,281,300,300,334,113,113,145,145,161,8,24,24,124,124,136,150,150,36,258,287,287,287],"floor_reached":42,"playtime":3099,"items_purged":[],"score":639,"play_id":"6b37c85b-5eca-4b57-946e-93d596a76b66","local_time":"20190216222305","is_ascension_mode":true,"campfire_choices":[{"floor":6,"key":"REST"},{"floor":11,"key":"REST"},{"data":"Defragment","floor":15,"key":"SMITH"},{"floor":23,"key":"REST"},{"floor":28,"key":"REST"},{"floor":32,"key":"REST"}],"neow_cost":"PERCENT_DAMAGE","seed_source_timestamp":188228531882600,"circlet_count":0,"master_deck":["Strike_B+1","Strike_B+1","Defend_B","Defend_B","Defend_B","Zap+1","Dualcast","Capacitor","Defragment+1","Compile Driver","Loop","Chaos","Cold Snap","Heatsinks","Skim","Hello World","Echo Form","White Noise","Coolheaded","Compile Driver","Capacitor","Tempest","Cold Snap","Master of Strategy","Turbo","Glacier","Chill","Capacitor+1","Amplify","Storm","BootSequence","Thunder Strike","Chill","Coolheaded+1","Thinking Ahead","Secret Technique","Loop","Capacitor"],"relics":["Cracked Core","Membership Card","Oddly Smooth Stone","Regal Pillow","Anchor","Bottled Flame","Whetstone","PreservedInsect","Nuclear Battery","Red Mask","Dream Catcher","ClockworkSouvenir","Dead Branch","Kunai","Bag of Marbles","Snecko Eye","Bronze Scales","Boot","Bottled Tornado"],"potions_floor_usage":[7,13,16,19,27,33,40,40],"damage_taken":[{"damage":1,"enemies":"Cultist","floor":1,"turns":3},{"damage":0,"enemies":"Small Slimes","floor":4,"turns":3},{"damage":28,"enemies":"3 Sentries","floor":7,"turns":7},{"damage":1,"enemies":"Jaw Worm","floor":10,"turns":4},{"damage":14,"enemies":"Lagavulin","floor":13,"turns":7},{"damage":7,"enemies":"Blue Slaver","floor":14,"turns":4},{"damage":22,"enemies":"The Guardian","floor":16,"turns":8},{"damage":11,"enemies":"Shell Parasite","floor":18,"turns":6},{"damage":38,"enemies":"Masked Bandits","floor":19,"turns":5},{"damage":4,"enemies":"Chosen","floor":22,"turns":4},{"damage":34,"enemies":"Book of Stabbing","floor":24,"turns":5},{"damage":22,"enemies":"Slavers","floor":27,"turns":5},{"damage":6,"enemies":"3 Cultists","floor":29,"turns":8},{"damage":0,"enemies":"Shelled Parasite and Fungi","floor":31,"turns":5},{"damage":20,"enemies":"Automaton","floor":33,"turns":9},{"damage":2,"enemies":"Orb Walker","floor":35,"turns":3},{"damage":10,"enemies":"3 Shapes","floor":36,"turns":5},{"damage":25,"enemies":"Reptomancer","floor":40,"turns":5},{"damage":34,"enemies":"Giant Head","floor":42,"turns":6}],"seed_played":"-3729539451285977938","potions_obtained":[{"floor":1,"key":"Dexterity Potion"},{"floor":10,"key":"Weak Potion"},{"floor":14,"key":"SteroidPotion"},{"floor":18,"key":"FocusPotion"},{"floor":24,"key":"Poison Potion"},{"floor":27,"key":"EssenceOfSteel"},{"floor":35,"key":"Block Potion"},{"floor":36,"key":"LiquidBronze"}],"is_trial":false,"path_per_floor":["M","?","$","M","?","R","E","T","T","M","R","$","E","M","R","B",null,"M","?","?","?","M","R","E","$","T","E","R","M","$","M","R","B",null,"M","M","?","$","?","E","T","E"],"character_chosen":"DEFECT","items_purchased":["Membership Card","Defragment","Oddly Smooth Stone","Cold Snap","Heatsinks","Master of Strategy","ClockworkSouvenir","Turbo","Amplify","Bag of Marbles","Loop","Bronze Scales"],"campfire_rested":5,"item_purchase_floors":[3,3,3,12,12,25,25,25,30,30,38,38],"current_hp_per_floor":[53,53,53,53,41,75,47,47,47,46,75,75,61,54,54,32,75,64,26,26,26,22,59,25,25,25,3,40,34,34,34,71,51,75,73,63,58,58,58,33,33,0],"gold":287,"neow_bonus":"TWO_FIFTY_GOLD","is_prod":false,"is_daily":false,"chose_seed":false,"campfire_upgraded":1,"win_rate":0,"timestamp":1550373785,"path_taken":["M","?","$","M","?","R","E","?","T","M","R","$","E","M","R","BOSS","M","?","?","?","M","R","E","$","T","E","R","M","$","?","R","BOSS","M","?","?","?","?","E","?","E"],"build_version":"2019-01-23","purchased_purges":0,"victory":false,"max_hp_per_floor":[75,75,75,75,75,75,75,75,75,75,75,75,75,75,75,75,75,75,75,75,75,75,75,75,75,75,75,75,75,75,75,75,75,75,75,75,75,75,75,75,75,75],"card_choices":[{"not_picked":["Auto Shields","Steam Power"],"picked":"Capacitor","floor":1},{"not_picked":["Force Field","Steam Power"],"picked":"Compile Driver","floor":4},{"not_picked":["Force Field","Scrape"],"picked":"Loop","floor":7},{"not_picked":["Rebound","Hologram"],"picked":"Chaos","floor":10},{"not_picked":["Streamline","Scrape"],"picked":"Skim","floor":13},{"not_picked":["Rip and Tear","Thunder Strike"],"picked":"Hello World","floor":14},{"not_picked":["Thunder Strike","Fission"],"picked":"Echo Form","floor":16},{"not_picked":["Barrage","Streamline"],"picked":"White Noise","floor":18},{"not_picked":["Hologram","Cold Snap"],"picked":"Coolheaded","floor":19},{"not_picked":["Stack","Rebound+1"],"picked":"Tempest","floor":22},{"not_picked":["Rip and Tear","Beam Cell"],"picked":"Cold Snap","floor":24},{"not_picked":["Sweeping Beam","Skim+1"],"picked":"Glacier","floor":27},{"not_picked":["Compile Driver","FTL+1"],"picked":"Chill","floor":28},{"not_picked":["Cold Snap","Conserve Battery"],"picked":"Capacitor+1","floor":29},{"not_picked":["Fission","Gash+1"],"picked":"Storm","floor":31},{"not_picked":["Stack","Go for the Eyes"],"picked":"BootSequence","floor":32},{"not_picked":["All For One","Hyperbeam"],"picked":"Thunder Strike","floor":33},{"not_picked":["Hologram+1","Turbo"],"picked":"Chill","floor":35},{"not_picked":["Barrage+1","Blizzard"],"picked":"Coolheaded+1","floor":36},{"not_picked":["Violence","Trip"],"picked":"Thinking Ahead","floor":37},{"not_picked":["Swift Strike","Chrysalis"],"picked":"Secret Technique","floor":37},{"not_picked":["FTL","Leap"],"picked":"Capacitor","floor":40}],"player_experience":507688,"relics_obtained":[{"floor":7,"key":"Anchor"},{"floor":8,"key":"Bottled Flame"},{"floor":9,"key":"Whetstone"},{"floor":13,"key":"PreservedInsect"},{"floor":19,"key":"Red Mask"},{"floor":24,"key":"Dream Catcher"},{"floor":26,"key":"Dead Branch"},{"floor":27,"key":"Kunai"},{"floor":40,"key":"Boot"},{"floor":41,"key":"Bottled Tornado"}],"event_choices":[{"damage_healed":0,"gold_gain":0,"player_choice":"Grow","damage_taken":0,"max_hp_gain":0,"max_hp_loss":0,"event_name":"Living Wall","floor":2,"gold_loss":0,"cards_upgraded":["Zap"]},{"damage_healed":0,"gold_gain":0,"player_choice":"Success","damage_taken":12,"relics_obtained":["Regal Pillow"],"max_hp_gain":0,"max_hp_loss":0,"event_name":"Scrap Ooze","floor":5,"gold_loss":0},{"damage_healed":0,"gold_gain":0,"player_choice":"Fought Bandits","damage_taken":0,"max_hp_gain":0,"max_hp_loss":0,"event_name":"Masked Bandits","floor":19,"gold_loss":0},{"cards_removed":["Strike_B"],"damage_healed":0,"gold_gain":0,"player_choice":"Gave Gold","damage_taken":0,"max_hp_gain":0,"max_hp_loss":0,"event_name":"Beggar","floor":20,"gold_loss":75},{"damage_healed":0,"gold_gain":0,"cards_transformed":["Strike_B","Defend_B"],"player_choice":"Became Test Subject","damage_taken":0,"max_hp_gain":0,"max_hp_loss":0,"event_name":"Drug Dealer","floor":21,"gold_loss":0,"cards_obtained":["Compile Driver","Capacitor"]},{"damage_healed":0,"gold_gain":0,"player_choice":"Memory 2","damage_taken":5,"max_hp_gain":0,"max_hp_loss":0,"event_name":"SensoryStone","floor":37,"gold_loss":0},{"damage_healed":0,"gold_gain":222,"player_choice":"Wore Mask","damage_taken":0,"max_hp_gain":0,"max_hp_loss":0,"event_name":"Tomb of Lord Red Mask","floor":39,"gold_loss":0}],"is_beta":false,"boss_relics":[{"not_picked":["Fusion Hammer","Eternal Feather"],"picked":"Nuclear Battery"},{"not_picked":["Lizard Tail","Cursed Key"],"picked":"Snecko Eye"}],"items_purged_floors":[],"is_endless":false,"potions_floor_spawned":[1,10,14,18,24,27,35,36],"killed_by":"Giant Head","ascension_level":4}