{"gold_per_floor":[116,116,18,33,108,108,52,52,52,62,89,89,117,128,128,228,228,242,260,260,280,74,74,174,174,174,12,12,12,28,41,41,145,145,162,178,178,178,128,128,139,139,139,150,250,250,265,283,283,283],"floor_reached":51,"playtime":815,"items_purged":["Strike_R","Pain"],"score":695,"play_id":"ee2bf35b-3b5e-4498-82d6-f743136ae51b","local_time":"20190302024408","is_ascension_mode":false,"campfire_choices":[{"data":"Flex","floor":6,"key":"SMITH"},{"data":"Heavy Blade","floor":8,"key":"SMITH"},{"data":"Heavy Blade","floor":12,"key":"SMITH"},{"data":"Demon Form","floor":15,"key":"SMITH"},{"data":"Flex","floor":23,"key":"SMITH"},{"data":"Double Tap","floor":25,"key":"SMITH"},{"data":"Heavy Blade","floor":29,"key":"SMITH"},{"data":"Infernal Blade","floor":32,"key":"SMITH"},{"data":"Limit Break","floor":40,"key":"SMITH"},{"data":"Demon Form","floor":49,"key":"SMITH"}],"neow_cost":"NONE","seed_source_timestamp":1085166822773,"circlet_count":0,"master_deck":["Strike_R","Strike_R","Strike_R","Defend_R","Defend_R","Defend_R","Bash","Whirlwind+1","Flex+1","Heavy Blade+1","Heavy Blade+1","Demon Form+1","Sword Boomerang","Double Tap+1","Infernal Blade+1","Flex+1","Heavy Blade+1","Battle Trance","Flex+1","Limit Break+1","Inflame+1","Whirlwind+1","Demon Form+1"],"relics":["Burning Blood","Potion Belt","Smiling Mask","Strawberry","Bag of Preparation","Vajra","Coffee Dripper","Oddly Smooth Stone","Magic Flower","The Courier","Art of War","Chemical X","WarpedTongs","Velvet Choker","Mercury Hourglass","Torii"],"potions_floor_usage":[14,24,24,44,50,50,50,50],"damage_taken":[{"damage":6,"enemies":"Jaw Worm","floor":1,"turns":5},{"damage":2,"enemies":"Small Slimes","floor":4,"turns":3},{"damage":0,"enemies":"2 Louse","floor":10,"turns":3},{"damage":14,"enemies":"Gremlin Nob","floor":13,"turns":3},{"damage":0,"enemies":"Red Slaver","floor":14,"turns":3},{"damage":49,"enemies":"The Guardian","floor":16,"turns":7},{"damage":0,"enemies":"Chosen","floor":18,"turns":1},{"damage":0,"enemies":"3 Byrds","floor":19,"turns":2},{"damage":0,"enemies":"3 Cultists","floor":21,"turns":2},{"damage":0,"enemies":"Colosseum Slavers","floor":24,"turns":1},{"damage":0,"enemies":"Colosseum Nobs","floor":24,"turns":2},{"damage":18,"enemies":"Snecko","floor":30,"turns":3},{"damage":21,"enemies":"Snake Plant","floor":31,"turns":2},{"damage":32,"enemies":"Collector","floor":33,"turns":6},{"damage":10,"enemies":"3 Shapes","floor":35,"turns":2},{"damage":5,"enemies":"3 Darklings","floor":36,"turns":1},{"damage":0,"enemies":"Sphere and 2 Shapes","floor":41,"turns":1},{"damage":24,"enemies":"Writhing Mass","floor":44,"turns":3},{"damage":0,"enemies":"Mind Bloom Boss Battle","floor":45,"turns":1},{"damage":31,"enemies":"Transient","floor":47,"turns":5},{"damage":1,"enemies":"Maw","floor":48,"turns":4},{"damage":28,"enemies":"Time Eater","floor":50,"turns":5}],"seed_played":"1315496233452955787","potions_obtained":[{"floor":13,"key":"Explosive Potion"},{"floor":16,"key":"Ancient Potion"},{"floor":19,"key":"AttackPotion"},{"floor":21,"key":"FearPotion"},{"floor":30,"key":"LiquidBronze"},{"floor":33,"key":"Block Potion"},{"floor":36,"key":"Poison Potion"},{"floor":41,"key":"SpeedPotion"},{"floor":48,"key":"FearPotion"}],"is_trial":false,"path_per_floor":["M","?","$","M","?","R","?","R","T","M","T","R","E","M","R","B",null,"M","M","?","M","$","R","?","R","T","$","?","R","M","M","R","B",null,"M","M","?","?","$","R","M","?","T","M","?","?","M","M","R","B",null],"character_chosen":"IRONCLAD","items_purchased":["Flex","Heavy Blade","Oddly Smooth Stone","Chemical X"],"campfire_rested":0,"item_purchase_floors":[3,3,22,27],"current_hp_per_floor":[80,80,80,80,69,69,69,69,76,82,82,82,74,80,80,37,87,87,87,87,87,87,87,87,87,87,87,87,87,78,66,66,43,87,86,87,87,87,87,87,87,87,87,72,81,81,59,67,67,48],"gold":283,"neow_bonus":"RANDOM_COMMON_RELIC","is_prod":false,"is_daily":false,"chose_seed":false,"campfire_upgraded":10,"win_rate":0,"timestamp":1551516248,"path_taken":["M","?","$","M","?","R","?","R","T","?","?","R","E","M","R","BOSS","M","M","?","M","$","R","?","R","T","$","?","R","M","?","R","BOSS","M","M","?","?","$","R","M","?","T","?","?","?","M","M","R","BOSS"],"build_version":"2019-01-23","purchased_purges":2,"victory":true,"max_hp_per_floor":[80,80,80,80,80,80,80,80,87,87,87,87,87,87,87,87,87,87,87,87,87,87,87,87,87,87,87,87,87,87,87,87,87,87,87,87,87,87,87,87,87,87,87,87,87,87,87,87,87,87],"card_choices":[{"not_picked":["True Grit","Cleave"],"picked":"Whirlwind","floor":1},{"not_picked":["Body Slam","Cleave","Clash"],"picked":"SKIP","floor":4},{"not_picked":["Clash","Cleave"],"picked":"Heavy Blade","floor":10},{"not_picked":["Ghostly Armor","Seeing Red"],"picked":"Demon Form","floor":13},{"not_picked":["Spot Weakness","Searing Blow"],"picked":"Sword Boomerang","floor":14},{"not_picked":["Immolate","Fiend Fire"],"picked":"Double Tap","floor":16},{"not_picked":["Iron Wave","Anger","Blood for Blood"],"picked":"SKIP","floor":18},{"not_picked":["Clothesline","True Grit"],"picked":"Infernal Blade","floor":19},{"not_picked":["Spot Weakness","Pommel Strike+1"],"picked":"Flex","floor":21},{"not_picked":["Anger","Power Through"],"picked":"Heavy Blade","floor":24},{"not_picked":["Iron Wave","Second Wind"],"picked":"Battle Trance","floor":30},{"not_picked":["Cleave+1","Corruption"],"picked":"Flex+1","floor":31},{"not_picked":["Brutality","Reaper"],"picked":"Limit Break","floor":33},{"not_picked":["Searing Blow+1","Anger","Sword Boomerang+1"],"picked":"SKIP","floor":35},{"not_picked":["Thunderclap","Iron Wave","True Grit+1"],"picked":"SKIP","floor":36},{"not_picked":["Shockwave","Thunderclap+1"],"picked":"Inflame+1","floor":41},{"not_picked":["Thunderclap","Twin Strike","Pommel Strike+1"],"picked":"SKIP","floor":44},{"not_picked":["Wild Strike+1","Fire Breathing"],"picked":"Demon Form","floor":47},{"not_picked":["Warcry","Wild Strike+1","Entrench+1"],"picked":"SKIP","floor":48}],"player_experience":966830,"relics_obtained":[{"floor":9,"key":"Strawberry"},{"floor":11,"key":"Bag of Preparation"},{"floor":13,"key":"Vajra"},{"floor":24,"key":"Magic Flower"},{"floor":24,"key":"The Courier"},{"floor":26,"key":"Art of War"},{"floor":43,"key":"Mercury Hourglass"},{"floor":45,"key":"Torii"}],"event_choices":[{"damage_healed":0,"gold_gain":0,"player_choice":"Grow","damage_taken":0,"max_hp_gain":0,"max_hp_loss":0,"event_name":"Living Wall","floor":2,"gold_loss":0,"cards_upgraded":["Whirlwind"]},{"damage_healed":0,"gold_gain":75,"player_choice":"Gather Gold","damage_taken":11,"max_hp_gain":0,"max_hp_loss":0,"event_name":"World of Goop","floor":5,"gold_loss":0},{"damage_healed":0,"gold_gain":0,"player_choice":"Paid Gold","damage_taken":0,"relics_obtained":["Smiling Mask"],"max_hp_gain":0,"max_hp_loss":0,"event_name":"WeMeetAgain","floor":7,"gold_loss":56},{"damage_healed":0,"gold_gain":0,"player_choice":"Ignored","damage_taken":0,"max_hp_gain":0,"max_hp_loss":0,"event_name":"Vampires","floor":20,"gold_loss":0},{"damage_healed":0,"gold_gain":0,"player_choice":"Fight","damage_taken":0,"max_hp_gain":0,"max_hp_loss":0,"event_name":"Colosseum","floor":24,"gold_loss":0},{"damage_healed":0,"gold_gain":0,"player_choice":"Fought Nobs","damage_taken":0,"max_hp_gain":0,"max_hp_loss":0,"event_name":"Colosseum","floor":24,"gold_loss":0},{"damage_healed":0,"gold_gain":0,"player_choice":"Rummage","damage_taken":0,"relics_obtained":["WarpedTongs"],"max_hp_gain":0,"max_hp_loss":0,"event_name":"Accursed Blacksmith","floor":28,"gold_loss":0,"cards_obtained":["Pain"]},{"cards_removed":["Defend_R"],"damage_healed":0,"gold_gain":0,"player_choice":"Removed Skill","damage_taken":0,"max_hp_gain":0,"max_hp_loss":0,"event_name":"Falling","floor":37,"gold_loss":0},{"damage_healed":0,"gold_gain":0,"player_choice":"Ignored","damage_taken":0,"max_hp_gain":0,"max_hp_loss":0,"event_name":"Tomb of Lord Red Mask","floor":38,"gold_loss":0},{"damage_healed":0,"gold_gain":0,"player_choice":"Copied","damage_taken":0,"max_hp_gain":0,"max_hp_loss":0,"event_name":"Duplicator","floor":42,"gold_loss":0,"cards_obtained":["Whirlwind"]},{"damage_healed":0,"gold_gain":0,"player_choice":"Fight","damage_taken":0,"max_hp_gain":0,"max_hp_loss":0,"event_name":"MindBloom","floor":45,"gold_loss":0},{"cards_removed":["Strike_R"],"damage_healed":0,"gold_gain":0,"player_choice":"Card Removal","damage_taken":0,"max_hp_gain":0,"max_hp_loss":0,"event_name":"Wheel of Change","floor":46,"gold_loss":0}],"is_beta":false,"boss_relics":[{"not_picked":["Astrolabe","Empty Cage"],"picked":"Coffee Dripper"},{"not_picked":["White Beast Statue","Fusion Hammer"],"picked":"Velvet Choker"}],"items_purged_floors":[22,39],"is_endless":false,"potions_floor_spawned":[13,16,19,21,30,33,36,41,48],"ascension_level":0}