{"gold_per_floor":[119,131,81,256,331,331,331,331,358,377,377,397,69,19,19,122,122,140,152,5,5,0,0,11,11],"floor_reached":25,"playtime":845,"items_purged":["Doubt"],"score":233,"play_id":"9b4a6fc3-6223-452c-8767-dabb265b0b2a","local_time":"20190210014023","is_ascension_mode":true,"campfire_choices":[{"data":"Rupture","floor":7,"key":"SMITH"},{"data":"Bash","floor":11,"key":"SMITH"},{"floor":15,"key":"REST"},{"floor":23,"key":"REST"}],"neow_cost":"NONE","seed_source_timestamp":787209270642362,"circlet_count":0,"master_deck":["Strike_R","Strike_R+1","Strike_R","Strike_R","Defend_R+1","Defend_R","Defend_R","Defend_R","Bash+1","Rupture+1","Headbutt","Heavy Blade","Demon Form","Flex","Iron Wave","Writhe","Pummel+1"],"relics":["Burning Blood","Regal Pillow","Boot","Shuriken","Black Star","Strawberry","Orichalcum"],"potions_floor_usage":[16,24,24,25],"damage_taken":[{"damage":0,"enemies":"2 Louse","floor":1,"turns":3},{"damage":0,"enemies":"Small Slimes","floor":2,"turns":3},{"damage":11,"enemies":"Jaw Worm","floor":10,"turns":5},{"damage":10,"enemies":"Looter","floor":12,"turns":4},{"damage":62,"enemies":"Hexaghost","floor":16,"turns":10},{"damage":38,"enemies":"Spheric Guardian","floor":18,"turns":5},{"damage":53,"enemies":"Shell Parasite","floor":19,"turns":5},{"damage":35,"enemies":"Snecko","floor":24,"turns":6},{"damage":33,"enemies":"Snake Plant","floor":25,"turns":2}],"seed_played":"-2939833526330967737","potions_obtained":[{"floor":10,"key":"Explosive Potion"},{"floor":12,"key":"Weak Potion"},{"floor":16,"key":"EssenceOfSteel"},{"floor":19,"key":"GamblersBrew"}],"is_trial":false,"path_per_floor":["M","M","?","?","?","?","R","?","T","M","R","M","$","$","R","B",null,"M","M","$","?","?","R","M","M"],"character_chosen":"IRONCLAD","items_purchased":["Shuriken","Heavy Blade","Strawberry"],"campfire_rested":2,"item_purchase_floors":[13,14,20],"current_hp_per_floor":[88,88,88,88,77,65,65,47,47,42,42,38,38,38,79,23,88,56,9,16,16,16,59,30,0],"gold":11,"neow_bonus":"TEN_PERCENT_HP_BONUS","is_prod":false,"is_daily":false,"chose_seed":false,"campfire_upgraded":2,"win_rate":0,"timestamp":1549780823,"path_taken":["M","M","?","?","?","?","R","?","T","M","R","M","?","$","R","BOSS","M","M","$","?","?","R","M","M"],"build_version":"2019-01-23","purchased_purges":1,"victory":false,"max_hp_per_floor":[88,88,88,88,88,88,88,88,88,88,88,88,88,88,88,88,88,88,88,95,95,95,95,95,95],"card_choices":[{"not_picked":["Shrug It Off","Iron Wave"],"picked":"Rupture","floor":1},{"not_picked":["Headbutt","Warcry","Thunderclap"],"picked":"SKIP","floor":2},{"not_picked":["Shockwave","Headbutt","Wild Strike"],"picked":"SKIP","floor":10},{"not_picked":["Fire Breathing","Clothesline"],"picked":"Headbutt","floor":12},{"not_picked":["Fiend Fire","Feed"],"picked":"Demon Form","floor":16},{"not_picked":["Clothesline","Pommel Strike+1"],"picked":"Flex","floor":18},{"not_picked":["Body Slam","Perfected Strike"],"picked":"Iron Wave","floor":19},{"not_picked":["Havoc","Shockwave"],"picked":"Pummel+1","floor":24}],"player_experience":1021829,"relics_obtained":[{"floor":9,"key":"Boot"}],"event_choices":[{"cards_removed":["Strike_R"],"damage_healed":0,"gold_gain":0,"player_choice":"Card Removal","damage_taken":0,"max_hp_gain":0,"max_hp_loss":0,"event_name":"The Cleric","floor":3,"gold_loss":50},{"damage_healed":0,"gold_gain":175,"player_choice":"AGREE","damage_taken":0,"max_hp_gain":0,"max_hp_loss":0,"event_name":"Liars Game","floor":4,"gold_loss":0,"cards_obtained":["Doubt"]},{"damage_healed":0,"gold_gain":75,"player_choice":"Gather Gold","damage_taken":11,"max_hp_gain":0,"max_hp_loss":0,"event_name":"World of Goop","floor":5,"gold_loss":0},{"damage_healed":0,"gold_gain":0,"player_choice":"Success","damage_taken":12,"relics_obtained":["Regal Pillow"],"max_hp_gain":0,"max_hp_loss":0,"event_name":"Scrap Ooze","floor":6,"gold_loss":0},{"damage_healed":0,"gold_gain":0,"player_choice":"Entered Light","damage_taken":18,"max_hp_gain":0,"max_hp_loss":0,"event_name":"Shining Light","floor":8,"gold_loss":0,"cards_upgraded":["Defend_R","Strike_R"]},{"damage_healed":0,"gold_gain":0,"player_choice":"Opened","damage_taken":0,"relics_obtained":["Orichalcum"],"max_hp_gain":0,"max_hp_loss":0,"event_name":"The Mausoleum","floor":21,"gold_loss":0,"cards_obtained":["Writhe"]},{"damage_healed":0,"gold_gain":0,"player_choice":"Paid Fearfully","damage_taken":0,"max_hp_gain":0,"max_hp_loss":0,"event_name":"Masked Bandits","floor":22,"gold_loss":5}],"is_beta":false,"boss_relics":[{"not_picked":["Snecko Eye","Ectoplasm"],"picked":"Black Star"}],"items_purged_floors":[13],"is_endless":false,"potions_floor_spawned":[10,12,16,19],"killed_by":"Snake Plant","ascension_level":2}