{"gold_per_floor":[118,118,137,62,77,77,106,106,177,177,191,208,208,238,238,309,309,326,346,446,371,391,391,404,404,404,404,404,415,427,440,440,440],"floor_reached":33,"playtime":2213,"items_purged":[],"score":556,"play_id":"622586bc-b929-45b6-89f4-0d3a7f06bbe8","local_time":"20181110235806","is_ascension_mode":true,"campfire_choices":[{"data":"Bash","floor":6,"key":"SMITH"},{"data":"Thunderclap","floor":8,"key":"SMITH"},{"data":"Headbutt","floor":10,"key":"SMITH"},{"data":"Whirlwind","floor":13,"key":"SMITH"},{"data":"Inflame","floor":15,"key":"SMITH"},{"data":"Ghostly Armor","floor":23,"key":"SMITH"},{"data":"Impervious","floor":25,"key":"SMITH"},{"data":"Defend_R","floor":27,"key":"SMITH"},{"data":"Flex","floor":32,"key":"SMITH"}],"neow_cost":"PERCENT_DAMAGE","seed_source_timestamp":1314668170845165,"circlet_count":0,"master_deck":["AscendersBane","Strike_R+1","Strike_R+1","Defend_R+1","Defend_R","Defend_R+1","Defend_R+1","Bash+1","Headbutt+1","Thunderclap+1","Inflame+1","Whirlwind+1","Impervious+1","Ghostly Armor+1","Flex","Flex+1"],"relics":["Burning Blood","Happy Flower","Meat on the Bone","Whetstone","Philosopher\u0027s Stone","Unceasing Top","Matryoshka","War Paint","Oddly Smooth Stone","The Courier"],"potions_floor_usage":[7,7,20,20,24],"damage_taken":[{"damage":1,"enemies":"Cultist","floor":1,"turns":3},{"damage":2,"enemies":"Jaw Worm","floor":3,"turns":3},{"damage":3,"enemies":"2 Louse","floor":5,"turns":3},{"damage":25,"enemies":"Lagavulin","floor":7,"turns":7},{"damage":22,"enemies":"Exordium Thugs","floor":11,"turns":4},{"damage":6,"enemies":"Lots of Slimes","floor":12,"turns":2},{"damage":30,"enemies":"3 Sentries","floor":14,"turns":5},{"damage":0,"enemies":"Slime Boss","floor":16,"turns":6},{"damage":26,"enemies":"2 Thieves","floor":18,"turns":3},{"damage":0,"enemies":"3 Byrds","floor":19,"turns":2},{"damage":5,"enemies":"Colosseum Slavers","floor":20,"turns":4},{"damage":35,"enemies":"Colosseum Nobs","floor":20,"turns":4},{"damage":21,"enemies":"3 Cultists","floor":22,"turns":4},{"damage":15,"enemies":"Snake Plant","floor":24,"turns":5},{"damage":1,"enemies":"Snecko","floor":29,"turns":3},{"damage":19,"enemies":"Centurion and Healer","floor":30,"turns":3},{"damage":4,"enemies":"Snake Plant","floor":31,"turns":3},{"damage":61,"enemies":"Automaton","floor":33,"turns":8}],"seed_played":"-6150074122063339280","potions_obtained":[{"floor":1,"key":"SteroidPotion"},{"floor":3,"key":"Weak Potion"},{"floor":14,"key":"SpeedPotion"},{"floor":16,"key":"Weak Potion"},{"floor":19,"key":"PowerPotion"},{"floor":20,"key":"SmokeBomb"},{"floor":22,"key":"Block Potion"},{"floor":24,"key":"Poison Potion"}],"is_trial":false,"path_per_floor":["M","?","M","?","M","R","E","R","T","R","M","M","R","E","R","B",null,"M","M","?","?","M","R","M","R","T","R","?","M","M","M","R","B"],"character_chosen":"IRONCLAD","items_purchased":[],"campfire_rested":0,"item_purchase_floors":[],"current_hp_per_floor":[69,69,73,73,76,76,57,57,57,57,53,53,53,41,41,59,82,62,68,52,52,49,49,52,52,52,52,52,57,56,58,58,0],"gold":440,"neow_bonus":"TWENTY_PERCENT_HP_BONUS","is_prod":false,"is_daily":false,"chose_seed":false,"campfire_upgraded":9,"win_rate":0,"timestamp":1541861886,"path_taken":["M","?","?","?","M","R","E","R","T","R","M","M","R","E","R","BOSS","M","M","?","?","M","R","M","R","T","R","?","M","?","M","R","BOSS"],"build_version":"2018-11-08","purchased_purges":0,"victory":false,"max_hp_per_floor":[89,89,89,89,89,89,89,89,89,89,89,89,89,89,89,89,89,89,89,89,89,89,89,89,89,89,89,89,89,89,89,89,89],"card_choices":[{"not_picked":["Dropkick","Warcry"],"picked":"Headbutt","floor":1},{"not_picked":["Reckless Charge","Wild Strike"],"picked":"Thunderclap","floor":3},{"not_picked":["Power Through","Sever Soul"],"picked":"Inflame","floor":5},{"not_picked":["Infernal Blade","Battle Trance","Clothesline"],"picked":"SKIP","floor":7},{"not_picked":["Thunderclap","Anger"],"picked":"Whirlwind","floor":11},{"not_picked":["Clothesline","Sword Boomerang","Wild Strike"],"picked":"SKIP","floor":12},{"not_picked":["Thunderclap","Fire Breathing","Bloodletting"],"picked":"SKIP","floor":14},{"not_picked":["Immolate","Berserk"],"picked":"Impervious","floor":16},{"not_picked":["Corruption","Cleave","Twin Strike"],"picked":"SKIP","floor":18},{"not_picked":["Bloodletting","True Grit","Body Slam+1"],"picked":"SKIP","floor":19},{"not_picked":["True Grit","Clash"],"picked":"Ghostly Armor","floor":22},{"not_picked":["Armaments","Pummel","Flame Barrier"],"picked":"SKIP","floor":24},{"not_picked":["Shockwave","Rampage"],"picked":"Flex","floor":29},{"not_picked":["Bludgeon","Sever Soul","Shrug It Off"],"picked":"SKIP","floor":30},{"not_picked":["Anger","Cleave"],"picked":"Flex","floor":31}],"player_experience":838811,"relics_obtained":[{"floor":7,"key":"Happy Flower"},{"floor":9,"key":"Meat on the Bone"},{"floor":14,"key":"Whetstone"},{"floor":20,"key":"Unceasing Top"},{"floor":20,"key":"Matryoshka"},{"floor":26,"key":"War Paint"},{"floor":26,"key":"Oddly Smooth Stone"}],"event_choices":[{"cards_removed":["Strike_R"],"damage_healed":0,"gold_gain":0,"player_choice":"Purged","damage_taken":0,"max_hp_gain":0,"max_hp_loss":0,"event_name":"Purifier","floor":2,"gold_loss":0},{"cards_removed":["Strike_R"],"damage_healed":0,"gold_gain":0,"player_choice":"Card Removal","damage_taken":0,"max_hp_gain":0,"max_hp_loss":0,"event_name":"The Cleric","floor":4,"gold_loss":75},{"damage_healed":0,"gold_gain":0,"player_choice":"Fight","damage_taken":0,"max_hp_gain":0,"max_hp_loss":0,"event_name":"Colosseum","floor":20,"gold_loss":0},{"damage_healed":0,"gold_gain":0,"player_choice":"Fought Nobs","damage_taken":0,"max_hp_gain":0,"max_hp_loss":0,"event_name":"Colosseum","floor":20,"gold_loss":0},{"cards_removed":["Strike_R"],"damage_healed":0,"gold_gain":0,"player_choice":"Gave Gold","damage_taken":0,"max_hp_gain":0,"max_hp_loss":0,"event_name":"Beggar","floor":21,"gold_loss":75},{"damage_healed":0,"gold_gain":0,"player_choice":"Gave Potion","damage_taken":0,"relics_obtained":["The Courier"],"max_hp_gain":0,"max_hp_loss":0,"event_name":"WeMeetAgain","floor":28,"gold_loss":0}],"is_beta":false,"boss_relics":[{"not_picked":["Astrolabe","Black Blood"],"picked":"Philosopher\u0027s Stone"}],"items_purged_floors":[],"is_endless":false,"potions_floor_spawned":[1,3,14,16,19,20,22,24],"killed_by":"Automaton","ascension_level":16}