{"gold_per_floor":[118,118,118,38,51,84,84,128,155,186,23,41,64,239,239,368,368,388,388,47,66,66,66,66,66,93,118,132,132,167,192,192,322,322,342,342,120,453,55,55,55,55,55,69,69,83,83,113,113,113],"floor_reached":51,"playtime":2082,"items_purged":["Strike_R","Strike_R+1","Strike_R+1"],"score":1001,"play_id":"30bc691c-fe88-4942-99b9-b9755662354f","local_time":"20181103232222","is_ascension_mode":true,"campfire_choices":[{"data":"Entrench","floor":7.0,"key":"SMITH"},{"floor":15.0,"key":"REST"},{"data":"True Grit","floor":23.0,"key":"SMITH"},{"data":"Body Slam","floor":25.0,"key":"SMITH"},{"data":"Metallicize","floor":29.0,"key":"SMITH"},{"data":"Entrench","floor":32,"key":"SMITH"},{"floor":45,"key":"DIG"},{"floor":47,"key":"DIG"},{"floor":49,"key":"DIG"}],"neow_cost":"NONE","seed_source_timestamp":8654905188325,"circlet_count":0,"master_deck":["Strike_R+1","Defend_R+1","Defend_R+1","Defend_R+1","Defend_R+1","Bash+1","Shrug It Off+1","Entrench+1","Entrench+1","Juggernaut+1","Finesse+1","Body Slam+1","Armaments+1","Metallicize+1","Impervious+1","Battle Trance+1","Body Slam+1","Shrug It Off+1","True Grit+1","Metallicize+1","Armaments+1","Dual Wield+1","Shrug It Off+1","Ghostly Armor+1","Shrug It Off+1","Metallicize+1","Good Instincts+1","Body Slam+1"],"special_seed":0,"relics":["Burning Blood","NeowsBlessing","Dream Catcher","Calipers","Happy Flower","War Paint","Empty Cage","Unceasing Top","Mercury Hourglass","Whetstone","Matryoshka","Busted Crown","Lantern","Mark of the Bloom","Strawberry","PreservedInsect","Smiling Mask","Shovel","Juzu Bracelet","Red Skull","Sundial","Centennial Puzzle"],"potions_floor_usage":[44],"damage_taken":[{"damage":0.0,"enemies":"Jaw Worm","floor":1.0,"turns":1.0},{"damage":0.0,"enemies":"Small Slimes","floor":5.0,"turns":1.0},{"damage":0.0,"enemies":"Lagavulin","floor":6.0,"turns":1.0},{"damage":35.0,"enemies":"3 Sentries","floor":8.0,"turns":12.0},{"damage":26.0,"enemies":"Gremlin Nob","floor":10.0,"turns":4.0},{"damage":0.0,"enemies":"2 Louse","floor":12.0,"turns":4.0},{"damage":10.0,"enemies":"Looter","floor":13.0,"turns":3.0},{"damage":22.0,"enemies":"Slime Boss","floor":16.0,"turns":12.0},{"damage":12.0,"enemies":"2 Thieves","floor":18.0,"turns":5.0},{"damage":0.0,"enemies":"Spheric Guardian","floor":21.0,"turns":3.0},{"damage":3.0,"enemies":"Snake Plant","floor":27.0,"turns":4.0},{"damage":2.0,"enemies":"Centurion and Healer","floor":28.0,"turns":4.0},{"damage":6.0,"enemies":"Book of Stabbing","floor":30.0,"turns":6.0},{"damage":0.0,"enemies":"Snecko","floor":31.0,"turns":5.0},{"damage":0,"enemies":"Champ","floor":33,"turns":6},{"damage":0,"enemies":"3 Darklings","floor":35,"turns":5},{"damage":0,"enemies":"Orb Walker","floor":44,"turns":1},{"damage":0,"enemies":"Transient","floor":46,"turns":5},{"damage":0,"enemies":"Giant Head","floor":48,"turns":4},{"damage":0,"enemies":"Donu and Deca","floor":50,"turns":8}],"seed_played":"-7523468175049651544","potions_obtained":[{"floor":1.0,"key":"Ancient Potion"},{"floor":5.0,"key":"Fruit Juice"},{"floor":6.0,"key":"BloodPotion"},{"floor":12.0,"key":"SteroidPotion"},{"floor":27.0,"key":"BloodPotion"},{"floor":28.0,"key":"Fire Potion"},{"floor":33,"key":"Fruit Juice"},{"floor":48,"key":"SkillPotion"}],"is_trial":false,"path_per_floor":["M","?","?","$","M","E","R","E","T","E","$","M","M","?","R","B",null,"M","?","$","M","?","R","$","R","T","M","M","R","E","M","R","B",null,"M","?","$","?","$","?","T","?","T","M","R","M","R","E","R","B",null],"character_chosen":"IRONCLAD","items_purchased":["Entrench","Finesse","Body Slam","Shrug It Off","Mercury Hourglass","Ghostly Armor","Shrug It Off","Metallicize","Lantern","Good Instincts"],"campfire_rested":1,"item_purchase_floors":[4,11,20,20,20,37,37,39,39,39],"current_hp_per_floor":[80,64,44,44,50,56,56,32,32,12,12,18,14,14,39,23,85,79,79,79,85,85,85,85,85,85,85,85,85,85,85,85,85,85,85,85,85,85,85,85,85,85,85,85,85,85,85,85,85,85],"gold":113,"neow_bonus":"THREE_ENEMY_KILL","is_prod":false,"is_daily":false,"chose_seed":false,"campfire_upgraded":5,"win_rate":0,"timestamp":1541301742,"path_taken":["M","?","?","$","M","E","R","E","T","E","$","M","M","?","R","BOSS","M","?","$","M","?","R","$","R","T","M","M","R","E","M","R","BOSS","M","?","$","?","$","?","?","?","T","?","R","M","R","E","R","BOSS"],"build_version":"2018-11-01","purchased_purges":3,"victory":true,"max_hp_per_floor":[80,80,80,80,80,80,80,85,85,85,85,85,85,85,85,85,85,85,85,85,85,85,85,85,85,85,85,85,85,85,85,85,85,85,85,85,85,85,85,85,92,92,92,97,97,97,97,97,97,97],"card_choices":[{"not_picked":["Battle Trance","Havoc"],"picked":"Shrug It Off","floor":1.0},{"not_picked":["Sword Boomerang","Battle Trance"],"picked":"Body Slam","floor":5.0},{"not_picked":["Perfected Strike","Heavy Blade"],"picked":"Entrench","floor":6.0},{"not_picked":["Perfected Strike","Feel No Pain","Corruption"],"picked":"SKIP","floor":8.0},{"not_picked":["Pommel Strike","True Grit"],"picked":"Juggernaut","floor":10.0},{"not_picked":["Power Through","Twin Strike"],"picked":"Body Slam","floor":12.0},{"not_picked":["Fire Breathing","Thunderclap"],"picked":"Armaments","floor":13.0},{"not_picked":["Thunderclap","Rage"],"picked":"Metallicize","floor":15.0},{"not_picked":["Bludgeon","Limit Break"],"picked":"Impervious","floor":16.0},{"not_picked":["Cleave","Blood for Blood"],"picked":"Battle Trance","floor":18.0},{"not_picked":["Sever Soul","Clash+1"],"picked":"True Grit","floor":21.0},{"not_picked":["Iron Wave","Evolve+1"],"picked":"Metallicize","floor":27.0},{"not_picked":["Intimidate","Twin Strike","Seeing Red"],"picked":"SKIP","floor":28.0},{"not_picked":["Twin Strike","Clash+1"],"picked":"Armaments","floor":30.0},{"not_picked":["Havoc+1","Heavy Blade"],"picked":"Dual Wield","floor":31.0},{"not_picked":[],"picked":"Shrug It Off","floor":35},{"not_picked":["Flex"],"picked":"SKIP","floor":44},{"not_picked":["Thunderclap"],"picked":"SKIP","floor":46},{"not_picked":["Twin Strike"],"picked":"SKIP","floor":48}],"player_experience":732217,"relics_obtained":[{"floor":6.0,"key":"Dream Catcher"},{"floor":8.0,"key":"Calipers"},{"floor":9.0,"key":"Happy Flower"},{"floor":10.0,"key":"War Paint"},{"floor":26.0,"key":"Whetstone"},{"floor":30.0,"key":"Matryoshka"},{"floor":41,"key":"Strawberry"},{"floor":41,"key":"PreservedInsect"},{"floor":43,"key":"Smiling Mask"},{"floor":43,"key":"Shovel"},{"floor":45,"key":"Juzu Bracelet"},{"floor":47,"key":"Red Skull"},{"floor":48,"key":"Sundial"},{"floor":49,"key":"Centennial Puzzle"}],"event_choices":[{"damage_healed":0.0,"max_hp_gain":0.0,"max_hp_loss":0.0,"gold_gain":0.0,"event_name":"Shining Light","player_choice":"Entered Light","floor":2.0,"gold_loss":0.0,"damage_taken":16.0,"cards_upgraded":["Strike_R","Strike_R"]},{"damage_healed":0.0,"max_hp_gain":0.0,"max_hp_loss":0.0,"gold_gain":0.0,"event_name":"Golden Idol","player_choice":"Take Damage","floor":3.0,"gold_loss":0.0,"damage_taken":20.0,"relics_obtained":["Golden Idol"]},{"damage_healed":0.0,"max_hp_gain":0.0,"max_hp_loss":0.0,"gold_gain":175.0,"event_name":"Liars Game","player_choice":"AGREE","floor":14.0,"gold_loss":0.0,"damage_taken":0.0,"cards_obtained":["Doubt"]},{"damage_healed":0.0,"max_hp_gain":0.0,"max_hp_loss":0.0,"gold_gain":0.0,"event_name":"The Mausoleum","player_choice":"Opened","floor":19.0,"gold_loss":0.0,"damage_taken":0.0,"relics_obtained":["Unceasing Top"]},{"damage_healed":0.0,"max_hp_gain":0.0,"max_hp_loss":0.0,"gold_gain":0.0,"event_name":"Vampires","player_choice":"Ignored","floor":22.0,"gold_loss":0.0,"damage_taken":0.0},{"cards_removed":["Body Slam"],"damage_healed":0,"gold_gain":0,"player_choice":"Removed Attack","damage_taken":0,"max_hp_gain":0,"max_hp_loss":0,"event_name":"Falling","floor":36,"gold_loss":0},{"damage_healed":0,"gold_gain":333,"player_choice":"Gave Idol","damage_taken":0,"max_hp_gain":0,"max_hp_loss":0,"event_name":"The Moai Head","floor":38,"relics_lost":["Golden Idol"],"gold_loss":0},{"damage_healed":0,"gold_gain":0,"player_choice":"Upgrade","damage_taken":0,"relics_obtained":["Mark of the Bloom"],"max_hp_gain":0,"max_hp_loss":0,"event_name":"MindBloom","floor":40,"gold_loss":0,"cards_upgraded":["Defend_R","Defend_R","Defend_R","Bash","Juggernaut","Finesse","Armaments","Impervious","Battle Trance","Shrug It Off","Metallicize","Armaments","Dual Wield","Shrug It Off","Ghostly Armor","Shrug It Off","Metallicize","Good Instincts"]},{"damage_healed":0,"gold_gain":0,"player_choice":"Copied","damage_taken":0,"max_hp_gain":0,"max_hp_loss":0,"event_name":"Duplicator","floor":42,"gold_loss":0,"cards_obtained":["Body Slam"]}],"is_beta":false,"boss_relics":[{"not_picked":["Lizard Tail","Mark of Pain"],"picked":"Empty Cage"},{"not_picked":["Orrery","Calling Bell"],"picked":"Busted Crown"}],"items_purged_floors":[11,37,39],"is_endless":false,"potions_floor_spawned":[1,5,6,12,27,28,31,33,44,48],"ascension_level":1}