{"gold_per_floor":[369,385,399,412,201,233,39,39,63,94,105,25,39,39,39,168,168,191,216,235,274,274,274,310,322,334,37,57,71,94,109,109,109],"floor_reached":33,"playtime":2928,"items_purged":["True Grit","Injury"],"score":345,"play_id":"8357d1c8-ac52-4a27-8ddb-d4f791da8173","local_time":"20190130215846","is_ascension_mode":true,"campfire_choices":[{"data":"Feed","floor":8,"key":"SMITH"},{"floor":15,"key":"REST"},{"floor":23,"key":"REST"},{"floor":25,"key":"REST"},{"data":"Double Tap","floor":32,"key":"SMITH"}],"neow_cost":"PERCENT_DAMAGE","seed_source_timestamp":900111076816600,"circlet_count":0,"master_deck":["Strike_R","Strike_R","Strike_R","Strike_R","Strike_R","Defend_R","Defend_R","Defend_R","Defend_R","Bash","Pommel Strike","Thunderclap","Spot Weakness","Reaper","Double Tap+1","Feed+1","Evolve","Metallicize","Pummel","Feel No Pain","Reaper","Shrug It Off","Clothesline","Burning Pact","Whirlwind","Immolate","Dual Wield","Iron Wave","True Grit+1"],"relics":["Burning Blood","Bag of Marbles","Smiling Mask","Bronze Scales","Golden Idol","Mark of Pain","Red Mask","MawBank","Dodecahedron","Bottled Tornado"],"potions_floor_usage":[13,16,16,21,28],"damage_taken":[{"damage":1,"enemies":"Cultist","floor":1,"turns":3},{"damage":1,"enemies":"Jaw Worm","floor":2,"turns":3},{"damage":5,"enemies":"Small Slimes","floor":3,"turns":4},{"damage":9,"enemies":"Blue Slaver","floor":4,"turns":4},{"damage":35,"enemies":"3 Sentries","floor":6,"turns":8},{"damage":32,"enemies":"Gremlin Nob","floor":10,"turns":4},{"damage":8,"enemies":"2 Fungi Beasts","floor":11,"turns":3},{"damage":7,"enemies":"Exordium Thugs","floor":13,"turns":2},{"damage":60,"enemies":"Slime Boss","floor":16,"turns":11},{"damage":0,"enemies":"3 Byrds","floor":18,"turns":4},{"damage":36,"enemies":"Spheric Guardian","floor":19,"turns":7},{"damage":25,"enemies":"Snake Plant","floor":20,"turns":4},{"damage":14,"enemies":"Masked Bandits","floor":21,"turns":3},{"damage":62,"enemies":"Colosseum Slavers","floor":22,"turns":6},{"damage":83,"enemies":"Gremlin Leader","floor":24,"turns":7},{"damage":7,"enemies":"Centurion and Healer","floor":28,"turns":9},{"damage":9,"enemies":"Snecko","floor":29,"turns":5},{"damage":17,"enemies":"Snake Plant","floor":30,"turns":3},{"damage":12,"enemies":"Shelled Parasite and Fungi","floor":31,"turns":7},{"damage":98,"enemies":"Collector","floor":33,"turns":7}],"seed_played":"-8267961497854533122","potions_obtained":[{"floor":4,"key":"GamblersBrew"},{"floor":6,"key":"SteroidPotion"},{"floor":10,"key":"AttackPotion"},{"floor":20,"key":"Regen Potion"},{"floor":21,"key":"SpeedPotion"},{"floor":24,"key":"AttackPotion"},{"floor":31,"key":"Dexterity Potion"}],"is_trial":false,"path_per_floor":["M","M","M","M","$","E","$","R","T","E","M","$","M","?","R","B",null,"M","M","M","?","?","R","E","R","T","$","M","M","M","M","R","B"],"character_chosen":"IRONCLAD","items_purchased":["Reaper","Feed","Evolve","Pummel","Bottled Tornado"],"campfire_rested":3,"item_purchase_floors":[5,7,7,12,27],"current_hp_per_floor":[61,66,67,64,64,47,47,47,47,25,27,27,26,26,52,18,92,96,72,56,79,43,74,26,57,57,57,80,83,72,87,87,0],"gold":109,"neow_bonus":"TWO_FIFTY_GOLD","is_prod":false,"is_daily":false,"chose_seed":false,"campfire_upgraded":2,"win_rate":0,"timestamp":1548885526,"path_taken":["M","M","M","M","$","E","$","R","T","E","M","$","?","?","R","BOSS","M","M","M","?","?","R","E","R","T","$","M","M","M","M","R","BOSS"],"build_version":"2019-01-23","purchased_purges":2,"victory":false,"max_hp_per_floor":[80,80,80,80,80,80,80,80,80,84,88,88,88,88,88,92,92,96,100,100,104,104,104,104,104,104,104,108,108,108,112,112,112],"card_choices":[{"not_picked":["Wild Strike","Twin Strike"],"picked":"Pommel Strike","floor":1},{"not_picked":["Rupture","Armaments"],"picked":"True Grit","floor":2},{"not_picked":["Wild Strike","Fire Breathing"],"picked":"Thunderclap","floor":3},{"not_picked":["Searing Blow","Whirlwind"],"picked":"Spot Weakness","floor":4},{"not_picked":["Clash","Anger"],"picked":"Double Tap","floor":6},{"not_picked":["Shrug It Off","Perfected Strike"],"picked":"Metallicize","floor":10},{"not_picked":["Warcry","Fire Breathing","Anger"],"picked":"SKIP","floor":11},{"not_picked":["Armaments","Flex"],"picked":"Feel No Pain","floor":13},{"not_picked":["Fiend Fire","Dark Embrace"],"picked":"Reaper","floor":16},{"not_picked":["Ghostly Armor","Pummel+1"],"picked":"Shrug It Off","floor":18},{"not_picked":["Armaments+1","Second Wind"],"picked":"Clothesline","floor":19},{"not_picked":["Havoc","Body Slam"],"picked":"Burning Pact","floor":20},{"not_picked":["Clash","Warcry+1"],"picked":"Whirlwind","floor":21},{"not_picked":["Pommel Strike+1","Cleave+1"],"picked":"Immolate","floor":24},{"not_picked":["Body Slam+1","Warcry"],"picked":"Dual Wield","floor":28},{"not_picked":["Perfected Strike","Thunderclap","Twin Strike+1"],"picked":"SKIP","floor":29},{"not_picked":["Perfected Strike","Shrug It Off"],"picked":"Iron Wave","floor":30},{"not_picked":["Body Slam","Sentinel+1"],"picked":"True Grit+1","floor":31}],"player_experience":393602,"relics_obtained":[{"floor":6,"key":"Bag of Marbles"},{"floor":9,"key":"Smiling Mask"},{"floor":10,"key":"Bronze Scales"},{"floor":21,"key":"Red Mask"},{"floor":24,"key":"MawBank"},{"floor":26,"key":"Dodecahedron"}],"event_choices":[{"damage_healed":0,"gold_gain":0,"player_choice":"Take Wound","damage_taken":0,"relics_obtained":["Golden Idol"],"max_hp_gain":0,"max_hp_loss":0,"event_name":"Golden Idol","floor":14,"gold_loss":0,"cards_obtained":["Injury"]},{"damage_healed":0,"gold_gain":0,"player_choice":"Fought Bandits","damage_taken":0,"max_hp_gain":0,"max_hp_loss":0,"event_name":"Masked Bandits","floor":21,"gold_loss":0},{"damage_healed":0,"gold_gain":0,"player_choice":"Fight","damage_taken":0,"max_hp_gain":0,"max_hp_loss":0,"event_name":"Colosseum","floor":22,"gold_loss":0},{"damage_healed":0,"gold_gain":0,"player_choice":"Fled From Nobs","damage_taken":0,"max_hp_gain":0,"max_hp_loss":0,"event_name":"Colosseum","floor":22,"gold_loss":0}],"is_beta":false,"boss_relics":[{"not_picked":["Sozu","Astrolabe"],"picked":"Mark of Pain"}],"items_purged_floors":[5,27],"is_endless":false,"potions_floor_spawned":[4,6,10,20,21,24,31],"killed_by":"Collector","ascension_level":1}