{"gold_per_floor":[112,287,287,301,271,299,314,347,347,363,363,376,60,126,126,230,230,240,250,250,283,283,308,318,318,375,94,94,104,119,34,34,134,134,147,160,179,198,218,218,244,184,239,239],"floor_reached":44,"playtime":2464,"items_purged":["Parasite"],"score":638,"play_id":"ab8421fe-6654-48e4-8912-93dc61cebb24","local_time":"20190223200118","is_ascension_mode":true,"campfire_choices":[{"floor":11,"key":"REST"},{"floor":15,"key":"REST"},{"data":"Buffer","floor":25,"key":"SMITH"},{"data":"Electrodynamics","floor":28,"key":"SMITH"},{"floor":32,"key":"REST"},{"floor":40,"key":"REST"}],"neow_cost":"CURSE","seed_source_timestamp":785171819613900,"circlet_count":0,"master_deck":["Defend_B+1","Defend_B+1","Zap","Dualcast","Core Surge","Chill","Melter","Barrage","Consume+1","Coolheaded+1","Steam+1","Electrodynamics+1","Tempest+1","Coolheaded+1","Buffer+1","Go for the Eyes+1","Bite","Bite","Bite","Bite","Bite","Lockon","Genetic Algorithm+1","Loop+1","Metamorphosis+1","Undo+1","Storm","Rainbow+1","Capacitor+1","Capacitor+1","Ball Lightning+1","Heatsinks+1","Double Energy+1","Turbo+1","Rainbow+1","Darkness+1"],"relics":["Cracked Core","Regal Pillow","Toxic Egg 2","Ornamental Fan","Nuclear Battery","Red Mask","Happy Flower","Tiny Chest","Membership Card","War Paint","Sozu","Orichalcum","Oddly Smooth Stone"],"potions_floor_usage":[6,6,6,8,23,33],"damage_taken":[{"damage":1,"enemies":"Cultist","floor":1,"turns":3},{"damage":2,"enemies":"Small Slimes","floor":4,"turns":3},{"damage":16,"enemies":"Gremlin Nob","floor":6,"turns":3},{"damage":0,"enemies":"2 Louse","floor":7,"turns":2},{"damage":22,"enemies":"3 Sentries","floor":8,"turns":6},{"damage":11,"enemies":"Red Slaver","floor":10,"turns":3},{"damage":11,"enemies":"Blue Slaver","floor":12,"turns":3},{"damage":30,"enemies":"The Guardian","floor":16,"turns":15},{"damage":0,"enemies":"3 Byrds","floor":18,"turns":4},{"damage":1,"enemies":"Shell Parasite","floor":19,"turns":5},{"damage":0,"enemies":"Masked Bandits","floor":21,"turns":2},{"damage":15,"enemies":"Slavers","floor":23,"turns":4},{"damage":0,"enemies":"Cultist and Chosen","floor":24,"turns":4},{"damage":13,"enemies":"Snake Plant","floor":29,"turns":3},{"damage":2,"enemies":"Snecko","floor":30,"turns":4},{"damage":20,"enemies":"Champ","floor":33,"turns":9},{"damage":6,"enemies":"3 Shapes","floor":35,"turns":3},{"damage":0,"enemies":"Orb Walker","floor":36,"turns":2},{"damage":18,"enemies":"3 Darklings","floor":37,"turns":3},{"damage":11,"enemies":"Sphere and 2 Shapes","floor":38,"turns":5},{"damage":20,"enemies":"Jaw Worm Horde","floor":39,"turns":4},{"damage":12,"enemies":"Reptomancer","floor":41,"turns":6},{"damage":51,"enemies":"Nemesis","floor":44,"turns":6}],"seed_played":"-3451078106616913633","potions_obtained":[{"floor":1,"key":"PowerPotion"},{"floor":5,"key":"SneckoOil"},{"floor":5,"key":"Swift Potion"},{"floor":6,"key":"Explosive Potion"},{"floor":8,"key":"Strength Potion"},{"floor":18,"key":"EssenceOfSteel"},{"floor":19,"key":"Dexterity Potion"},{"floor":23,"key":"Strength Potion"},{"floor":30,"key":"FocusPotion"}],"is_trial":false,"path_per_floor":["M","?","?","M","?","E","M","E","T","M","R","M","$","?","R","B",null,"M","M","?","?","?","E","M","R","T","$","R","M","M","?","R","B",null,"M","M","M","M","M","R","E","?","T","E"],"character_chosen":"DEFECT","items_purchased":["Electrodynamics","Tempest+1","Coolheaded+1","Membership Card","Metamorphosis+1"],"campfire_rested":4,"item_purchase_floors":[13,13,13,27,27],"current_hp_per_floor":[74,74,74,72,72,56,56,34,34,23,60,49,49,49,72,42,65,65,64,50,50,50,39,41,41,41,41,41,28,32,32,50,40,48,48,50,34,25,9,39,37,37,37,0],"gold":239,"neow_bonus":"THREE_RARE_CARDS","is_prod":false,"is_daily":false,"chose_seed":false,"campfire_upgraded":2,"win_rate":0,"timestamp":1550970078,"path_taken":["M","?","?","M","?","E","?","E","T","M","R","M","$","?","R","BOSS","M","M","?","?","?","E","M","R","T","$","R","?","M","?","R","BOSS","M","M","M","M","M","R","E","?","T","E"],"build_version":"2019-01-23","purchased_purges":1,"victory":false,"max_hp_per_floor":[75,75,75,75,75,75,75,75,75,75,75,75,72,72,72,72,72,72,72,50,50,50,50,50,50,50,50,50,50,50,50,50,50,50,50,50,50,50,50,50,50,50,50,50],"card_choices":[{"not_picked":["Meteor Strike","Multi-Cast"],"picked":"Core Surge","floor":0},{"not_picked":["Doom and Gloom","Skim"],"picked":"Chill","floor":1},{"not_picked":["Rebound","Undo"],"picked":"Melter","floor":4},{"not_picked":["Meteor Strike","Streamline","Steam Power"],"picked":"SKIP","floor":6},{"not_picked":["Redo","Gash"],"picked":"Barrage","floor":7},{"not_picked":["Beam Cell","Glacier"],"picked":"Consume","floor":8},{"not_picked":["Glacier+1","Rebound"],"picked":"Coolheaded+1","floor":10},{"not_picked":["Storm","Heatsinks"],"picked":"Steam+1","floor":12},{"not_picked":["Hyperbeam","Seek+1"],"picked":"Buffer","floor":16},{"not_picked":["Stack+1","Reprogram+1"],"picked":"Sweeping Beam","floor":18},{"not_picked":["Force Field+1","Coolheaded+1"],"picked":"Go for the Eyes+1","floor":19},{"not_picked":["Barrage+1","Fission+1"],"picked":"Lockon","floor":21},{"not_picked":["Leap+1","Barrage+1","Blizzard+1"],"picked":"SKIP","floor":23},{"not_picked":["Consume+1","Barrage"],"picked":"Loop+1","floor":24},{"not_picked":["Rebound+1","Cold Snap"],"picked":"Undo+1","floor":29},{"not_picked":["Compile Driver","Sweeping Beam+1"],"picked":"Storm","floor":30},{"not_picked":["Fission+1","Buffer"],"picked":"Rainbow+1","floor":33},{"not_picked":["Stack+1","Compile Driver+1"],"picked":"Capacitor+1","floor":35},{"not_picked":["Glacier+1","Compile Driver"],"picked":"Capacitor+1","floor":36},{"not_picked":["Heatsinks","FTL+1"],"picked":"Ball Lightning+1","floor":37},{"not_picked":["Leap+1","Capacitor+1"],"picked":"Heatsinks+1","floor":38},{"not_picked":["Ball Lightning","Streamline+1"],"picked":"Double Energy+1","floor":39},{"not_picked":["Sweeping Beam","Force Field+1"],"picked":"Turbo+1","floor":41}],"player_experience":533008,"relics_obtained":[{"floor":6,"key":"Regal Pillow"},{"floor":8,"key":"Toxic Egg 2"},{"floor":9,"key":"Ornamental Fan"},{"floor":21,"key":"Red Mask"},{"floor":23,"key":"Happy Flower"},{"floor":26,"key":"Tiny Chest"},{"floor":41,"key":"Orichalcum"},{"floor":43,"key":"Oddly Smooth Stone"}],"event_choices":[{"damage_healed":0,"gold_gain":175,"player_choice":"AGREE","damage_taken":0,"max_hp_gain":0,"max_hp_loss":0,"event_name":"Liars Game","floor":2,"gold_loss":0,"cards_obtained":["Doubt"]},{"cards_removed":["Doubt"],"damage_healed":0,"gold_gain":0,"player_choice":"Forget","damage_taken":0,"max_hp_gain":0,"max_hp_loss":0,"event_name":"Living Wall","floor":3,"gold_loss":0},{"damage_healed":0,"gold_gain":0,"player_choice":"Bought 2 Potions","damage_taken":0,"max_hp_gain":0,"max_hp_loss":0,"event_name":"The Woman in Blue","floor":5,"gold_loss":0},{"damage_healed":0,"gold_gain":66,"player_choice":"Gained Gold","damage_taken":0,"max_hp_gain":0,"max_hp_loss":0,"event_name":"Golden Wing","floor":14,"gold_loss":0},{"damage_healed":0,"gold_gain":0,"player_choice":"Became a vampire","damage_taken":0,"max_hp_gain":0,"max_hp_loss":22,"event_name":"Vampires","floor":20,"gold_loss":0,"cards_obtained":["Bite","Bite","Bite","Bite","Bite"]},{"damage_healed":0,"gold_gain":0,"player_choice":"Fought Bandits","damage_taken":0,"max_hp_gain":0,"max_hp_loss":0,"event_name":"Masked Bandits","floor":21,"gold_loss":0},{"damage_healed":0,"gold_gain":0,"cards_transformed":["Defend_B"],"player_choice":"Transformed","damage_taken":0,"max_hp_gain":0,"max_hp_loss":0,"event_name":"Transmorgrifier","floor":22,"gold_loss":0,"cards_obtained":["Genetic Algorithm"]},{"damage_healed":0,"gold_gain":0,"player_choice":"Obtained Relic","damage_taken":0,"relics_obtained":["War Paint"],"max_hp_gain":0,"max_hp_loss":0,"event_name":"Addict","floor":31,"gold_loss":85},{"damage_healed":0,"gold_gain":0,"cards_transformed":["Defend_B","Sweeping Beam"],"player_choice":"Transformed Cards","damage_taken":0,"max_hp_gain":0,"max_hp_loss":0,"event_name":"Designer","floor":42,"gold_loss":60,"cards_obtained":["Rainbow","Darkness"]}],"is_beta":false,"boss_relics":[{"not_picked":["Velvet Choker","Lizard Tail"],"picked":"Nuclear Battery"},{"not_picked":["Runic Dome","White Beast Statue"],"picked":"Sozu"}],"items_purged_floors":[13],"is_endless":false,"potions_floor_spawned":[1,6,8,18,19,23,30,37,39,41],"killed_by":"Nemesis","ascension_level":5}