{"path_per_floor":["M","M","?","$","?","E","R","M","T","M","M","R","$","?","R","B",null,"M","?","$","M","M","R","M","T","T","M","?","R","?","M","R"],"character_chosen":"THE_SILENT","items_purchased":["Leg Sweep","Backflip","Snake Skull"],"gold_per_floor":[109,128,128,53,53,88,88,108,108,123,140,140,19,19,19,140,140,163,163,7,27,40,40,64,64,64,80,80,80,80,93,93,93],"floor_reached":33,"campfire_rested":5,"playtime":1516,"current_hp_per_floor":[63,63,63,63,56,56,56,50,50,22,21,42,42,42,63,46,64,51,51,51,43,14,35,28,28,28,16,16,37,37,32,53,0],"items_purged":["Strike_G"],"gold":93,"score":354,"play_id":"34ed9325-c0eb-42a9-9e42-b8c5557e551b","local_time":"20180416185024","is_prod":false,"is_daily":false,"chose_seed":false,"is_ascension_mode":true,"campfire_upgraded":1,"timestamp":1523919024,"path_taken":["M","?","?","$","?","E","R","?","T","M","M","R","$","?","R","BOSS","M","?","$","M","M","R","M","?","T","M","?","R","?","?","R","BOSS"],"build_version":"2018-04-12","seed_source_timestamp":188378069481525,"purchased_purges":1,"victory":false,"master_deck":["Defend_G","Defend_G","Defend_G","Defend_G","Strike_G","Strike_G","Strike_G","Survivor","Neutralize","Calculated Gamble+1","Dagger Spray","Bouncing Flask+1","Predator","Leg Sweep","Backflip","Tactician","Riddle With Holes","Concentrate","Calculated Gamble","Backflip","Backflip+1"],"max_hp_per_floor":[70,70,70,70,70,70,70,70,70,70,70,70,70,70,70,70,70,70,70,70,70,70,70,70,70,70,70,70,70,70,70,70,70],"relics":["Ring of the Snake","NeowsBlessing","Dodecahedron","Centennial Puzzle","Golden Idol","Runic Dome","Snake Skull","Toxic Egg 2","Ginger"],"card_choices":[{"not_picked":["Sucker Punch","Outmaneuver"],"picked":"Calculated Gamble","floor":1},{"not_picked":["Wraith Form v2","Crippling Poison"],"picked":"Dagger Spray","floor":2},{"not_picked":["Night Terror","Sucker Punch"],"picked":"Bouncing Flask","floor":6},{"not_picked":["Crippling Poison","PiercingWail"],"picked":"Predator","floor":8},{"not_picked":["Wraith Form v2","Grand Finale"],"picked":"Tactician","floor":16},{"not_picked":["Sucker Punch","Deadly Poison"],"picked":"Riddle With Holes","floor":18},{"not_picked":["Flying Knee","Distraction"],"picked":"Concentrate","floor":21},{"not_picked":["Backflip","Quick Slash"],"picked":"Calculated Gamble","floor":22},{"not_picked":["Quick Slash","Deflect"],"picked":"Backflip","floor":24},{"not_picked":["Slice","Prepared"],"picked":"Backflip","floor":27}],"player_experience":453689,"potions_floor_usage":[16,24,27,33],"damage_taken":[{"damage":0,"enemies":"Cultist","floor":1,"turns":1},{"damage":0,"enemies":"Jaw Worm","floor":2,"turns":1},{"damage":0,"enemies":"Gremlin Nob","floor":6,"turns":1},{"damage":6,"enemies":"2 Louse","floor":8,"turns":2},{"damage":28,"enemies":"Gremlin Gang","floor":10,"turns":3},{"damage":1,"enemies":"Blue Slaver","floor":11,"turns":3},{"damage":17,"enemies":"Slime Boss","floor":16,"turns":9},{"damage":13,"enemies":"Shell Parasite","floor":18,"turns":5},{"damage":8,"enemies":"Spheric Guardian","floor":21,"turns":3},{"damage":29,"enemies":"Slaver and Parasite","floor":22,"turns":5},{"damage":7,"enemies":"Chosen and Byrds","floor":24,"turns":5},{"damage":12,"enemies":"Cultist and Chosen","floor":27,"turns":5},{"damage":5,"enemies":"Snake Plant","floor":31,"turns":4},{"damage":71,"enemies":"Champ","floor":33,"turns":9}],"event_choices":[{"event_name":"Living Wall","player_choice":"Grow","floor":3,"damage_taken":0},{"event_name":"Golden Wing","player_choice":"Card Removal","floor":5,"damage_taken":0},{"event_name":"Golden Idol","player_choice":"Take Wound","floor":14,"damage_taken":0},{"event_name":"Back to Basics","player_choice":"Elegance","floor":19,"damage_taken":0},{"event_name":"Cursed Tome","player_choice":"Ignored","floor":28,"damage_taken":0},{"event_name":"Purifier","player_choice":"One Purge","floor":30,"damage_taken":0}],"boss_relics":[{"not_picked":["Lizard Tail","Ectoplasm"],"picked":"Runic Dome"}],"potions_floor_spawned":[1,10,16,22],"seed_played":"1102560362029381038","killed_by":"Champ","ascension_level":6,"is_trial":false}