{"gold_per_floor":[112,112,112,19,19,19,19,37,84,84,119,119,137,168,168,263,263,274,274,42,42,3,3,17,17,44,61,72,92,103,113,113,218,218,229,209,226,26,40,40,59,75,98,98,1,13,29,41,41,41],"floor_reached":51,"playtime":7656,"items_purged":[],"score":636,"play_id":"c5178175-0b67-4749-9ff4-2a004d1c0ba6","local_time":"20181001225838","is_ascension_mode":false,"campfire_choices":[{"data":"Defragment","floor":6.0,"key":"SMITH"},{"data":"Coolheaded","floor":10.0,"key":"SMITH"},{"data":"Loop","floor":12.0,"key":"SMITH"},{"data":"Redo","floor":15.0,"key":"SMITH"},{"data":"FTL","floor":23.0,"key":"SMITH"},{"data":"Dualcast","floor":25.0,"key":"SMITH"},{"data":"Chill","floor":32.0,"key":"SMITH"},{"data":"Zap","floor":40,"key":"SMITH"},{"floor":44,"key":"REST"},{"data":"Reboot","floor":49,"key":"SMITH"}],"neow_cost":"NONE","seed_source_timestamp":0,"circlet_count":0,"master_deck":["Strike_B","Strike_B","Defend_B","Defend_B","Defend_B","Zap+1","Dualcast+1","Cold Snap","Defragment+1","Coolheaded+1","Loop+1","Conserve Battery","Redo+1","All For One","FTL","FTL+1","Auto Shields+1","Chill+1","Gash","Static Discharge+1","Gash","Reboot+1","Defragment+1","Gash+1","FTL","Coolheaded+1","Swift Strike","Conserve Battery+1"],"special_seed":0,"relics":["FrozenCore","Pen Nib","Oddly Smooth Stone","Regal Pillow","Bag of Preparation","White Beast Statue","Potion Belt","MutagenicStrength","Happy Flower","DollysMirror","Lantern"],"potions_floor_usage":[35,48,50,50],"damage_taken":[{"damage":6.0,"enemies":"Jaw Worm","floor":1.0,"turns":3.0},{"damage":4.0,"enemies":"Small Slimes","floor":8.0,"turns":3.0},{"damage":6.0,"enemies":"Gremlin Nob","floor":11.0,"turns":4.0},{"damage":0.0,"enemies":"Cultist","floor":13.0,"turns":3.0},{"damage":6.0,"enemies":"Lagavulin","floor":14.0,"turns":6.0},{"damage":2.0,"enemies":"The Guardian","floor":16.0,"turns":12.0},{"damage":0.0,"enemies":"Spheric Guardian","floor":18.0,"turns":3.0},{"damage":2.0,"enemies":"Shell Parasite","floor":24.0,"turns":5.0},{"damage":0.0,"enemies":"Centurion and Healer","floor":27.0,"turns":10.0},{"damage":0.0,"enemies":"3 Cultists","floor":28.0,"turns":5.0},{"damage":0.0,"enemies":"Snecko","floor":29.0,"turns":3.0},{"damage":3.0,"enemies":"Shelled Parasite and Fungi","floor":30.0,"turns":6.0},{"damage":0.0,"enemies":"Centurion and Healer","floor":31.0,"turns":8.0},{"damage":5.0,"enemies":"Collector","floor":33.0,"turns":10.0},{"damage":0,"enemies":"3 Darklings","floor":35,"turns":5},{"damage":0,"enemies":"Orb Walker","floor":37,"turns":3},{"damage":19,"enemies":"Reptomancer","floor":39,"turns":7},{"damage":0,"enemies":"Sphere and 2 Shapes","floor":41,"turns":5},{"damage":6,"enemies":"Transient","floor":42,"turns":5},{"damage":3,"enemies":"Maw","floor":46,"turns":8},{"damage":0,"enemies":"Spire Growth","floor":47,"turns":5},{"damage":2,"enemies":"Reptomancer","floor":48,"turns":5},{"damage":10,"enemies":"Donu and Deca","floor":50,"turns":10}],"seed_played":"8410062407275588866","potions_obtained":[{"floor":1.0,"key":"FearPotion"},{"floor":5.0,"key":"EntropicBrew"},{"floor":5.0,"key":"SmokeBomb"},{"floor":13.0,"key":"PowerPotion"},{"floor":16.0,"key":"PowerPotion"},{"floor":18.0,"key":"Dexterity Potion"},{"floor":24.0,"key":"Ancient Potion"},{"floor":27.0,"key":"Block Potion"},{"floor":28.0,"key":"GamblersBrew"},{"floor":29.0,"key":"GamblersBrew"},{"floor":30.0,"key":"EssenceOfSteel"},{"floor":33.0,"key":"Fire Potion"},{"floor":35,"key":"SmokeBomb"},{"floor":36,"key":"Fire Potion"},{"floor":37,"key":"SkillPotion"},{"floor":48,"key":"SkillPotion"}],"is_trial":false,"path_per_floor":["M","?","?","$","?","R","?","M","T","R","E","R","M","E","R","B",null,"M","?","$","?","$","R","M","R","T","M","M","M","M","M","R","B",null,"M","?","M","$","M","R","M","M","T","R","$","M","M","M","R","B"],"character_chosen":"DEFECT","items_purchased":["Defragment","Coolheaded","FTL","Potion Belt","FTL","DollysMirror","Swift Strike"],"campfire_rested":1,"item_purchase_floors":[4,4,20,20,22,38,45],"current_hp_per_floor":[69,69,69,69,69,69,62,58,58,58,52,52,52,46,46,44,75,75,75,75,75,75,75,73,73,73,73,73,73,70,70,70,65,75,75,75,75,75,56,56,56,50,50,75,75,72,72,70,70,60],"gold":41,"neow_bonus":"RANDOM_COMMON_RELIC","is_prod":false,"is_daily":false,"chose_seed":false,"campfire_upgraded":9,"win_rate":0,"timestamp":1538431118,"path_taken":["M","?","?","$","?","R","?","M","T","R","E","R","?","E","R","BOSS","M","?","$","?","?","R","M","R","T","M","M","M","M","?","R","BOSS","M","?","M","$","M","R","M","M","T","R","$","M","?","?","R","BOSS"],"build_version":"2018-09-27","purchased_purges":0,"victory":true,"max_hp_per_floor":[75,75,75,75,75,75,75,75,75,75,75,75,75,75,75,75,75,75,75,75,75,75,75,75,75,75,75,75,75,75,75,75,75,75,75,75,75,75,75,75,75,75,75,75,75,75,75,75,75,75],"card_choices":[{"not_picked":["Rip and Tear","Ball Lightning"],"picked":"Cold Snap","floor":1.0},{"not_picked":["Streamline","Lockon"],"picked":"Loop","floor":8.0},{"not_picked":["Cold Snap","Rainbow","Amplify"],"picked":"SKIP","floor":11.0},{"not_picked":["Leap","Ball Lightning"],"picked":"Conserve Battery","floor":13.0},{"not_picked":["Go for the Eyes","Hello World"],"picked":"Redo","floor":14.0},{"not_picked":["Buffer","Fission"],"picked":"All For One","floor":16.0},{"not_picked":["Redo","Barrage+1"],"picked":"Conserve Battery","floor":18.0},{"not_picked":["Redo+1","Aggregate+1"],"picked":"Auto Shields+1","floor":24.0},{"not_picked":["Compile Driver+1","Coolheaded+1","Hologram"],"picked":"SKIP","floor":27.0},{"not_picked":["Aggregate","Steam"],"picked":"Chill","floor":28.0},{"not_picked":["Stack","Conserve Battery+1"],"picked":"Gash","floor":29.0},{"not_picked":["Compile Driver","Sweeping Beam"],"picked":"Static Discharge+1","floor":30.0},{"not_picked":["Seek","Hologram"],"picked":"Gash","floor":31.0},{"not_picked":["Hyperbeam","Rainbow"],"picked":"Reboot","floor":33.0},{"not_picked":["Coolheaded","Rip and Tear+1","Rebound+1"],"picked":"SKIP","floor":35},{"not_picked":["Darkness","Leap","Force Field"],"picked":"SKIP","floor":37},{"not_picked":["Cold Snap+1","Rebound+1"],"picked":"Gash+1","floor":39},{"not_picked":["Streamline+1","Hello World"],"picked":"FTL","floor":41},{"not_picked":["Storm","Fusion"],"picked":"Coolheaded+1","floor":42},{"not_picked":["Sunder","Coolheaded","Barrage"],"picked":"SKIP","floor":46},{"not_picked":["Compile Driver","Cold Snap","Turbo"],"picked":"SKIP","floor":47},{"not_picked":["Coolheaded+1","Sunder"],"picked":"Conserve Battery+1","floor":48}],"player_experience":170310,"relics_obtained":[{"floor":9.0,"key":"Oddly Smooth Stone"},{"floor":11.0,"key":"Regal Pillow"},{"floor":14.0,"key":"Bag of Preparation"},{"floor":26.0,"key":"Happy Flower"},{"floor":43,"key":"Lantern"}],"event_choices":[{"event_name":"Living Wall","player_choice":"Forget","floor":2.0,"damage_taken":0.0},{"event_name":"Bonfire Elementals","player_choice":"BASIC","floor":3.0,"damage_taken":0.0},{"event_name":"The Lab","player_choice":"Got Potions","floor":5.0,"damage_taken":0.0},{"event_name":"Golden Wing","player_choice":"Card Removal","floor":7.0,"damage_taken":0.0},{"event_name":"Back to Basics","player_choice":"Elegance","floor":19.0,"damage_taken":0.0},{"event_name":"Drug Dealer","player_choice":"Inject Mutagens","floor":21.0,"damage_taken":0.0},{"event_name":"The Woman in Blue","player_choice":"Bought 1 Potion","floor":36,"damage_taken":0}],"is_beta":false,"boss_relics":[{"not_picked":["Runic Dome","Lizard Tail"],"picked":"White Beast Statue"},{"not_picked":["Snecko Eye","Runic Pyramid"],"picked":"FrozenCore"}],"items_purged_floors":[],"is_endless":false,"potions_floor_spawned":[1,13,16,18,24,27,28,29,30,31,33,35,37,39,41,42,46,47,48],"ascension_level":0}