{"gold_per_floor":[110,33,33,45,61,61,61,75,75,75,91,91,121,134,134,260,260,281,281,281,281,8,8,28,28,28,28,127,25,43,43,43,43],"floor_reached":33,"playtime":1696,"items_purged":["Injury"],"score":315,"play_id":"19697762-5736-4044-9f94-3b9f116f7a1d","local_time":"20181105011216","is_ascension_mode":true,"campfire_choices":[{"data":"Dodge and Roll","floor":6,"key":"SMITH"},{"data":"Noxious Fumes","floor":12,"key":"SMITH"},{"floor":15,"key":"REST"},{"floor":23,"key":"REST"},{"data":"Footwork","floor":25,"key":"SMITH"},{"data":"Leg Sweep","floor":27,"key":"SMITH"},{"floor":32,"key":"REST"}],"neow_cost":"NONE","seed_source_timestamp":105687725293182,"circlet_count":0,"master_deck":["Defend_G","Defend_G","Defend_G","Defend_G","Defend_G","Strike_G","Strike_G","Strike_G","Strike_G","Strike_G","Survivor","Neutralize","Venomology","Quick Slash","Caltrops+1","Backstab+1","Dodge and Roll+1","PiercingWail","Noxious Fumes+1","Dash","Footwork","Footwork+1","Leg Sweep+1","Noxious Fumes+1","Deadly Poison","Caltrops"],"relics":["Ring of the Serpent","Pantograph","Bloody Idol","Odd Mushroom","DollysMirror","Matryoshka"],"potions_floor_usage":[],"damage_taken":[{"damage":1,"enemies":"Cultist","floor":1,"turns":4},{"damage":9,"enemies":"Jaw Worm","floor":4,"turns":4},{"damage":0,"enemies":"2 Louse","floor":5,"turns":2},{"damage":7,"enemies":"Large Slime","floor":8,"turns":7},{"damage":11,"enemies":"Looter","floor":11,"turns":3},{"damage":7,"enemies":"The Mushroom Lair","floor":13,"turns":4},{"damage":5,"enemies":"Blue Slaver","floor":14,"turns":4},{"damage":39,"enemies":"Hexaghost","floor":16,"turns":9},{"damage":12,"enemies":"Spheric Guardian","floor":18,"turns":7},{"damage":20,"enemies":"Colosseum Slavers","floor":21,"turns":6},{"damage":17,"enemies":"2 Thieves","floor":24,"turns":4},{"damage":10,"enemies":"Chosen and Byrds","floor":30,"turns":7},{"damage":76,"enemies":"Collector","floor":33,"turns":5}],"seed_played":"-2680580482861594855","potions_obtained":[{"floor":5,"key":"SmokeBomb"},{"floor":8,"key":"Strength Potion"},{"floor":24,"key":"GhostInAJar"}],"is_trial":false,"path_per_floor":["M","$","?","M","M","R","?","M","T","?","M","R","?","M","R","B",null,"M","?","?","?","$","R","M","R","T","R","?","$","M","$","R","B"],"character_chosen":"THE_SILENT","items_purchased":["Caltrops","DollysMirror","Deadly Poison","Caltrops"],"campfire_rested":3,"item_purchase_floors":[2,22,29,29],"current_hp_per_floor":[62,62,62,53,53,53,53,46,46,46,35,35,28,23,44,30,60,48,48,48,28,28,49,42,42,42,42,47,47,42,42,63,0],"gold":43,"neow_bonus":"ONE_RANDOM_RARE_CARD","is_prod":false,"is_daily":false,"chose_seed":false,"campfire_upgraded":4,"win_rate":0,"timestamp":1541398336,"path_taken":["M","?","?","?","M","R","?","M","T","?","M","R","?","M","R","BOSS","M","?","?","?","?","R","M","R","T","R","?","$","M","$","R","BOSS"],"build_version":"2018-11-01","purchased_purges":1,"victory":false,"max_hp_per_floor":[70,70,70,70,70,70,70,70,70,70,70,70,70,70,70,70,70,70,70,70,70,70,70,70,70,70,70,70,70,70,70,70,70],"card_choices":[{"not_picked":["Slice","Flying Knee"],"picked":"Quick Slash","floor":1},{"not_picked":["Tactician","Backflip"],"picked":"Backstab","floor":4},{"not_picked":["Acrobatics","Calculated Gamble"],"picked":"Dodge and Roll","floor":5},{"not_picked":["Heel Hook","Quick Slash"],"picked":"PiercingWail","floor":8},{"not_picked":["Dagger Spray","Sucker Punch"],"picked":"Noxious Fumes","floor":11},{"not_picked":["Reflex","PiercingWail"],"picked":"Dash","floor":13},{"not_picked":["Dagger Throw","Outmaneuver"],"picked":"Footwork","floor":14},{"not_picked":["PiercingWail","Prepared+1"],"picked":"Footwork","floor":18},{"not_picked":["Slice+1","Acrobatics","Finisher"],"picked":"SKIP","floor":24},{"not_picked":["Acrobatics","Underhanded Strike","Calculated Gamble+1"],"picked":"SKIP","floor":30}],"player_experience":746931,"relics_obtained":[{"floor":9,"key":"Pantograph"},{"floor":13,"key":"Odd Mushroom"},{"floor":26,"key":"Matryoshka"}],"event_choices":[{"damage_healed":0,"gold_gain":0,"player_choice":"Upgraded","damage_taken":0,"max_hp_gain":0,"max_hp_loss":0,"event_name":"Upgrade Shrine","floor":3,"gold_loss":0,"cards_upgraded":["Caltrops"]},{"damage_healed":0,"gold_gain":0,"player_choice":"Grow","damage_taken":0,"max_hp_gain":0,"max_hp_loss":0,"event_name":"Living Wall","floor":7,"gold_loss":0,"cards_upgraded":["Backstab"]},{"damage_healed":0,"gold_gain":0,"player_choice":"Take Wound","damage_taken":0,"relics_obtained":["Golden Idol"],"max_hp_gain":0,"max_hp_loss":0,"event_name":"Golden Idol","floor":10,"gold_loss":0,"cards_obtained":["Injury"]},{"damage_healed":0,"gold_gain":0,"player_choice":"Fought Mushrooms","damage_taken":0,"max_hp_gain":0,"max_hp_loss":0,"event_name":"Mushrooms","floor":13,"gold_loss":0},{"damage_healed":0,"gold_gain":0,"player_choice":"Gave Idol","damage_taken":0,"relics_obtained":["Bloody Idol"],"max_hp_gain":0,"max_hp_loss":0,"event_name":"Forgotten Altar","floor":19,"relics_lost":["Golden Idol"],"gold_loss":0},{"damage_healed":0,"gold_gain":0,"player_choice":"Read","damage_taken":0,"max_hp_gain":0,"max_hp_loss":0,"event_name":"The Library","floor":20,"gold_loss":0,"cards_obtained":["Leg Sweep"]},{"damage_healed":0,"gold_gain":0,"player_choice":"Fight","damage_taken":0,"max_hp_gain":0,"max_hp_loss":0,"event_name":"Colosseum","floor":21,"gold_loss":0},{"damage_healed":0,"gold_gain":0,"player_choice":"Fled From Nobs","damage_taken":0,"max_hp_gain":0,"max_hp_loss":0,"event_name":"Colosseum","floor":21,"gold_loss":0},{"damage_healed":0,"gold_gain":99,"player_choice":"Stole From Cult","damage_taken":0,"max_hp_gain":0,"max_hp_loss":0,"event_name":"Nest","floor":28,"gold_loss":0}],"is_beta":false,"boss_relics":[{"not_picked":["Runic Dome","HoveringKite"],"picked":"Ring of the Serpent"}],"items_purged_floors":[22],"is_endless":false,"potions_floor_spawned":[5,8,11,24],"killed_by":"Collector","ascension_level":7}