{"gold_per_floor":[112,122,132,149,149,176,176,238,264,294,311,332,365,365,365,468,468,487,487,500,500,500,529,529,564,564,596,606,226,226,252,252,350,350,370,388,388,111,124,152,152,184,184,212,212,37,57,67,67,67],"floor_reached":51,"playtime":4793,"items_purged":[],"score":1050,"play_id":"eaa9001b-ebe9-4633-8fb0-9d881a6330f8","local_time":"20180819180844","is_ascension_mode":true,"campfire_choices":[{"floor":7,"key":"REST"},{"floor":15,"key":"REST"},{"floor":24,"key":"REST"},{"data":"Adrenaline","floor":30,"key":"SMITH"},{"data":"Burst","floor":32,"key":"SMITH"},{"data":"Accuracy","floor":41,"key":"SMITH"},{"data":"Noxious Fumes","floor":49,"key":"SMITH"}],"neow_cost":"PERCENT_DAMAGE","seed_source_timestamp":588397518070963,"circlet_count":0,"master_deck":["Defend_G","Defend_G","Defend_G","Defend_G+1","Defend_G","Strike_G+1","Strike_G","Strike_G","Strike_G+1","Strike_G","Survivor+1","Neutralize","After Image+1","Slice","Flying Knee","Sucker Punch","Poisoned Stab","Infinite Blades","Cloak And Dagger","Escape Plan","Acrobatics","Deflect","Dagger Throw","Burst+1","Blade Dance","Outmaneuver+1","After Image+1","Distraction","Blade Dance","Prepared+1","Escape Plan","Adrenaline+1","Blur","Blade Dance","After Image+1","Infinite Blades","Heel Hook","Underhanded Strike+1","Poisoned Stab+1","Poisoned Stab+1","Accuracy+1","Well Laid Plans+1","Envenom","Bane+1","Noxious Fumes+1","Dramatic Entrance","Backflip+1","Bouncing Flask+1"],"relics":["Ring of the Snake","Prayer Wheel","Tiny Chest","Whetstone","War Paint","Odd Mushroom","Letter Opener","Eternal Feather","StoneCalendar","Mummified Hand","Bronze Scales","Orichalcum","Bottled Tornado","Ancient Tea Set","DollysMirror","Bag of Preparation","Kunai","Lizard Tail","Gremlin Horn","ClockworkSouvenir","Bottled Flame","Toxic Egg 2","Blue Candle","Mercury Hourglass"],"potions_floor_usage":[6,8,8,27,31,33,39,39,39,50,50],"damage_taken":[{"damage":0,"enemies":"Jaw Worm","floor":1,"turns":7},{"damage":0,"enemies":"2 Louse","floor":2,"turns":3},{"damage":0,"enemies":"Cultist","floor":3,"turns":4},{"damage":2,"enemies":"3 Louse","floor":4,"turns":4},{"damage":10,"enemies":"Gremlin Nob","floor":6,"turns":4},{"damage":5,"enemies":"3 Sentries","floor":8,"turns":7},{"damage":2,"enemies":"Lagavulin","floor":10,"turns":7},{"damage":0,"enemies":"Looter","floor":11,"turns":3},{"damage":10,"floor":12,"turns":5},{"damage":14,"enemies":"Gremlin Nob","floor":13,"turns":4},{"damage":28,"enemies":"Hexaghost","floor":16,"turns":11},{"damage":16,"enemies":"Spheric Guardian","floor":18,"turns":6},{"damage":1,"enemies":"Shell Parasite","floor":20,"turns":8},{"damage":25,"enemies":"Gremlin Leader","floor":23,"turns":7},{"damage":9,"enemies":"Book of Stabbing","floor":25,"turns":6},{"damage":11,"enemies":"Slavers","floor":27,"turns":4},{"damage":1,"enemies":"Centurion and Healer","floor":28,"turns":7},{"damage":0,"enemies":"Book of Stabbing","floor":31,"turns":4},{"damage":0,"enemies":"Automaton","floor":33,"turns":9},{"damage":0,"enemies":"3 Shapes","floor":35,"turns":3},{"damage":10,"enemies":"Flame Bruiser 1 Orb","floor":36,"turns":7},{"damage":0,"enemies":"Transient","floor":39,"turns":5},{"damage":1,"enemies":"2 Orb Walkers","floor":40,"turns":4},{"damage":0,"enemies":"Nemesis","floor":42,"turns":7},{"damage":1,"enemies":"2 Orb Walkers","floor":44,"turns":5},{"damage":0,"enemies":"Spire Growth","floor":47,"turns":5},{"damage":0,"enemies":"Flame Bruiser 2 Orb","floor":48,"turns":4},{"damage":3,"enemies":"Time Eater","floor":50,"turns":11}],"seed_played":"5423157553729908680","potions_obtained":[{"floor":1,"key":"LiquidBronze"},{"floor":4,"key":"Poison Potion"},{"floor":6,"key":"PowerPotion"},{"floor":23,"key":"Explosive Potion"},{"floor":28,"key":"EntropicBrew"},{"floor":31,"key":"PowerPotion"},{"floor":39,"key":"EssenceOfSteel"},{"floor":40,"key":"Swift Potion"},{"floor":44,"key":"Swift Potion"}],"is_trial":false,"path_per_floor":["M","M","M","M","?","E","R","E","T","E","M","?","E","?","R","B",null,"M","?","M","?","T","E","R","E","T","E","M","$","R","E","R","B",null,"M","M","T","$","M","E","R","E","T","E","?","$","M","M","R","B"],"character_chosen":"THE_SILENT","items_purchased":["DollysMirror","Bag of Preparation","Infinite Blades","Accuracy","ClockworkSouvenir","Noxious Fumes","Dramatic Entrance"],"campfire_rested":3,"item_purchase_floors":[29,29,29,38,38,46,46],"current_hp_per_floor":[49,49,49,47,47,37,58,53,53,51,51,41,27,27,48,20,70,54,54,53,53,53,28,67,58,58,47,46,46,67,67,70,70,70,70,60,60,60,60,59,70,70,70,69,69,69,69,69,70,67],"gold":67,"neow_bonus":"THREE_RARE_CARDS","is_prod":false,"is_daily":false,"chose_seed":false,"campfire_upgraded":4,"win_rate":0,"timestamp":1534691324,"path_taken":["M","M","M","M","?","E","R","E","T","E","M","?","E","?","R","BOSS","M","?","M","?","?","E","R","E","T","E","?","$","R","E","R","BOSS","M","M","?","$","M","E","R","E","T","E","?","?","?","M","R","BOSS"],"build_version":"2018-08-16","purchased_purges":0,"victory":true,"max_hp_per_floor":[70,70,70,70,70,70,70,70,70,70,70,70,70,70,70,70,70,70,70,70,70,70,70,70,70,70,70,70,70,70,70,70,70,70,70,70,70,70,70,70,70,70,70,70,70,70,70,70,70,70],"card_choices":[{"not_picked":["Tools of the Trade","Corpse Explosion"],"picked":"After Image","floor":0},{"not_picked":["Well Laid Plans","Backflip"],"picked":"Slice","floor":1},{"not_picked":["Skewer","Dagger Spray"],"picked":"Flying Knee","floor":2},{"not_picked":["Prepared","Poisoned Stab"],"picked":"Sucker Punch","floor":3},{"not_picked":["Dagger Spray","Bane"],"picked":"Poisoned Stab","floor":4},{"not_picked":["Footwork","Quick Slash"],"picked":"Infinite Blades","floor":6},{"not_picked":["Deflect","Blade Dance"],"picked":"Cloak And Dagger","floor":8},{"not_picked":["Wraith Form v2","Dagger Spray","PiercingWail"],"picked":"SKIP","floor":10},{"not_picked":["Prepared","Poisoned Stab"],"picked":"Escape Plan","floor":11},{"not_picked":["Deadly Poison","Blur"],"picked":"Acrobatics","floor":11},{"not_picked":["Backflip","Deadly Poison"],"picked":"Deflect","floor":12},{"not_picked":["Caltrops","Masterful Stab"],"picked":"Dagger Throw","floor":13},{"not_picked":["Corpse Explosion","Tools of the Trade"],"picked":"Burst","floor":16},{"not_picked":["Acrobatics","Deadly Poison"],"picked":"Blade Dance","floor":18},{"not_picked":["Choke","A Thousand Cuts"],"picked":"Outmaneuver+1","floor":18},{"not_picked":["Prepared","Skewer"],"picked":"Distraction","floor":20},{"not_picked":["Acrobatics","Bane+1"],"picked":"Blade Dance","floor":20},{"not_picked":["Sucker Punch","Corpse Explosion"],"picked":"Prepared+1","floor":23},{"not_picked":["Blur+1","Backflip"],"picked":"Escape Plan","floor":25},{"not_picked":["Slice","Acrobatics"],"picked":"Adrenaline","floor":27},{"not_picked":["Sucker Punch","Quick Slash"],"picked":"Blur","floor":28},{"not_picked":["Bane","Predator"],"picked":"Blade Dance","floor":28},{"not_picked":["Well Laid Plans","Slice+1"],"picked":"Heel Hook","floor":31},{"not_picked":["Acrobatics+1","Outmaneuver"],"picked":"Underhanded Strike+1","floor":35},{"not_picked":["Bane+1","Quick Slash","PiercingWail"],"picked":"SKIP","floor":35},{"not_picked":["Bouncing Flask","Expertise"],"picked":"Poisoned Stab+1","floor":36},{"not_picked":["Footwork","Prepared"],"picked":"Poisoned Stab+1","floor":36},{"not_picked":["Distraction","Acrobatics"],"picked":"Well Laid Plans+1","floor":39},{"not_picked":["Dagger Throw+1","Poisoned Stab","Masterful Stab+1"],"picked":"SKIP","floor":39},{"not_picked":["Escape Plan+1","Deflect"],"picked":"Envenom","floor":40},{"not_picked":["Dodge and Roll","Flying Knee+1","Quick Slash+1"],"picked":"SKIP","floor":42},{"not_picked":["Doppelganger+1","Dagger Spray"],"picked":"Bane+1","floor":44},{"not_picked":["Leg Sweep+1","Caltrops+1"],"picked":"Backflip+1","floor":47},{"not_picked":["Backflip+1","Eviscerate","Slice+1"],"picked":"SKIP","floor":47},{"not_picked":["Dagger Spray","Leg Sweep+1"],"picked":"Bouncing Flask+1","floor":48},{"not_picked":["Acrobatics+1","Cloak And Dagger+1","Dodge and Roll+1"],"picked":"SKIP","floor":48}],"player_experience":61779,"relics_obtained":[{"floor":6,"key":"Prayer Wheel"},{"floor":8,"key":"Tiny Chest"},{"floor":9,"key":"Whetstone"},{"floor":10,"key":"War Paint"},{"floor":12,"key":"Odd Mushroom"},{"floor":13,"key":"Letter Opener"},{"floor":22,"key":"Mummified Hand"},{"floor":23,"key":"Bronze Scales"},{"floor":25,"key":"Orichalcum"},{"floor":26,"key":"Bottled Tornado"},{"floor":27,"key":"Ancient Tea Set"},{"floor":31,"key":"Kunai"},{"floor":37,"key":"Gremlin Horn"},{"floor":40,"key":"Bottled Flame"},{"floor":42,"key":"Toxic Egg 2"},{"floor":43,"key":"Blue Candle"},{"floor":44,"key":"Mercury Hourglass"}],"event_choices":[{"event_name":"Living Wall","player_choice":"Grow","floor":5,"damage_taken":0},{"event_name":"Mushrooms","player_choice":"Fought Mushrooms","floor":12,"damage_taken":0},{"event_name":"Golden Wing","player_choice":"Ignored","floor":14,"damage_taken":0},{"event_name":"Duplicator","player_choice":"One dupe","floor":19,"damage_taken":0},{"event_name":"The Mausoleum","player_choice":"Yes","floor":21,"damage_taken":0},{"event_name":"FaceTrader","player_choice":"Leave","floor":45,"damage_taken":0}],"is_beta":false,"boss_relics":[{"not_picked":["Astrolabe","Sozu"],"picked":"Eternal Feather"},{"not_picked":["Snecko Eye","HoveringKite"],"picked":"Lizard Tail"}],"items_purged_floors":[],"is_endless":false,"potions_floor_spawned":[1,4,6,23,28,31,39,40,42,44,47],"ascension_level":3}