{"gold_per_floor":[116,133,83,83,99,99,134,134,206,206,240,251,47,115,115,217,217,227,27,38,38,55,55,74,74,74,84,96,113,129,144,144,241,271,290,290,301,301],"floor_reached":38,"playtime":2875,"items_purged":["Strike_R"],"score":440,"play_id":"815eb602-fc22-41ee-94d2-ebc01d7da7c2","local_time":"20181013121828","is_ascension_mode":false,"campfire_choices":[{"data":"Armaments","floor":6,"key":"SMITH"},{"data":"Whirlwind","floor":10,"key":"SMITH"},{"data":"Barricade","floor":15,"key":"SMITH"},{"data":"Shrug It Off","floor":23,"key":"SMITH"},{"data":"Metallicize","floor":25,"key":"SMITH"},{"data":"Rampage","floor":32,"key":"SMITH"}],"neow_cost":"NONE","seed_source_timestamp":237120431035334,"circlet_count":0,"master_deck":["Strike_R","Strike_R","Strike_R","Defend_R","Defend_R","Defend_R","Defend_R","Bash","Immolate","Metallicize+1","Whirlwind+1","Armaments+1","Barricade+1","Demon Form","Shrug It Off+1","Seeing Red+1","Body Slam+1","Entrench+1","Shrug It Off+1","Rampage+1","Disarm+1","Body Slam","Demon Form","Decay","Shame","Shame","Metallicize+1"],"relics":["Burning Blood","Paper Frog","Pantograph","Gremlin Horn","Calipers","Membership Card","Sozu","Toxic Egg 2","Bottled Tornado","Calling Bell","Tiny Chest","Meat on the Bone","Dead Branch"],"potions_floor_usage":[12,18,22],"damage_taken":[{"damage":3,"enemies":"2 Louse","floor":1,"turns":2},{"damage":2,"enemies":"Small Slimes","floor":2,"turns":4},{"damage":0,"enemies":"Cultist","floor":5,"turns":3},{"damage":18,"enemies":"3 Sentries","floor":7,"turns":5},{"damage":20,"enemies":"Lagavulin","floor":11,"turns":6},{"damage":7,"enemies":"Large Slime","floor":12,"turns":6},{"damage":15,"enemies":"Slime Boss","floor":16,"turns":9},{"damage":34,"enemies":"2 Thieves","floor":18,"turns":3},{"damage":0,"enemies":"3 Byrds","floor":20,"turns":3},{"damage":11,"enemies":"Centurion and Healer","floor":22,"turns":4},{"damage":9,"enemies":"Snecko","floor":24,"turns":5},{"damage":10,"enemies":"Chosen and Byrds","floor":27,"turns":8},{"damage":0,"enemies":"Cultist and Chosen","floor":28,"turns":6},{"damage":0,"enemies":"Sentry and Sphere","floor":29,"turns":5},{"damage":0,"enemies":"3 Cultists","floor":30,"turns":5},{"damage":0,"enemies":"Centurion and Healer","floor":31,"turns":7},{"damage":0,"enemies":"Collector","floor":33,"turns":9},{"damage":46,"enemies":"3 Darklings","floor":35,"turns":7},{"damage":25,"enemies":"Orb Walker","floor":37,"turns":5},{"damage":45,"enemies":"Transient","floor":38,"turns":3}],"seed_played":"5618724160233230666","potions_obtained":[{"floor":2,"key":"Block Potion"},{"floor":5,"key":"GamblersBrew"},{"floor":11,"key":"BloodPotion"}],"is_trial":false,"path_per_floor":["M","M","?","?","M","R","E","T","T","R","E","M","$","?","R","B",null,"M","$","M","?","M","R","M","R","T","M","M","M","M","M","R","B",null,"M","?","M"],"character_chosen":"IRONCLAD","items_purchased":["Membership Card","Toxic Egg 2","Seeing Red+1"],"campfire_rested":0,"item_purchase_floors":[13,19,19],"current_hp_per_floor":[80,80,80,80,80,80,68,68,68,68,54,53,53,53,53,69,80,52,52,58,49,52,52,49,49,49,45,51,57,63,69,69,80,80,52,52,45,0],"gold":301,"neow_bonus":"ONE_RANDOM_RARE_CARD","is_prod":false,"is_daily":false,"chose_seed":false,"campfire_upgraded":6,"win_rate":0,"timestamp":1539429508,"path_taken":["M","M","?","?","M","R","E","?","T","R","E","?","$","?","R","BOSS","M","$","M","?","M","R","M","R","T","M","M","M","M","M","R","BOSS","M","?","?","M"],"build_version":"2018-10-11","purchased_purges":1,"victory":false,"max_hp_per_floor":[80,80,80,80,80,80,80,80,80,80,80,80,80,80,80,80,80,80,80,80,80,80,80,80,80,80,80,80,80,80,80,80,80,80,80,80,80,80],"card_choices":[{"not_picked":["Clash","Combust"],"picked":"Metallicize","floor":1},{"not_picked":["Corruption","Uppercut"],"picked":"Whirlwind","floor":2},{"not_picked":["Iron Wave","Heavy Blade"],"picked":"Armaments","floor":5},{"not_picked":["Searing Blow","Havoc","Headbutt"],"picked":"SKIP","floor":7},{"not_picked":["Sword Boomerang","Dual Wield"],"picked":"Barricade","floor":11},{"not_picked":["Thunderclap","Perfected Strike","Fire Breathing"],"picked":"SKIP","floor":12},{"not_picked":["Offering","Bludgeon"],"picked":"Demon Form","floor":16},{"not_picked":["True Grit","Warcry+1"],"picked":"Shrug It Off","floor":18},{"not_picked":["Carnage","Thunderclap","Armaments+1"],"picked":"SKIP","floor":20},{"not_picked":["Combust","Bloodletting+1"],"picked":"Body Slam+1","floor":22},{"not_picked":["Wild Strike+1","Searing Blow","Twin Strike"],"picked":"SKIP","floor":24},{"not_picked":["Cleave","Clash"],"picked":"Entrench+1","floor":27},{"not_picked":["Twin Strike","Whirlwind"],"picked":"Shrug It Off+1","floor":28},{"not_picked":["Impervious+1","Clash+1"],"picked":"Rampage","floor":29},{"not_picked":["Feel No Pain","Flex+1"],"picked":"Disarm+1","floor":30},{"not_picked":["Rage+1","Armaments+1"],"picked":"Body Slam","floor":31},{"not_picked":["Fiend Fire","Dark Embrace"],"picked":"Demon Form","floor":33},{"not_picked":["Clash+1","Headbutt+1","Perfected Strike"],"picked":"SKIP","floor":35},{"not_picked":["Spot Weakness+1","Combust+1"],"picked":"Metallicize+1","floor":37}],"player_experience":216317,"relics_obtained":[{"floor":7,"key":"Paper Frog"},{"floor":8,"key":"Pantograph"},{"floor":9,"key":"Gremlin Horn"},{"floor":11,"key":"Calipers"},{"floor":26,"key":"Bottled Tornado"},{"floor":34,"key":"Tiny Chest"},{"floor":34,"key":"Meat on the Bone"},{"floor":34,"key":"Dead Branch"}],"event_choices":[{"event_name":"The Cleric","player_choice":"Card Removal","floor":3,"damage_taken":0},{"event_name":"Match and Keep!","player_choice":"0 cards matched","floor":4,"damage_taken":0},{"event_name":"Golden Wing","player_choice":"Gained Gold","floor":14,"damage_taken":0},{"event_name":"Cursed Tome","player_choice":"Stopped","floor":21,"damage_taken":0},{"event_name":"Tomb of Lord Red Mask","player_choice":"Ignored","floor":36,"damage_taken":0}],"is_beta":false,"boss_relics":[{"not_picked":["Busted Crown","Tiny House"],"picked":"Sozu"},{"not_picked":["Astrolabe","Runic Pyramid"],"picked":"Calling Bell"}],"items_purged_floors":[19],"is_endless":false,"potions_floor_spawned":[2,5,11,22,27,28,30,31,37],"killed_by":"Transient","ascension_level":0}