{"gold_per_floor":[366,384,459,482,136,164,164,193,238,68,78,90,106,52,52,52],"floor_reached":16,"playtime":824,"items_purged":[],"score":110,"play_id":"b03a2884-5e69-489b-a5c6-acdf63b68646","local_time":"20181110213051","is_ascension_mode":false,"campfire_choices":[{"data":"Loop","floor":7,"key":"SMITH"},{"floor":15,"key":"REST"}],"neow_cost":"TEN_PERCENT_HP_LOSS","seed_source_timestamp":445407863848088,"circlet_count":0,"master_deck":["Strike_B","Strike_B","Strike_B","Strike_B","Defend_B","Defend_B","Defend_B","Defend_B","Zap","Dualcast","Melter","Tempest","Loop+1","Static Discharge","Amplify","Ball Lightning","Storm","Darkness","Capacitor"],"relics":["Cracked Core","Bag of Preparation","Oddly Smooth Stone","Toolbox","Anchor","The Courier","Lantern"],"potions_floor_usage":[12,16,16],"damage_taken":[{"damage":6,"enemies":"2 Louse","floor":1,"turns":2},{"damage":1,"enemies":"Jaw Worm","floor":2,"turns":3},{"damage":26,"enemies":"Lagavulin","floor":6,"turns":6},{"damage":19,"enemies":"Gremlin Nob","floor":8,"turns":4},{"damage":0,"enemies":"Cultist","floor":11,"turns":2},{"damage":11,"enemies":"Lots of Slimes","floor":12,"turns":4},{"damage":0,"enemies":"Blue Slaver","floor":13,"turns":3},{"damage":30,"enemies":"Slime Boss","floor":16,"turns":8}],"seed_played":"4196696528558811764","potions_obtained":[{"floor":1,"key":"Poison Potion"},{"floor":8,"key":"FearPotion"},{"floor":13,"key":"SkillPotion"}],"is_trial":false,"path_per_floor":["M","M","?","T","$","E","R","E","T","$","M","M","M","$","R","B"],"character_chosen":"DEFECT","items_purchased":["Oddly Smooth Stone","Toolbox","Amplify","Regen Potion","Capacitor"],"campfire_rested":1,"item_purchase_floors":[5,5,10,10,14],"current_hp_per_floor":[62,61,50,50,50,24,24,5,5,5,5,3,3,3,23,0],"gold":52,"neow_bonus":"TWO_FIFTY_GOLD","is_prod":false,"is_daily":false,"chose_seed":false,"campfire_upgraded":1,"win_rate":0.0,"timestamp":1541903451,"path_taken":["M","M","?","?","$","E","R","E","T","$","?","M","M","?","R","BOSS"],"build_version":"2018-11-08","purchased_purges":0,"victory":false,"max_hp_per_floor":[68,68,68,68,68,68,68,68,68,68,68,68,68,68,68,68],"card_choices":[{"not_picked":["Turbo","Rebound"],"picked":"Melter","floor":1},{"not_picked":["Stack","Sweeping Beam"],"picked":"Tempest","floor":2},{"not_picked":["Ball Lightning","Compile Driver"],"picked":"Loop","floor":6},{"not_picked":["Rainbow","Rebound"],"picked":"Static Discharge","floor":8},{"not_picked":["Undo","Stack"],"picked":"Ball Lightning","floor":11},{"not_picked":["Blizzard","Stack"],"picked":"Storm","floor":12},{"not_picked":["Rip and Tear","Steam"],"picked":"Darkness","floor":13}],"player_experience":171669,"relics_obtained":[{"floor":4,"key":"Bag of Preparation"},{"floor":6,"key":"Anchor"},{"floor":8,"key":"The Courier"},{"floor":9,"key":"Lantern"}],"event_choices":[{"damage_healed":0,"gold_gain":75,"player_choice":"Gather Gold","damage_taken":11,"max_hp_gain":0,"max_hp_loss":0,"event_name":"World of Goop","floor":3,"gold_loss":0}],"is_beta":false,"boss_relics":[],"items_purged_floors":[],"is_endless":false,"potions_floor_spawned":[1,8,13],"killed_by":"Slime Boss","ascension_level":0}