{"gold_per_floor":[118,133,21,31,46,72,89,89,89,89,89,104,122,152,152,152],"floor_reached":16,"playtime":888,"items_purged":["Strike_R"],"score":137,"play_id":"690c4846-8efa-41a5-a101-55d6930a0aa2","local_time":"20190214230252","is_ascension_mode":true,"campfire_choices":[{"data":"Inflame","floor":8,"key":"SMITH"},{"data":"Body Slam","floor":11,"key":"SMITH"},{"data":"Flame Barrier","floor":15,"key":"SMITH"}],"neow_cost":"NONE","seed_source_timestamp":2202015118978585,"circlet_count":0,"master_deck":["Strike_R","Strike_R","Strike_R","Strike_R","Defend_R","Defend_R","Defend_R","Defend_R","Bash","Impatience","Disarm","Body Slam+1","Flame Barrier+1","Rampage","Inflame+1","Immolate","Twin Strike","Regret","Headbutt+1","Body Slam+1","Reaper+1"],"relics":["Burning Blood","Bag of Marbles","Molten Egg 2","Ancient Tea Set","Turnip"],"potions_floor_usage":[6,16],"damage_taken":[{"damage":6,"enemies":"Cultist","floor":1,"turns":3},{"damage":7,"enemies":"2 Louse","floor":2,"turns":3},{"damage":5,"enemies":"Small Slimes","floor":4,"turns":4},{"damage":4,"enemies":"2 Fungi Beasts","floor":5,"turns":4},{"damage":16,"enemies":"Gremlin Nob","floor":6,"turns":3},{"damage":0,"enemies":"Large Slime","floor":7,"turns":3},{"damage":0,"enemies":"Looter","floor":12,"turns":2},{"damage":7,"enemies":"Blue Slaver","floor":13,"turns":4},{"damage":31,"enemies":"Lagavulin","floor":14,"turns":5},{"damage":54,"enemies":"The Guardian","floor":16,"turns":8}],"seed_played":"-111317021768233749","potions_obtained":[{"floor":1,"key":"SpeedPotion"},{"floor":2,"key":"Strength Potion"},{"floor":7,"key":"Explosive Potion"},{"floor":12,"key":"SneckoOil"},{"floor":14,"key":"Energy Potion"}],"is_trial":false,"path_per_floor":["M","M","$","M","M","E","M","R","T","?","R","M","M","E","R","B"],"character_chosen":"IRONCLAD","items_purchased":["Flame Barrier"],"campfire_rested":0,"item_purchase_floors":[3],"current_hp_per_floor":[80,79,79,80,80,70,76,76,76,76,76,80,79,54,54,0],"gold":152,"neow_bonus":"RANDOM_COLORLESS","is_prod":false,"is_daily":false,"chose_seed":false,"campfire_upgraded":3,"win_rate":0,"timestamp":1550185372,"path_taken":["M","M","$","M","M","E","M","R","T","?","R","M","M","E","R","BOSS"],"build_version":"2019-01-23","purchased_purges":1,"victory":false,"max_hp_per_floor":[80,80,80,80,80,80,80,80,80,80,80,80,80,80,80,80],"card_choices":[{"not_picked":["Sword Boomerang","Uppercut"],"picked":"Disarm","floor":1},{"not_picked":["Sentinel","Dual Wield"],"picked":"Body Slam","floor":2},{"not_picked":["Disarm","Shrug It Off"],"picked":"Rampage","floor":4},{"not_picked":["Dropkick","Sever Soul"],"picked":"Inflame","floor":5},{"not_picked":["Sword Boomerang","Heavy Blade"],"picked":"Immolate","floor":6},{"not_picked":["Havoc","Perfected Strike"],"picked":"Twin Strike","floor":7},{"not_picked":["Thunderclap+1","Anger+1"],"picked":"Headbutt+1","floor":12},{"not_picked":["Thunderclap+1","Inflame"],"picked":"Body Slam+1","floor":13},{"not_picked":["Blood for Blood+1","Pummel+1"],"picked":"Reaper+1","floor":14}],"player_experience":482813,"relics_obtained":[{"floor":6,"key":"Bag of Marbles"},{"floor":9,"key":"Molten Egg 2"},{"floor":14,"key":"Turnip"}],"event_choices":[{"damage_healed":0,"gold_gain":0,"player_choice":"Box","damage_taken":0,"relics_obtained":["Ancient Tea Set"],"max_hp_gain":0,"max_hp_loss":0,"event_name":"Big Fish","floor":10,"gold_loss":0,"cards_obtained":["Regret"]}],"is_beta":false,"boss_relics":[],"items_purged_floors":[3],"is_endless":false,"potions_floor_spawned":[1,2,7,12,14],"killed_by":"The Guardian","ascension_level":4}