{"gold_per_floor":[116,128,138,138,118,118,129,139,139,159,159,178,211,224,224,329,329,348,348,6,21,36,36,49,49],"floor_reached":25,"playtime":2948,"items_purged":[],"score":334,"play_id":"bf4ad200-2274-4ac5-8d5a-556b50b06802","local_time":"20190215145029","is_ascension_mode":true,"campfire_choices":[{"data":"Hologram","floor":6,"key":"SMITH"},{"data":"Zap","floor":11,"key":"SMITH"},{"data":"Go for the Eyes","floor":15,"key":"SMITH"},{"data":"Dualcast","floor":23,"key":"SMITH"}],"neow_cost":"NONE","seed_source_timestamp":102173737784000,"circlet_count":0,"master_deck":["AscendersBane","Strike_B+1","Strike_B","Strike_B","Strike_B+1","Defend_B","Defend_B","Defend_B","Defend_B","Zap+1","Dualcast+1","Hologram+1","Buffer+1","Skim","Compile Driver","Cold Snap","Go for the Eyes+1","Self Repair","Rebound","All For One","Streamline","Reprogram","Go for the Eyes","Gash","Go for the Eyes","Coolheaded"],"relics":["Coffee Dripper","Bottled Flame","Whetstone","Black Star","Bird Faced Urn"],"potions_floor_usage":[7,7,13,14,16,21,24,25],"damage_taken":[{"damage":1,"enemies":"Cultist","floor":1,"turns":3},{"damage":0,"enemies":"Small Slimes","floor":2,"turns":4},{"damage":0,"enemies":"2 Louse","floor":3,"turns":4},{"damage":5,"enemies":"Exordium Thugs","floor":7,"turns":5},{"damage":0,"enemies":"Exordium Wildlife","floor":8,"turns":5},{"damage":6,"enemies":"Looter","floor":10,"turns":3},{"damage":0,"enemies":"2 Fungi Beasts","floor":12,"turns":3},{"damage":18,"enemies":"Gremlin Nob","floor":13,"turns":6},{"damage":0,"enemies":"Exordium Wildlife","floor":14,"turns":4},{"damage":19,"enemies":"The Guardian","floor":16,"turns":14},{"damage":12,"enemies":"3 Byrds","floor":18,"turns":5},{"damage":1,"enemies":"Spheric Guardian","floor":21,"turns":3},{"damage":32,"enemies":"Snake Plant","floor":22,"turns":6},{"damage":19,"enemies":"Centurion and Healer","floor":24,"turns":7},{"damage":30,"enemies":"Slavers","floor":25,"turns":1}],"seed_played":"-3697850596727229640","potions_obtained":[{"floor":2,"key":"PowerPotion"},{"floor":3,"key":"Explosive Potion"},{"floor":5,"key":"Weak Potion"},{"floor":10,"key":"Weak Potion"},{"floor":12,"key":"Weak Potion"},{"floor":14,"key":"GamblersBrew"},{"floor":18,"key":"SkillPotion"},{"floor":22,"key":"SkillPotion"},{"floor":24,"key":"FocusPotion"}],"is_trial":false,"path_per_floor":["M","M","M","?","?","R","M","M","T","M","R","M","E","M","R","B",null,"M","?","$","M","M","R","M","E"],"character_chosen":"DEFECT","items_purchased":["Bird Faced Urn","Go for the Eyes"],"campfire_rested":0,"item_purchase_floors":[20,20],"current_hp_per_floor":[67,67,67,67,67,67,62,62,62,56,56,56,38,45,45,33,65,60,60,60,59,38,38,30,0],"gold":49,"neow_bonus":"BOSS_RELIC","is_prod":false,"is_daily":false,"chose_seed":false,"campfire_upgraded":4,"win_rate":0,"timestamp":1550260229,"path_taken":["M","M","M","?","?","R","?","?","T","M","R","M","E","M","R","BOSS","M","?","$","M","M","R","M","E"],"build_version":"2019-01-23","purchased_purges":0,"victory":false,"max_hp_per_floor":[75,75,75,75,75,75,75,75,75,75,75,75,75,75,75,75,75,75,75,75,75,75,75,75,75],"card_choices":[{"not_picked":["Turbo","Barrage","Hello World"],"picked":"SKIP","floor":1},{"not_picked":["Barrage","Chaos"],"picked":"Hologram","floor":2},{"not_picked":["Coolheaded","Barrage"],"picked":"Buffer","floor":3},{"not_picked":["Double Energy","Turbo"],"picked":"Skim","floor":7},{"not_picked":["Lockon","Ball Lightning"],"picked":"Compile Driver","floor":8},{"not_picked":["Scrape","Doom and Gloom"],"picked":"Cold Snap","floor":10},{"not_picked":["Beam Cell","Leap"],"picked":"Go for the Eyes","floor":12},{"not_picked":["Sweeping Beam","Seek"],"picked":"Self Repair","floor":13},{"not_picked":["Stack","Blizzard"],"picked":"Rebound","floor":14},{"not_picked":["Creative AI","Thunder Strike"],"picked":"All For One","floor":16},{"not_picked":["Cold Snap","Sweeping Beam"],"picked":"Streamline","floor":18},{"not_picked":["White Noise","Undo"],"picked":"Gash","floor":21},{"not_picked":["Steam","Compile Driver"],"picked":"Go for the Eyes","floor":22},{"not_picked":["Compile Driver","Ball Lightning"],"picked":"Coolheaded","floor":24}],"player_experience":1202387,"relics_obtained":[{"floor":9,"key":"Bottled Flame"},{"floor":13,"key":"Whetstone"}],"event_choices":[{"damage_healed":0,"gold_gain":0,"player_choice":"Grow","damage_taken":0,"max_hp_gain":0,"max_hp_loss":0,"event_name":"Living Wall","floor":4,"gold_loss":0,"cards_upgraded":["Buffer"]},{"damage_healed":0,"gold_gain":0,"player_choice":"Bought 1 Potion","damage_taken":0,"max_hp_gain":0,"max_hp_loss":0,"event_name":"The Woman in Blue","floor":5,"gold_loss":0},{"damage_healed":0,"gold_gain":0,"player_choice":"1 cards matched","damage_taken":0,"max_hp_gain":0,"max_hp_loss":0,"event_name":"Match and Keep!","floor":19,"gold_loss":0,"cards_obtained":["Reprogram"]}],"is_beta":false,"boss_relics":[{"not_picked":["Runic Dome","Sozu"],"picked":"Black Star"}],"items_purged_floors":[],"is_endless":false,"potions_floor_spawned":[2,3,10,12,14,18,22,24],"killed_by":"Slavers","ascension_level":12}