{"path_per_floor":["M","?","?","M","?","E","R","M","T","R","M","M","$","M","R","B",null,"M","?","?","M","?","E","R","M","T","E","?","?","$","?","R","B",null,"M","?","?","?","M"],"character_chosen":"IRONCLAD","items_purchased":["Mercury Hourglass"],"gold_per_floor":[116,116,116,130,130,160,160,175,175,175,189,207,132,144,144,246,246,261,261,261,273,198,232,232,249,298,325,325,325,78,78,78,177,177,187,287,287,287,305],"floor_reached":40,"campfire_rested":2,"playtime":1500,"current_hp_per_floor":[77,61,54,53,46,25,64,57,57,57,52,46,46,41,41,16,77,70,70,70,62,62,46,46,31,31,4,4,32,32,32,72,6,84,59,59,48,48,1],"items_purged":["Parasite"],"gold":305,"score":372,"play_id":"b5fd40a3-5830-490d-956b-c0a0912558ea","local_time":"20180304113046","is_prod":false,"is_daily":false,"is_ascension_mode":false,"campfire_upgraded":3,"timestamp":1520181046,"path_taken":["M","?","?","M","?","E","R","M","T","R","M","M","?","M","R","BOSS","M","?","?","M","?","E","R","M","T","E","?","?","$","?","R","BOSS","M","?","?","?","M","M"],"build_version":"2018-03-01-PROD1","purchased_purges":1,"victory":false,"master_deck":["Strike_R+1","Strike_R+1","Strike_R+1","Strike_R+1","Strike_R+1","Defend_R+1","Defend_R+1","Defend_R+1","Defend_R+1","Bash+1","Combust","Offering+1","Perfected Strike+1","Entrench","Perfected Strike+1","Shockwave","Hemokinesis","Brutality","Fire Breathing+1","Rampage+1","Sever Soul+1","Seeing Red","Offering+1","Demon Form","Madness","Madness","Seeing Red+1"],"max_hp_per_floor":[80,80,80,80,80,80,80,80,80,80,80,80,77,77,77,77,77,77,77,77,77,77,84,84,84,84,84,84,84,84,84,84,84,84,84,84,84,84,84],"relics":["Calling Bell","Juzu Bracelet","Orichalcum","Oddly Smooth Stone","War Paint","Regal Pillow","Magic Flower","Cursed Key","Strawberry","Whetstone","Paper Frog","Vajra","Mercury Hourglass","Philosopher\u0027s Stone"],"card_choices":[{"not_picked":["Metallicize","Twin Strike"],"picked":"Combust"},{"not_picked":["Cleave","Dual Wield"],"picked":"Offering"},{"not_picked":["Rage","Havoc"],"picked":"Perfected Strike"},{"not_picked":["Armaments","Iron Wave"],"picked":"Entrench"},{"not_picked":["Shrug It Off","Clothesline"],"picked":"Perfected Strike"},{"not_picked":["Entrench","Heavy Blade"],"picked":"Shockwave"},{"not_picked":["Thunderclap","Clothesline"],"picked":"Hemokinesis"},{"not_picked":["Impervious","Dark Embrace"],"picked":"Brutality"},{"not_picked":["Flame Barrier","Evolve"],"picked":"Fire Breathing"},{"not_picked":["Barricade","Twin Strike"],"picked":"Rampage"},{"not_picked":["Rage","Metallicize"],"picked":"Sever Soul"},{"not_picked":["Anger","Clash"],"picked":"Seeing Red"},{"not_picked":["Bludgeon","Limit Break"],"picked":"Demon Form"},{"not_picked":["True Grit","Perfected Strike"],"picked":"Seeing Red"}],"player_experience":80329,"potions_floor_usage":[6,16,16,23,23,27,39,40],"damage_taken":[{"damage":3,"enemies":"Cultist","floor":1,"turns":4},{"damage":1,"enemies":"Small Slimes","floor":4,"turns":3},{"damage":21,"enemies":"Gremlin Nob","floor":6,"turns":5},{"damage":7,"enemies":"Jaw Worm","floor":8,"turns":2},{"damage":5,"enemies":"Looter","floor":11,"turns":3},{"damage":6,"enemies":"Large Slime","floor":12,"turns":4},{"damage":5,"enemies":"2 Fungi Beasts","floor":14,"turns":2},{"damage":50,"enemies":"The Guardian","floor":16,"turns":7},{"damage":7,"enemies":"Chosen","floor":18,"turns":2},{"damage":8,"enemies":"Spheric Guardian","floor":21,"turns":2},{"damage":23,"enemies":"Book of Stabbing","floor":23,"turns":4},{"damage":15,"enemies":"Centurion and Healer","floor":25,"turns":4},{"damage":27,"enemies":"Slavers","floor":27,"turns":5},{"damage":66,"enemies":"Collector","floor":33,"turns":6},{"damage":25,"enemies":"3 Shapes","floor":35,"turns":3},{"damage":47,"enemies":"3 Darklings","floor":39,"turns":4},{"damage":4,"enemies":"Maw","floor":40,"turns":2}],"event_choices":[{"event_name":"Shining Light","player_choice":"Entered Light","floor":2,"damage_taken":0},{"event_name":"Golden Wing","player_choice":"Card Removal","floor":3,"damage_taken":0},{"event_name":"Scrap Ooze","player_choice":"success","floor":5,"damage_taken":7},{"event_name":"Vampires","player_choice":"Ignored","floor":19,"damage_taken":0},{"event_name":"Back to Basics","player_choice":"Simplicity","floor":20,"damage_taken":0},{"event_name":"Beggar","player_choice":"Gave Gold","floor":22,"damage_taken":0},{"event_name":"The Mausoleum","player_choice":"Yes","floor":28,"damage_taken":0},{"event_name":"The Library","player_choice":"Heal","floor":29,"damage_taken":0},{"event_name":"Duplicator","player_choice":"One dupe","floor":31,"damage_taken":0},{"event_name":"Golden Shrine","player_choice":"Pray","floor":36,"damage_taken":0},{"event_name":"Winding Halls","player_choice":"Embrace Madness","floor":37,"damage_taken":0},{"event_name":"Purifier","player_choice":"One Purge","floor":38,"damage_taken":0}],"boss_relics":[{"not_picked":["Sozu","Astrolabe"],"picked":"Cursed Key"},{"not_picked":["Question Card","White Beast Statue"],"picked":"Philosopher\u0027s Stone"}],"potions_floor_spawned":[1,6,8,14,18,23,33,35,39],"seed_played":"-4435225977786299295","killed_by":"Maw","ascension_level":0,"is_trial":false}