{"gold_per_floor":[119,119,135,153,174,174,192,192,215,240,263,263,263,283,283,283],"floor_reached":16,"playtime":558,"items_purged":[],"score":125,"play_id":"6b0f9db8-b766-40e1-9c56-fc2d3e78fa6a","local_time":"20190301165530","is_ascension_mode":true,"campfire_choices":[{"data":"Zap","floor":6,"key":"SMITH"},{"floor":8,"key":"REST"},{"data":"Hyperbeam","floor":12,"key":"SMITH"},{"floor":15,"key":"REST"}],"neow_cost":"NONE","seed_source_timestamp":139402181449140,"circlet_count":0,"master_deck":["Strike_B","Strike_B","Strike_B","Strike_B","Defend_B+1","Defend_B+1","Defend_B","Defend_B","Zap+1","Dualcast","Madness","Hologram","Hyperbeam+1"],"relics":["Cracked Core","Golden Idol","War Paint","Art of War"],"potions_floor_usage":[10],"damage_taken":[{"damage":8,"enemies":"Small Slimes","floor":1,"turns":4},{"damage":2,"enemies":"Jaw Worm","floor":3,"turns":4},{"damage":0,"enemies":"2 Louse","floor":4,"turns":3},{"damage":24,"enemies":"Lots of Slimes","floor":5,"turns":4},{"damage":7,"enemies":"Red Slaver","floor":7,"turns":4},{"damage":15,"enemies":"Large Slime","floor":10,"turns":6},{"damage":6,"enemies":"Exordium Wildlife","floor":11,"turns":5},{"damage":2,"enemies":"2 Fungi Beasts","floor":14,"turns":2},{"damage":34,"enemies":"The Guardian","floor":16,"turns":11}],"seed_played":"-1920183525025812926","potions_obtained":[{"floor":4,"key":"SpeedPotion"},{"floor":5,"key":"Weak Potion"},{"floor":14,"key":"GamblersBrew"}],"is_trial":false,"path_per_floor":["M","?","M","M","M","R","M","R","T","M","M","R","?","M","R","B"],"character_chosen":"DEFECT","items_purchased":[],"campfire_rested":2,"item_purchase_floors":[],"current_hp_per_floor":[60,60,58,58,34,34,27,47,47,32,26,26,14,12,32,0],"gold":283,"neow_bonus":"RANDOM_COLORLESS","is_prod":false,"is_daily":false,"chose_seed":false,"campfire_upgraded":2,"win_rate":0,"timestamp":1551480930,"path_taken":["M","?","M","M","M","R","M","R","T","M","M","R","?","M","R","BOSS"],"build_version":"2019-01-23","purchased_purges":0,"victory":false,"max_hp_per_floor":[75,69,69,69,69,69,69,69,69,69,69,69,69,69,69,69],"card_choices":[{"not_picked":["Sweeping Beam","Barrage","Rip and Tear"],"picked":"SKIP","floor":1},{"not_picked":["Rebound","Stack","Reprogram"],"picked":"SKIP","floor":3},{"not_picked":["Gash","Scrape","Cold Snap"],"picked":"SKIP","floor":4},{"not_picked":["Stack","Coolheaded","Redo"],"picked":"SKIP","floor":5},{"not_picked":["Reprogram","Turbo"],"picked":"Hologram","floor":7},{"not_picked":["Barrage","Coolheaded","Force Field"],"picked":"SKIP","floor":10},{"not_picked":["Go for the Eyes","Force Field"],"picked":"Hyperbeam","floor":11},{"not_picked":["Cold Snap","Sweeping Beam","Double Energy"],"picked":"SKIP","floor":14}],"player_experience":618171,"relics_obtained":[{"floor":9,"key":"War Paint"}],"event_choices":[{"damage_healed":0,"gold_gain":0,"player_choice":"Lose Max HP","damage_taken":0,"relics_obtained":["Golden Idol"],"max_hp_gain":0,"max_hp_loss":6,"event_name":"Golden Idol","floor":2,"gold_loss":0},{"damage_healed":0,"gold_gain":0,"player_choice":"Success","damage_taken":12,"relics_obtained":["Art of War"],"max_hp_gain":0,"max_hp_loss":0,"event_name":"Scrap Ooze","floor":13,"gold_loss":0}],"is_beta":false,"boss_relics":[],"items_purged_floors":[],"is_endless":false,"potions_floor_spawned":[4,5,14],"killed_by":"The Guardian","ascension_level":6}