{"gold_per_floor":[113,32,32,55,69,112,112,136,136,82,82,108,149,324,324,455,455,448,448,448,140,155,155,199,146,146,179,199,242,242,256,256,381,381,395,93,426,441,441,471,546,546,546,546,293,293,309,329,329,329,329,329,39,65,65],"floor_reached":56,"playtime":2932,"items_purged":["Shame","Injury"],"score":1880,"play_id":"c1ca2abc-43c5-498a-bc5e-4a6313e41b77","local_time":"20190207153328","is_ascension_mode":true,"campfire_choices":[{"data":"Bash","floor":7.0,"key":"SMITH"},{"data":"Corruption","floor":11.0,"key":"SMITH"},{"data":"True Grit","floor":15.0,"key":"SMITH"},{"data":"Reaper","floor":23.0,"key":"SMITH"},{"data":"Strike_R","floor":30.0,"key":"SMITH"},{"data":"Body Slam","floor":32.0,"key":"SMITH"},{"floor":49.0,"key":"RECALL"},{"data":"Dark Embrace","floor":52,"key":"SMITH"}],"neow_cost":"NONE","seed_source_timestamp":0,"circlet_count":0,"master_deck":["Strike_R+1","Strike_R+1","Strike_R","Strike_R+1","Strike_R","Defend_R","Defend_R","Defend_R","Defend_R","Bash+1","Dual Wield","Corruption+1","Entrench","True Grit+1","Pommel Strike","Shrug It Off","Ghostly Armor","Doubt","Reaper+1","Shockwave","Ghostly","Ghostly","Ghostly","Ghostly","Ghostly","Flex","Intimidate+1","Body Slam+1","Armaments+1","Intimidate+1","Shrug It Off+1","Limit Break+1","Body Slam","Dark Embrace+1","True Grit+1","Shrug It Off+1","Spot Weakness+1","Dark Shackles+1","True Grit+1","Second Wind+1","Pain","Rage+1","Shrug It Off+1","Spot Weakness+1","Feel No Pain","Shrug It Off+1","Corruption+1"],"special_seed":0,"relics":["Burning Blood","NeowsBlessing","Whetstone","Blue Candle","Dead Branch","Odd Mushroom","Prayer Wheel","Black Star","Question Card","Toxic Egg 2","Charon\u0027s Ashes","WingedGreaves","Unceasing Top","Champion Belt","Pen Nib","Letter Opener","Mango","Cursed Key","Membership Card","FossilizedHelix","Thread and Needle","Ice Cream","WarpedTongs","Dodecahedron","Centennial Puzzle","Happy Flower","Ornamental Fan"],"potions_floor_usage":[],"damage_taken":[{"damage":0.0,"enemies":"Jaw Worm","floor":1.0,"turns":1.0},{"damage":0.0,"enemies":"Cultist","floor":5.0,"turns":1.0},{"damage":0.0,"enemies":"Lagavulin","floor":6.0,"turns":1.0},{"damage":3.0,"enemies":"Small Slimes","floor":8.0,"turns":3.0},{"damage":0.0,"enemies":"The Mushroom Lair","floor":12.0,"turns":4.0},{"damage":3.0,"enemies":"Gremlin Nob","floor":13.0,"turns":2.0},{"damage":49.0,"enemies":"Hexaghost","floor":16.0,"turns":4.0},{"damage":20.0,"enemies":"2 Thieves","floor":18.0,"turns":4.0},{"damage":8.0,"enemies":"Spheric Guardian","floor":22.0,"turns":8.0},{"damage":15.0,"enemies":"Book of Stabbing","floor":24.0,"turns":5.0},{"damage":5.0,"enemies":"Slavers","floor":27.0,"turns":3.0},{"damage":0.0,"enemies":"Centurion and Healer","floor":28.0,"turns":2.0},{"damage":8.0,"enemies":"Book of Stabbing","floor":29.0,"turns":6.0},{"damage":3.0,"enemies":"3 Cultists","floor":31.0,"turns":3.0},{"damage":2.0,"enemies":"Champ","floor":33.0,"turns":9.0},{"damage":1.0,"enemies":"3 Shapes","floor":35.0,"turns":3.0},{"damage":1.0,"enemies":"Orb Walker","floor":38.0,"turns":5.0},{"damage":1.0,"enemies":"Nemesis","floor":40.0,"turns":3.0},{"damage":0.0,"enemies":"Maw","floor":42.0,"turns":1.0},{"damage":17.0,"enemies":"Sphere and 2 Shapes","floor":47.0,"turns":3.0},{"damage":0.0,"enemies":"Transient","floor":48.0,"turns":5.0},{"damage":2,"enemies":"Time Eater","floor":50,"turns":6},{"damage":0,"enemies":"Shield and Spear","floor":54,"turns":3},{"damage":4,"enemies":"The Heart","floor":55,"turns":5}],"seed_played":"-1323372870168977482","potions_obtained":[{"floor":1.0,"key":"SteroidPotion"},{"floor":12.0,"key":"SmokeBomb"},{"floor":13.0,"key":"Strength Potion"},{"floor":31.0,"key":"Ancient Potion"},{"floor":40.0,"key":"Energy Potion"},{"floor":47.0,"key":"SkillPotion"},{"floor":48.0,"key":"BloodPotion"}],"is_trial":false,"path_per_floor":["M","$","?","T","M","E","R","M","T","$","R","?","E","?","R","B",null,"M","?","?","$","M","R","E","$","T","E","M","E","R","M","R","B",null,"M","$","?","M","?","E","?","M","T","?","$","?","M","M","R","B",null,"R","$","E","B",null],"character_chosen":"IRONCLAD","items_purchased":["Corruption","Shrug It Off","Flex","Toxic Egg 2","Armaments+1","Membership Card","Spot Weakness+1","Dark Shackles+1","Ice Cream","True Grit+1","Second Wind+1","Dodecahedron","Centennial Puzzle","Spot Weakness+1","Feel No Pain","Shrug It Off+1"],"campfire_rested":0,"item_purchase_floors":[2,10,21,21,25,36,36,36,45,45,45,53,53,53,53,53],"current_hp_per_floor":[80,80,60,60,66,72,72,75,75,75,75,80,80,80,80,37,69,63,40,40,40,40,40,31,31,31,40,40,54,54,54,54,54,54,54,54,54,54,54,54,49,54,54,51,51,51,40,46,46,50,51,51,51,51,51],"gold":65,"neow_bonus":"THREE_ENEMY_KILL","is_prod":false,"is_daily":false,"chose_seed":false,"campfire_upgraded":7,"win_rate":0,"timestamp":1549582408,"path_taken":["M","$","?","?","?","E","R","M","T","?","R","?","E","?","R","BOSS","M","?","?","$","M","R","E","$","T","E","M","E","R","M","R","BOSS","M","$","?","M","?","E","?","?","T","?","$","?","M","M","R","BOSS","R","$","E","BOSS"],"build_version":"2019-01-23","purchased_purges":2,"victory":true,"max_hp_per_floor":[80,80,80,80,80,80,80,80,80,80,80,80,80,80,80,80,80,80,40,40,40,40,40,40,40,40,40,40,54,54,54,54,54,54,54,54,54,54,54,54,54,54,54,51,51,51,51,51,51,51,51,51,51,51,51],"card_choices":[{"not_picked":["Uppercut","Heavy Blade"],"picked":"Dual Wield","floor":1.0},{"not_picked":["Clothesline","Reckless Charge"],"picked":"Entrench","floor":5.0},{"not_picked":["Twin Strike","Armaments"],"picked":"True Grit","floor":6.0},{"not_picked":["Clash","Combust"],"picked":"Pommel Strike","floor":8.0},{"not_picked":["Uppercut","Blood for Blood"],"picked":"Ghostly Armor","floor":13.0},{"not_picked":["Berserk","Demon Form"],"picked":"Reaper","floor":16.0},{"not_picked":["Sever Soul+1","Metallicize"],"picked":"Shockwave","floor":18.0},{"not_picked":["Sword Boomerang","Whirlwind","Twin Strike"],"picked":"SKIP","floor":18.0},{"not_picked":["Metallicize","Uppercut+1","Inflame"],"picked":"Intimidate+1","floor":22.0},{"not_picked":["Bloodletting+1","Combust","Wild Strike+1","Perfected Strike"],"picked":"SKIP","floor":22.0},{"not_picked":["Heavy Blade","Carnage","Clash"],"picked":"Body Slam","floor":24.0},{"not_picked":["Immolate","Wild Strike","Cleave"],"picked":"Intimidate+1","floor":27.0},{"not_picked":["Perfected Strike","Wild Strike","Armaments+1"],"picked":"Shrug It Off+1","floor":28.0},{"not_picked":["Warcry+1","Pummel+1","Uppercut","Clothesline"],"picked":"SKIP","floor":28.0},{"not_picked":["Armaments+1","Clothesline","Dual Wield+1"],"picked":"Limit Break+1","floor":29.0},{"not_picked":["Heavy Blade","Anger","Blood for Blood"],"picked":"Body Slam","floor":31.0},{"not_picked":["Clash+1","Wild Strike+1","Sword Boomerang","Rupture"],"picked":"SKIP","floor":31.0},{"not_picked":["Limit Break+1","Fiend Fire","Barricade"],"picked":"Dark Embrace","floor":33.0},{"not_picked":["Rupture+1","Infernal Blade+1","Shockwave+1"],"picked":"True Grit+1","floor":35.0},{"not_picked":["Shrug It Off+1","True Grit+1","Warcry+1","Twin Strike+1"],"picked":"SKIP","floor":35.0},{"not_picked":["True Grit+1","Warcry+1","Twin Strike+1"],"picked":"Shrug It Off+1","floor":35.0},{"not_picked":["Uppercut+1","Clash","True Grit+1","Carnage+1"],"picked":"SKIP","floor":38.0},{"not_picked":["Whirlwind","Perfected Strike+1","Seeing Red+1","Immolate"],"picked":"SKIP","floor":38.0},{"not_picked":["Intimidate+1","Pommel Strike+1","Uppercut","Wild Strike+1"],"picked":"SKIP","floor":40.0},{"not_picked":["Havoc+1","Heavy Blade+1","Infernal Blade+1"],"picked":"Rage+1","floor":47.0},{"not_picked":["Dual Wield+1","Carnage+1","Cleave","Twin Strike"],"picked":"SKIP","floor":47.0},{"not_picked":["Exhume+1","Feel No Pain+1","Twin Strike+1"],"picked":"Shrug It Off+1","floor":48.0},{"not_picked":["Rampage","Whirlwind","Intimidate+1","Pummel+1"],"picked":"SKIP","floor":48.0},{"not_picked":["Clothesline","Battle Trance+1","Intimidate+1"],"picked":"Corruption+1","floor":54}],"player_experience":250231,"relics_obtained":[{"floor":4.0,"key":"Whetstone"},{"floor":6.0,"key":"Blue Candle"},{"floor":9.0,"key":"Dead Branch"},{"floor":12.0,"key":"Odd Mushroom"},{"floor":13.0,"key":"Prayer Wheel"},{"floor":24.0,"key":"Charon\u0027s Ashes"},{"floor":24.0,"key":"WingedGreaves"},{"floor":26.0,"key":"Unceasing Top"},{"floor":27.0,"key":"Champion Belt"},{"floor":27.0,"key":"Pen Nib"},{"floor":29.0,"key":"Letter Opener"},{"floor":29.0,"key":"Mango"},{"floor":40.0,"key":"FossilizedHelix"},{"floor":40.0,"key":"Thread and Needle"},{"floor":54,"key":"Happy Flower"},{"floor":54,"key":"Ornamental Fan"}],"event_choices":[{"damage_healed":0.0,"max_hp_gain":0.0,"max_hp_loss":0.0,"gold_gain":0.0,"event_name":"Golden Idol","player_choice":"Take Damage","floor":3.0,"gold_loss":0.0,"damage_taken":20.0,"relics_obtained":["Golden Idol"]},{"damage_healed":0.0,"max_hp_gain":0.0,"max_hp_loss":0.0,"gold_gain":0.0,"event_name":"Mushrooms","player_choice":"Fought Mushrooms","floor":12.0,"gold_loss":0.0,"damage_taken":0.0},{"damage_healed":0.0,"max_hp_gain":0.0,"max_hp_loss":0.0,"gold_gain":175.0,"event_name":"Liars Game","player_choice":"AGREE","floor":14.0,"gold_loss":0.0,"damage_taken":0.0,"cards_obtained":["Doubt"]},{"damage_healed":0.0,"max_hp_gain":0.0,"max_hp_loss":40.0,"gold_gain":0.0,"event_name":"Ghosts","player_choice":"Became a Ghost","floor":19.0,"gold_loss":0.0,"damage_taken":0.0,"cards_obtained":["Ghostly","Ghostly","Ghostly","Ghostly","Ghostly"]},{"damage_healed":0.0,"max_hp_gain":0.0,"max_hp_loss":0.0,"gold_gain":0.0,"event_name":"Addict","player_choice":"Stole Relic","floor":20.0,"gold_loss":0.0,"damage_taken":0.0,"relics_obtained":["Question Card"],"cards_obtained":["Shame"]},{"damage_healed":0.0,"max_hp_gain":0.0,"max_hp_loss":0.0,"gold_gain":333.0,"event_name":"The Moai Head","player_choice":"Gave Idol","floor":37.0,"relics_lost":["Golden Idol"],"gold_loss":0.0,"damage_taken":0.0},{"damage_healed":0.0,"max_hp_gain":0.0,"max_hp_loss":0.0,"gold_gain":0.0,"event_name":"Tomb of Lord Red Mask","player_choice":"Ignored","floor":39.0,"gold_loss":0.0,"damage_taken":0.0},{"damage_healed":0.0,"max_hp_gain":0.0,"max_hp_loss":0.0,"gold_gain":75.0,"event_name":"FaceTrader","player_choice":"Touch","floor":41.0,"gold_loss":0.0,"damage_taken":5.0},{"damage_healed":0.0,"max_hp_gain":0.0,"max_hp_loss":3.0,"gold_gain":0.0,"event_name":"Winding Halls","player_choice":"Max HP","floor":44.0,"gold_loss":0.0,"damage_taken":0.0},{"damage_healed":0.0,"max_hp_gain":0.0,"max_hp_loss":0.0,"gold_gain":0.0,"event_name":"Accursed Blacksmith","player_choice":"Rummage","floor":46.0,"gold_loss":0.0,"damage_taken":0.0,"relics_obtained":["WarpedTongs"],"cards_obtained":["Pain"]}],"is_beta":false,"boss_relics":[{"not_picked":["Velvet Choker","Ectoplasm"],"picked":"Black Star"},{"not_picked":["Black Blood","Sozu"],"picked":"Cursed Key"}],"items_purged_floors":[36,45],"is_endless":false,"potions_floor_spawned":[1,12,13,22,24,28,31,40,47,48],"ascension_level":5}