{"gold_per_floor":[118,129,204,129,144,144,161,192,192,224,224,224,224,234,234,339,339,351,384,299,313,77,112,112,146,200,200,299,299,318,318,318,419,469,489,842,855,855,354,389,389,401,456,470,505,8,43,62,62,62],"floor_reached":51,"playtime":3958,"items_purged":["Strike_R","Strike_R","Writhe"],"score":1038,"play_id":"07fa3903-4077-4f18-9d14-827d2db67322","local_time":"20190303043247","is_ascension_mode":true,"campfire_choices":[{"data":"Barricade","floor":6,"key":"SMITH"},{"data":"Juggernaut","floor":13,"key":"SMITH"},{"data":"Armaments","floor":15,"key":"SMITH"},{"data":"Body Slam","floor":24,"key":"SMITH"},{"data":"Reaper","floor":27,"key":"SMITH"},{"data":"Defend_R","floor":29,"key":"SMITH"},{"data":"Defend_R","floor":32,"key":"SMITH"},{"floor":41,"key":"REST"},{"floor":49,"key":"REST"}],"neow_cost":"NONE","seed_source_timestamp":725650520120403,"circlet_count":0,"master_deck":["Strike_R","Strike_R+1","Strike_R+1","Defend_R+1","Defend_R+1","Defend_R+1","Defend_R+1","Bash","Barricade+1","Body Slam+1","Iron Wave+1","Armaments+1","Juggernaut+1","True Grit+1","Reaper+1","Iron Wave+1","Feel No Pain+1","Ghostly Armor+1","Shrug It Off+1","Brutality+1","Shrug It Off+1","Impervious+1","The Bomb+1","Ghostly Armor+1","Offering+1","Seeing Red+1","Thinking Ahead+1"],"relics":["Burning Blood","Pocketwatch","Toxic Egg 2","Matryoshka","Frozen Egg 2","Pen Nib","Runic Dome","Red Mask","Lantern","Centennial Puzzle","Mercury Hourglass","Dream Catcher","PreservedInsect","Whetstone","Bag of Preparation","Tiny House","Old Coin","Anchor","Meat on the Bone","Blood Vial","War Paint","Lee\u0027s Waffle","Blue Candle"],"potions_floor_usage":[8,8,19,23,25,40],"damage_taken":[{"damage":9,"enemies":"Jaw Worm","floor":1,"turns":10},{"damage":4,"enemies":"Small Slimes","floor":2,"turns":6},{"damage":0,"enemies":"2 Louse","floor":5,"turns":4},{"damage":7,"enemies":"2 Fungi Beasts","floor":7,"turns":4},{"damage":35,"enemies":"3 Sentries","floor":8,"turns":11},{"damage":0,"enemies":"Lagavulin","floor":10,"turns":7},{"damage":0,"enemies":"Large Slime","floor":14,"turns":5},{"damage":8,"enemies":"Slime Boss","floor":16,"turns":11},{"damage":7,"enemies":"Chosen","floor":18,"turns":4},{"damage":35,"enemies":"Masked Bandits","floor":19,"turns":5},{"damage":11,"enemies":"3 Byrds","floor":21,"turns":5},{"damage":0,"enemies":"Gremlin Leader","floor":23,"turns":7},{"damage":6,"enemies":"Slavers","floor":25,"turns":4},{"damage":2,"enemies":"Shelled Parasite and Fungi","floor":30,"turns":5},{"damage":1,"enemies":"Champ","floor":33,"turns":9},{"damage":3,"enemies":"3 Shapes","floor":35,"turns":4},{"damage":18,"enemies":"2 Orb Walkers","floor":36,"turns":7},{"damage":17,"enemies":"3 Darklings","floor":37,"turns":5},{"damage":34,"enemies":"Reptomancer","floor":40,"turns":7},{"damage":9,"enemies":"4 Shapes","floor":42,"turns":4},{"damage":16,"enemies":"Transient","floor":44,"turns":5},{"damage":31,"enemies":"Nemesis","floor":45,"turns":7},{"damage":11,"enemies":"Giant Head","floor":47,"turns":6},{"damage":13,"enemies":"Spire Growth","floor":48,"turns":4},{"damage":16,"enemies":"Time Eater","floor":50,"turns":11}],"seed_played":"-8501099228604930337","potions_obtained":[{"floor":2,"key":"Swift Potion"},{"floor":5,"key":"Dexterity Potion"},{"floor":7,"key":"SkillPotion"},{"floor":14,"key":"SpeedPotion"},{"floor":23,"key":"PowerPotion"},{"floor":25,"key":"Poison Potion"},{"floor":30,"key":"Strength Potion"},{"floor":34,"key":"GamblersBrew"},{"floor":40,"key":"AttackPotion"},{"floor":42,"key":"Swift Potion"},{"floor":48,"key":"EssenceOfSteel"}],"is_trial":false,"path_per_floor":["M","M","?","$","M","R","M","E","T","E","?","T","R","M","R","B",null,"M","?","?","M","$","E","R","E","T","R","?","R","M","?","R","B",null,"M","?","M","?","$","E","R","M","T","M","E","$","E","M","R","B",null],"character_chosen":"IRONCLAD","items_purchased":["Ghostly Armor+1","Centennial Puzzle","Anchor","The Bomb+1","Ghostly Armor+1","Lee\u0027s Waffle","Thinking Ahead+1"],"campfire_rested":2,"item_purchase_floors":[22,22,39,39,39,46,46],"current_hp_per_floor":[77,79,68,68,74,74,73,44,44,50,50,50,50,56,56,54,80,80,51,51,61,61,80,80,80,80,80,80,80,80,80,80,80,85,85,78,75,75,75,47,72,85,85,75,57,92,90,90,92,87],"gold":62,"neow_bonus":"ONE_RANDOM_RARE_CARD","is_prod":false,"is_daily":false,"chose_seed":false,"campfire_upgraded":7,"win_rate":0,"timestamp":1551583967,"path_taken":["M","M","?","$","M","R","M","E","T","E","?","?","R","M","R","BOSS","M","?","?","M","$","E","R","E","T","R","?","R","M","?","R","BOSS","M","?","M","?","$","E","R","M","T","M","E","$","E","M","R","BOSS"],"build_version":"2019-01-23","purchased_purges":3,"victory":true,"max_hp_per_floor":[80,80,80,80,80,80,80,80,80,80,80,80,80,80,80,80,80,80,80,80,80,80,80,80,80,80,80,80,80,80,80,80,80,85,85,85,85,85,85,85,85,85,85,85,85,92,92,92,92,92],"card_choices":[{"not_picked":["Clash","True Grit"],"picked":"Body Slam","floor":1},{"not_picked":["Clash","Wild Strike"],"picked":"Iron Wave","floor":2},{"not_picked":["Feel No Pain","Cleave"],"picked":"Armaments","floor":5},{"not_picked":["Hemokinesis","Evolve","Wild Strike"],"picked":"SKIP","floor":7},{"not_picked":["Exhume","Thunderclap"],"picked":"Juggernaut","floor":8},{"not_picked":["Havoc+1","Heavy Blade","Second Wind+1"],"picked":"SKIP","floor":10},{"not_picked":["Twin Strike","Clothesline"],"picked":"True Grit+1","floor":14},{"not_picked":["Demon Form+1","Immolate"],"picked":"Reaper","floor":16},{"not_picked":["Wild Strike","Rupture+1"],"picked":"Iron Wave+1","floor":18},{"not_picked":["Cleave","True Grit+1"],"picked":"Feel No Pain+1","floor":19},{"not_picked":["Reckless Charge","Disarm+1","Flex+1"],"picked":"SKIP","floor":21},{"not_picked":["Rage+1","Pommel Strike+1","Thunderclap+1"],"picked":"SKIP","floor":23},{"not_picked":["Clash","Dark Embrace+1","Armaments+1"],"picked":"SKIP","floor":25},{"not_picked":["Fire Breathing+1","Shockwave+1"],"picked":"Shrug It Off+1","floor":30},{"not_picked":["Reaper","Double Tap+1"],"picked":"Brutality+1","floor":33},{"not_picked":["Iron Wave","Pommel Strike+1"],"picked":"Shrug It Off+1","floor":34},{"not_picked":["Anger+1","Perfected Strike"],"picked":"Impervious+1","floor":35},{"not_picked":["Cleave+1","Wild Strike","Anger"],"picked":"SKIP","floor":37},{"not_picked":["Body Slam","Shrug It Off+1"],"picked":"Offering+1","floor":40},{"not_picked":["Sword Boomerang+1","Infernal Blade+1","True Grit+1"],"picked":"SKIP","floor":42},{"not_picked":["Searing Blow","Clothesline"],"picked":"Seeing Red+1","floor":44},{"not_picked":["Whirlwind","Dual Wield+1","Headbutt+1"],"picked":"SKIP","floor":45},{"not_picked":["Clothesline+1","Pummel","Rupture+1"],"picked":"SKIP","floor":47},{"not_picked":["Shrug It Off+1","Sword Boomerang","Pommel Strike"],"picked":"SKIP","floor":48}],"player_experience":429682,"relics_obtained":[{"floor":8,"key":"Pocketwatch"},{"floor":9,"key":"Toxic Egg 2"},{"floor":10,"key":"Matryoshka"},{"floor":12,"key":"Frozen Egg 2"},{"floor":12,"key":"Pen Nib"},{"floor":19,"key":"Red Mask"},{"floor":23,"key":"Mercury Hourglass"},{"floor":25,"key":"Dream Catcher"},{"floor":26,"key":"PreservedInsect"},{"floor":26,"key":"Whetstone"},{"floor":36,"key":"Old Coin"},{"floor":40,"key":"Meat on the Bone"},{"floor":43,"key":"Blood Vial"},{"floor":45,"key":"War Paint"},{"floor":47,"key":"Blue Candle"}],"event_choices":[{"damage_healed":0,"gold_gain":75,"player_choice":"Gather Gold","damage_taken":11,"max_hp_gain":0,"max_hp_loss":0,"event_name":"World of Goop","floor":3,"gold_loss":0},{"damage_healed":0,"gold_gain":0,"player_choice":"Ignored","damage_taken":0,"max_hp_gain":0,"max_hp_loss":0,"event_name":"Liars Game","floor":11,"gold_loss":0},{"damage_healed":0,"gold_gain":0,"player_choice":"Fought Bandits","damage_taken":0,"max_hp_gain":0,"max_hp_loss":0,"event_name":"Masked Bandits","floor":19,"gold_loss":0},{"damage_healed":0,"gold_gain":0,"player_choice":"Obtained Relic","damage_taken":0,"relics_obtained":["Lantern"],"max_hp_gain":0,"max_hp_loss":0,"event_name":"Addict","floor":20,"gold_loss":85},{"damage_healed":0,"gold_gain":99,"player_choice":"Stole From Cult","damage_taken":0,"max_hp_gain":0,"max_hp_loss":0,"event_name":"Nest","floor":28,"gold_loss":0},{"damage_healed":0,"gold_gain":0,"player_choice":"Opened","damage_taken":0,"relics_obtained":["Bag of Preparation"],"max_hp_gain":0,"max_hp_loss":0,"event_name":"The Mausoleum","floor":31,"gold_loss":0,"cards_obtained":["Writhe"]},{"damage_healed":0,"gold_gain":0,"player_choice":"Fight","damage_taken":0,"max_hp_gain":0,"max_hp_loss":0,"event_name":"Mysterious Sphere","floor":36,"gold_loss":0},{"damage_healed":0,"gold_gain":0,"player_choice":"Ignored","damage_taken":0,"max_hp_gain":0,"max_hp_loss":0,"event_name":"Tomb of Lord Red Mask","floor":38,"gold_loss":0}],"is_beta":false,"boss_relics":[{"not_picked":["Black Star","Black Blood"],"picked":"Runic Dome"},{"not_picked":["Orrery","Pandora\u0027s Box"],"picked":"Tiny House"}],"items_purged_floors":[4,39,46],"is_endless":false,"potions_floor_spawned":[2,5,7,14,23,25,30,36,40,42,44,48],"ascension_level":3}