{"gold_per_floor":[117,141,63,63,63,63,90,150,218,236,236,263,313,327,327,423,423,443,34,84,95,109,109,141,157,238,238,268,268,287,299,299,401,401,414,481,494,508,524,524,552,552,552,572,586,598,612,715,715,715,715,715,191,226,226],"floor_reached":56,"playtime":7549,"items_purged":["Strike_G","Shame"],"score":1998,"play_id":"27248de5-975a-40a5-be8b-87a570b0948a","local_time":"20190218162532","is_ascension_mode":true,"campfire_choices":[{"data":"Neutralize","floor":6,"key":"SMITH"},{"data":"Dash","floor":11,"key":"SMITH"},{"data":"Infinite Blades","floor":15,"key":"SMITH"},{"data":"After Image","floor":23,"key":"SMITH"},{"floor":27,"key":"REST"},{"data":"Cloak And Dagger","floor":29,"key":"SMITH"},{"data":"Infinite Blades","floor":32,"key":"SMITH"},{"data":"Cloak And Dagger","floor":40,"key":"SMITH"},{"floor":42,"key":"RECALL"},{"data":"Cloak And Dagger","floor":49,"key":"SMITH"},{"data":"Cloak And Dagger","floor":52,"key":"SMITH"}],"neow_cost":"NONE","seed_source_timestamp":362474362449300,"circlet_count":0,"master_deck":["AscendersBane","Defend_G+1","Defend_G","Defend_G","Defend_G","Defend_G+1","Strike_G","Strike_G","Strike_G","Survivor","Neutralize+1","Noxious Fumes","Dash+1","Poisoned Stab","Blur","Infinite Blades+1","After Image+1","Dodge and Roll","Noxious Fumes","Cloak And Dagger+1","PiercingWail","PiercingWail","Infinite Blades+1","Corpse Explosion","Backflip","Cloak And Dagger+1","Footwork","Dash","Leg Sweep+1","Cloak And Dagger+1","Cloak And Dagger+1","Backflip+1","Infinite Blades","Accuracy"],"relics":["Ring of the Snake","NeowsBlessing","War Paint","SsserpentHead","Happy Flower","Kunai","Pocketwatch","Sozu","TwistedFunnel","Vajra","Nunchaku","Mummified Hand","Cursed Key","Dream Catcher","Bird Faced Urn","HandDrill","Centennial Puzzle","Bag of Preparation"],"potions_floor_usage":[12,12,25,54],"damage_taken":[{"damage":0,"enemies":"Cultist","floor":1,"turns":1},{"damage":0,"enemies":"3 Sentries","floor":7,"turns":2},{"damage":0,"enemies":"2 Louse","floor":8,"turns":1},{"damage":20,"enemies":"Gremlin Nob","floor":12,"turns":4},{"damage":0,"enemies":"Small Slimes","floor":14,"turns":3},{"damage":0,"enemies":"Hexaghost","floor":16,"turns":11},{"damage":0,"enemies":"Chosen","floor":18,"turns":6},{"damage":0,"enemies":"Spheric Guardian","floor":21,"turns":5},{"damage":2,"enemies":"Snake Plant","floor":22,"turns":5},{"damage":17,"enemies":"Slavers","floor":24,"turns":8},{"damage":5,"enemies":"Chosen and Byrds","floor":25,"turns":6},{"damage":0,"enemies":"3 Cultists","floor":30,"turns":5},{"damage":0,"enemies":"Shelled Parasite and Fungi","floor":31,"turns":4},{"damage":0,"enemies":"Collector","floor":33,"turns":13},{"damage":0,"enemies":"Orb Walker","floor":35,"turns":5},{"damage":0,"enemies":"3 Darklings","floor":36,"turns":4},{"damage":0,"enemies":"Maw","floor":37,"turns":8},{"damage":0,"enemies":"Transient","floor":38,"turns":5},{"damage":0,"enemies":"Jaw Worm Horde","floor":39,"turns":3},{"damage":0,"enemies":"Reptomancer","floor":41,"turns":8},{"damage":3,"enemies":"Maw","floor":44,"turns":8},{"damage":0,"enemies":"4 Shapes","floor":45,"turns":4},{"damage":11,"enemies":"3 Darklings","floor":46,"turns":5},{"damage":0,"enemies":"Transient","floor":47,"turns":5},{"damage":0,"enemies":"2 Orb Walkers","floor":48,"turns":4},{"damage":27,"enemies":"Awakened One","floor":50,"turns":23},{"damage":22,"enemies":"Shield and Spear","floor":54,"turns":8},{"damage":60,"enemies":"The Heart","floor":55,"turns":14}],"seed_played":"5024171759870206644","potions_obtained":[{"floor":7,"key":"EntropicBrew"},{"floor":8,"key":"EssenceOfSteel"}],"is_trial":false,"path_per_floor":["M","T","$","?","?","R","E","M","T","?","R","E","?","M","R","B",null,"M","$","?","M","M","R","E","M","T","R","?","R","M","M","R","B",null,"M","M","M","M","M","R","E","R","T","M","M","M","M","?","R","B",null,"R","$","E","B",null],"character_chosen":"THE_SILENT","items_purchased":["Dash","Noxious Fumes","Cloak And Dagger","TwistedFunnel","PiercingWail","Infinite Blades","HandDrill","Centennial Puzzle"],"campfire_rested":1,"item_purchase_floors":[3,19,19,19,19,53,53,53],"current_hp_per_floor":[63,63,63,63,63,63,63,63,63,63,63,43,43,43,43,43,63,63,63,63,63,61,61,44,39,39,60,60,60,60,60,60,60,68,68,68,68,68,68,68,68,68,68,65,65,54,54,54,54,39,62,62,62,52,8],"gold":226,"neow_bonus":"THREE_ENEMY_KILL","is_prod":false,"is_daily":false,"chose_seed":false,"campfire_upgraded":9,"win_rate":0,"timestamp":1550525132,"path_taken":["M","?","$","?","?","R","E","?","T","?","R","E","?","M","R","BOSS","M","$","?","M","M","R","E","M","T","R","?","R","M","M","R","BOSS","M","?","M","M","M","R","E","R","T","M","M","M","M","?","R","BOSS","R","$","E","BOSS"],"build_version":"2019-01-23","purchased_purges":2,"victory":true,"max_hp_per_floor":[70,70,70,70,70,70,70,70,70,70,70,70,70,70,70,70,70,70,70,70,70,70,70,70,70,70,70,70,70,70,70,70,70,70,70,70,70,70,70,70,70,70,70,70,70,70,70,70,70,70,70,70,70,70,70],"card_choices":[{"not_picked":["Acrobatics","Deadly Poison"],"picked":"Noxious Fumes","floor":1},{"not_picked":["Prepared","Tactician"],"picked":"Poisoned Stab","floor":7},{"not_picked":["Deflect","Eviscerate","Poisoned Stab"],"picked":"SKIP","floor":8},{"not_picked":["Poisoned Stab","Quick Slash"],"picked":"Blur","floor":12},{"not_picked":["Poisoned Stab","Escape Plan"],"picked":"Infinite Blades","floor":14},{"not_picked":["Unload","Malaise"],"picked":"After Image","floor":16},{"not_picked":["Accuracy","Backflip"],"picked":"Dodge and Roll","floor":18},{"not_picked":["Deflect","Underhanded Strike","Bane"],"picked":"SKIP","floor":21},{"not_picked":["Masterful Stab","Sucker Punch","Riddle With Holes"],"picked":"SKIP","floor":22},{"not_picked":["Acrobatics","Expertise","Underhanded Strike"],"picked":"SKIP","floor":24},{"not_picked":["Backflip","Underhanded Strike"],"picked":"PiercingWail","floor":25},{"not_picked":["Dodge and Roll","Bane"],"picked":"Infinite Blades","floor":30},{"not_picked":["Dagger Spray","Heel Hook","Dagger Throw"],"picked":"SKIP","floor":31},{"not_picked":["Venomology","Tools of the Trade"],"picked":"Corpse Explosion","floor":33},{"not_picked":["Quick Slash","Bane"],"picked":"Backflip","floor":35},{"not_picked":["Dagger Spray","Dagger Throw+1"],"picked":"Cloak And Dagger","floor":36},{"not_picked":["Well Laid Plans","Dagger Throw"],"picked":"Footwork","floor":37},{"not_picked":["Predator","Quick Slash"],"picked":"Dash","floor":38},{"not_picked":["Cloak And Dagger","Deadly Poison+1"],"picked":"Leg Sweep+1","floor":39},{"not_picked":["Bullet Time","Slice+1","Flying Knee+1"],"picked":"SKIP","floor":41},{"not_picked":["Flying Knee","Sucker Punch"],"picked":"Cloak And Dagger","floor":44},{"not_picked":["Poisoned Stab+1","Deflect"],"picked":"Cloak And Dagger","floor":45},{"not_picked":["Outmaneuver","Blade Dance"],"picked":"Backflip+1","floor":46},{"not_picked":["Acrobatics","Backflip","Blade Dance"],"picked":"SKIP","floor":47},{"not_picked":["All Out Attack+1","Skewer"],"picked":"Accuracy","floor":54}],"player_experience":1227460,"relics_obtained":[{"floor":2,"key":"War Paint"},{"floor":7,"key":"Happy Flower"},{"floor":9,"key":"Kunai"},{"floor":12,"key":"Pocketwatch"},{"floor":24,"key":"Nunchaku"},{"floor":26,"key":"Mummified Hand"},{"floor":41,"key":"Dream Catcher"},{"floor":48,"key":"Bird Faced Urn"},{"floor":54,"key":"Bag of Preparation"}],"event_choices":[{"cards_removed":["Strike_G"],"damage_healed":0,"gold_gain":0,"player_choice":"Forget","damage_taken":0,"max_hp_gain":0,"max_hp_loss":0,"event_name":"Living Wall","floor":4,"gold_loss":0},{"damage_healed":0,"gold_gain":0,"player_choice":"Trade","damage_taken":0,"relics_obtained":["SsserpentHead"],"max_hp_gain":0,"max_hp_loss":0,"event_name":"FaceTrader","floor":5,"gold_loss":0},{"damage_healed":0,"gold_gain":0,"player_choice":"Left Gold","damage_taken":0,"max_hp_gain":0,"max_hp_loss":0,"event_name":"World of Goop","floor":10,"gold_loss":32},{"damage_healed":0,"gold_gain":0,"player_choice":"Ignored","damage_taken":0,"max_hp_gain":0,"max_hp_loss":0,"event_name":"Liars Game","floor":13,"gold_loss":0},{"damage_healed":0,"gold_gain":0,"player_choice":"Opened","damage_taken":0,"relics_obtained":["Vajra"],"max_hp_gain":0,"max_hp_loss":0,"event_name":"The Mausoleum","floor":20,"gold_loss":0},{"damage_healed":0,"gold_gain":0,"player_choice":"Bought 1 Potion","damage_taken":0,"max_hp_gain":0,"max_hp_loss":0,"event_name":"The Woman in Blue","floor":28,"gold_loss":0},{"damage_healed":0,"gold_gain":0,"player_choice":"Fight","damage_taken":0,"max_hp_gain":0,"max_hp_loss":0,"event_name":"Mysterious Sphere","floor":48,"gold_loss":0}],"is_beta":false,"boss_relics":[{"not_picked":["Eternal Feather","Empty Cage"],"picked":"Sozu"},{"not_picked":["Lizard Tail","Velvet Choker"],"picked":"Cursed Key"}],"items_purged_floors":[19,53],"is_endless":false,"potions_floor_spawned":[7,8,16,18,22,25,36,38,41,45,46,54],"ascension_level":12}