{"gold_per_floor":[115,128,140,140,140,140,153,153,178,65,65,65,78,99,99,218,218,234,234,234,252,252],"floor_reached":22,"playtime":1035,"items_purged":["Grand Finale"],"score":238,"play_id":"a566554e-2e04-48f1-82da-4ffcbec0b7bf","local_time":"20181104221531","is_ascension_mode":true,"campfire_choices":[{"data":"Terror","floor":6.0,"key":"SMITH"},{"data":"Dodge and Roll","floor":8.0,"key":"SMITH"},{"data":"Infinite Blades","floor":12,"key":"SMITH"},{"data":"Noxious Fumes","floor":15,"key":"SMITH"}],"neow_cost":"NONE","seed_source_timestamp":0,"circlet_count":0,"master_deck":["Defend_G","Defend_G","Defend_G","Defend_G","Strike_G","Strike_G","Strike_G","Strike_G","Survivor","Neutralize","Quick Slash","Dodge and Roll+1","Terror+1","Dagger Spray","Infinite Blades+1","Noxious Fumes+1","Bullet Time","Heel Hook+1","Unload","Poisoned Stab","Accuracy"],"special_seed":0,"relics":["Ring of the Snake","Pen Nib","Golden Idol","Eternal Feather"],"potions_floor_usage":[16,16,16],"damage_taken":[{"damage":2.0,"enemies":"2 Louse","floor":1.0,"turns":3.0},{"damage":6.0,"enemies":"Small Slimes","floor":2.0,"turns":5.0},{"damage":1.0,"enemies":"Cultist","floor":3.0,"turns":4.0},{"damage":7.0,"enemies":"Blue Slaver","floor":7.0,"turns":4.0},{"damage":7,"enemies":"Large Slime","floor":13,"turns":7},{"damage":5,"enemies":"Exordium Wildlife","floor":14,"turns":4},{"damage":18,"enemies":"The Guardian","floor":16,"turns":10},{"damage":16,"enemies":"Shell Parasite","floor":18,"turns":6},{"damage":41,"enemies":"2 Thieves","floor":21,"turns":3},{"damage":7,"enemies":"Snake Plant","floor":22,"turns":1}],"seed_played":"7170455391727346715","potions_obtained":[{"floor":2.0,"key":"Swift Potion"},{"floor":3.0,"key":"PowerPotion"},{"floor":13,"key":"Strength Potion"}],"is_trial":false,"path_per_floor":["M","M","M","?","?","R","M","R","T","$","?","R","M","M","R","B",null,"M","?","?","M","M"],"character_chosen":"THE_SILENT","items_purchased":["Infinite Blades"],"campfire_rested":0,"item_purchase_floors":[10],"current_hp_per_floor":[61,55,54,59,59,59,52,52,52,52,52,52,45,40,40,22,62,46,46,46,5,0],"gold":252,"neow_bonus":"ONE_RANDOM_RARE_CARD","is_prod":false,"is_daily":false,"chose_seed":false,"campfire_upgraded":4,"win_rate":0,"timestamp":1541387731,"path_taken":["M","M","M","?","?","R","?","R","T","$","?","R","M","M","R","BOSS","M","?","?","M","M"],"build_version":"2018-11-01","purchased_purges":1,"victory":false,"max_hp_per_floor":[70,70,70,75,75,75,75,75,75,75,75,75,75,75,75,75,75,75,75,75,75,75],"card_choices":[{"not_picked":["Underhanded Strike","Concentrate"],"picked":"Quick Slash","floor":1.0},{"not_picked":["Expertise","PiercingWail"],"picked":"Dodge and Roll","floor":2.0},{"not_picked":["Outmaneuver","Acrobatics"],"picked":"Terror","floor":3.0},{"not_picked":["Endless Agony","Acrobatics"],"picked":"Dagger Spray","floor":7.0},{"not_picked":["Concentrate","Outmaneuver"],"picked":"Noxious Fumes","floor":13},{"not_picked":["Deflect","Tactician","Dagger Spray"],"picked":"SKIP","floor":14},{"not_picked":["Phantasmal Killer","Storm of Steel"],"picked":"Bullet Time","floor":16},{"not_picked":["Calculated Gamble+1","Well Laid Plans"],"picked":"Heel Hook+1","floor":18},{"not_picked":["Slice","Flying Knee"],"picked":"Accuracy","floor":21}],"player_experience":737481,"relics_obtained":[{"floor":9.0,"key":"Pen Nib"}],"event_choices":[{"damage_healed":0.0,"max_hp_gain":5.0,"max_hp_loss":0.0,"gold_gain":0.0,"event_name":"Big Fish","player_choice":"Donut","floor":4.0,"gold_loss":0.0,"damage_taken":0.0},{"damage_healed":0.0,"max_hp_gain":0.0,"max_hp_loss":0.0,"gold_gain":0.0,"event_name":"The Woman in Blue","player_choice":"Bought 0 Potions","floor":5.0,"gold_loss":0.0,"damage_taken":0.0},{"damage_healed":0,"gold_gain":0,"player_choice":"Take Wound","damage_taken":0,"relics_obtained":["Golden Idol"],"max_hp_gain":0,"max_hp_loss":0,"event_name":"Golden Idol","floor":11,"gold_loss":0,"cards_obtained":["Injury"]},{"damage_healed":0,"gold_gain":0,"cards_transformed":["Strike_G","Defend_G"],"player_choice":"Became Test Subject","damage_taken":0,"max_hp_gain":0,"max_hp_loss":0,"event_name":"Drug Dealer","floor":19,"gold_loss":0,"cards_obtained":["Unload","Poisoned Stab"]},{"cards_removed":["Injury"],"damage_healed":0,"gold_gain":0,"player_choice":"Elegance","damage_taken":0,"max_hp_gain":0,"max_hp_loss":0,"event_name":"Back to Basics","floor":20,"gold_loss":0}],"is_beta":false,"boss_relics":[{"not_picked":["HoveringKite","Ectoplasm"],"picked":"Eternal Feather"}],"items_purged_floors":[10],"is_endless":false,"potions_floor_spawned":[2,3,13],"killed_by":"Snake Plant","ascension_level":7}