{"gold_per_floor":[116,129,147,164,217,217,252,252,277,17,17,33,61,71,71,144,144,144,44,44,44,44,44,44,44,44,44,44,44,44,44,44,44,44,44,44,44,44,44,44,44],"floor_reached":41,"playtime":1636,"items_purged":["Strike_R","Strike_R"],"score":750,"play_id":"631b7d08-6f2e-45cb-9476-1f83ba0c3dda","local_time":"20190303155116","is_ascension_mode":true,"campfire_choices":[{"data":"Armaments","floor":6.0,"key":"SMITH"},{"data":"Pommel Strike","floor":8.0,"key":"SMITH"},{"floor":15.0,"key":"REST"},{"floor":23.0,"key":"REST"},{"floor":25.0,"key":"REST"},{"floor":27.0,"key":"REST"},{"floor":32.0,"key":"REST"},{"data":"Limit Break","floor":40,"key":"SMITH"}],"neow_cost":"NONE","seed_source_timestamp":134327332237581,"circlet_count":0,"master_deck":["AscendersBane","Strike_R","Strike_R","Strike_R","Defend_R","Defend_R","Defend_R","Defend_R","Bash+1","Twin Strike","Armaments+1","Shrug It Off","Pommel Strike+1","Juggernaut+1","True Grit","Demon Form","Whirlwind+1","Shrug It Off","Twin Strike+1","Flame Barrier","Twin Strike+1","Limit Break+1","Feel No Pain+1","Heavy Blade"],"special_seed":0,"relics":["Burning Blood","Tiny Chest","Bag of Preparation","Potion Belt","Red Skull","Ectoplasm","Orichalcum","Question Card","MutagenicStrength","Pen Nib","Sozu","Gambling Chip"],"potions_floor_usage":[],"damage_taken":[{"damage":1.0,"enemies":"Cultist","floor":1.0,"turns":3.0},{"damage":0.0,"enemies":"2 Louse","floor":2.0,"turns":2.0},{"damage":0.0,"enemies":"Small Slimes","floor":3.0,"turns":3.0},{"damage":13.0,"enemies":"Gremlin Gang","floor":4.0,"turns":6.0},{"damage":47.0,"enemies":"Lagavulin","floor":7.0,"turns":8.0},{"damage":4.0,"enemies":"Lots of Slimes","floor":12.0,"turns":3.0},{"damage":21.0,"enemies":"3 Sentries","floor":13.0,"turns":6.0},{"damage":0.0,"enemies":"Large Slime","floor":14.0,"turns":4.0},{"damage":38.0,"enemies":"The Guardian","floor":16.0,"turns":12.0},{"damage":14.0,"enemies":"Spheric Guardian","floor":18.0,"turns":5.0},{"damage":18.0,"enemies":"Chosen","floor":20.0,"turns":5.0},{"damage":25.0,"enemies":"Snake Plant","floor":22.0,"turns":5.0},{"damage":51.0,"enemies":"Book of Stabbing","floor":24.0,"turns":5.0},{"damage":7.0,"enemies":"Gremlin Leader","floor":30.0,"turns":5.0},{"damage":8.0,"enemies":"Shelled Parasite and Fungi","floor":31.0,"turns":7.0},{"damage":46.0,"enemies":"Collector","floor":33.0,"turns":7.0},{"damage":2,"enemies":"3 Darklings","floor":35,"turns":2},{"damage":0,"enemies":"3 Shapes","floor":36,"turns":1},{"damage":21,"enemies":"Sphere and 2 Shapes","floor":37,"turns":8},{"damage":0,"enemies":"Mind Bloom Boss Battle","floor":38,"turns":7},{"damage":71,"enemies":"Nemesis","floor":41,"turns":5}],"seed_played":"-7425504943179155773","potions_obtained":[{"floor":1.0,"key":"SteroidPotion"},{"floor":3.0,"key":"Block Potion"},{"floor":7.0,"key":"LiquidBronze"},{"floor":16.0,"key":"Regen Potion"},{"floor":20.0,"key":"EssenceOfSteel"},{"floor":24.0,"key":"Ancient Potion"},{"floor":31.0,"key":"Explosive Potion"}],"is_trial":false,"path_per_floor":["M","M","M","M","T","R","E","R","T","$","?","M","E","M","R","B",null,"M","$","M","?","M","R","E","R","T","R","?","?","E","M","R","B",null,"M","M","M","?","?","R","E"],"character_chosen":"IRONCLAD","items_purchased":["Juggernaut","Block Potion","Swift Potion"],"campfire_rested":5,"item_purchase_floors":[10,10,10],"current_hp_per_floor":[73,75,75,68,68,68,27,27,27,27,27,29,14,20,42,10,59,63,63,51,51,32,54,9,31,31,53,53,53,52,50,72,32,64,68,74,59,65,65,65,0],"gold":44,"neow_bonus":"UPGRADE_CARD","is_prod":false,"is_daily":false,"chose_seed":false,"campfire_upgraded":3,"win_rate":0,"timestamp":1551624676,"path_taken":["M","M","M","M","?","R","E","R","T","$","?","M","E","M","R","BOSS","M","$","M","?","?","R","E","R","T","R","?","?","E","?","R","BOSS","M","?","M","?","?","R","E"],"build_version":"2019-01-23","purchased_purges":2,"victory":false,"max_hp_per_floor":[75,75,75,75,75,75,75,75,75,75,75,75,75,75,75,75,75,75,75,75,75,75,75,75,75,75,75,75,75,75,75,75,75,75,75,75,75,75,75,75,75],"card_choices":[{"not_picked":["Body Slam","Infernal Blade"],"picked":"Twin Strike","floor":1.0},{"not_picked":["Intimidate","Dual Wield","Havoc"],"picked":"SKIP","floor":2.0},{"not_picked":["Sword Boomerang","Reckless Charge"],"picked":"Armaments","floor":3.0},{"not_picked":["Seeing Red","Havoc"],"picked":"Shrug It Off","floor":4.0},{"not_picked":["Carnage","Hemokinesis"],"picked":"Pommel Strike","floor":7.0},{"not_picked":["Havoc","Anger"],"picked":"Spot Weakness","floor":12.0},{"not_picked":["Armaments","Perfected Strike","Pommel Strike"],"picked":"SKIP","floor":13.0},{"not_picked":["Armaments","Warcry"],"picked":"True Grit","floor":14.0},{"not_picked":["Feed","Exhume"],"picked":"Demon Form","floor":16.0},{"not_picked":["Havoc","Armaments+1"],"picked":"Whirlwind","floor":18.0},{"not_picked":["Armaments","Wild Strike+1"],"picked":"Shrug It Off","floor":20.0},{"not_picked":["Armaments+1","Rupture"],"picked":"Twin Strike+1","floor":22.0},{"not_picked":["Power Through","Flex"],"picked":"Flame Barrier","floor":24.0},{"not_picked":["Pommel Strike","Bloodletting","Dropkick+1","Juggernaut"],"picked":"SKIP","floor":30.0},{"not_picked":["Combust","Warcry","Infernal Blade"],"picked":"Twin Strike+1","floor":31.0},{"not_picked":["Demon Form","Immolate","Exhume"],"picked":"Limit Break","floor":33.0},{"not_picked":["Wild Strike+1","Headbutt","Thunderclap"],"picked":"Feel No Pain+1","floor":35},{"not_picked":["Iron Wave","Pommel Strike","Anger","Body Slam+1"],"picked":"SKIP","floor":36},{"not_picked":["Rage","Warcry","Cleave"],"picked":"Heavy Blade","floor":37}],"player_experience":789020,"relics_obtained":[{"floor":5.0,"key":"Tiny Chest"},{"floor":7.0,"key":"Bag of Preparation"},{"floor":9.0,"key":"Potion Belt"},{"floor":13.0,"key":"Red Skull"},{"floor":24.0,"key":"Orichalcum"},{"floor":26.0,"key":"Question Card"},{"floor":30.0,"key":"Pen Nib"},{"floor":38,"key":"Gambling Chip"}],"event_choices":[{"damage_healed":0.0,"max_hp_gain":0.0,"max_hp_loss":0.0,"gold_gain":0.0,"event_name":"Living Wall","player_choice":"Grow","floor":11.0,"gold_loss":0.0,"damage_taken":0.0,"cards_upgraded":["Juggernaut"]},{"damage_healed":0.0,"max_hp_gain":0.0,"max_hp_loss":0.0,"gold_gain":0.0,"event_name":"Accursed Blacksmith","player_choice":"Forge","floor":21.0,"gold_loss":0.0,"damage_taken":0.0,"cards_upgraded":["Whirlwind"]},{"damage_healed":0.0,"max_hp_gain":0.0,"max_hp_loss":0.0,"gold_gain":0.0,"event_name":"Drug Dealer","player_choice":"Inject Mutagens","floor":28.0,"gold_loss":0.0,"damage_taken":0.0,"relics_obtained":["MutagenicStrength"]},{"damage_healed":0.0,"max_hp_gain":0.0,"max_hp_loss":0.0,"gold_gain":200.0,"event_name":"Wheel of Change","player_choice":"Gold","floor":29.0,"gold_loss":0.0,"damage_taken":0.0},{"damage_healed":0,"gold_gain":0,"player_choice":"Fight","damage_taken":0,"max_hp_gain":0,"max_hp_loss":0,"event_name":"MindBloom","floor":38,"gold_loss":0},{"cards_removed":["Spot Weakness"],"damage_healed":0,"gold_gain":0,"player_choice":"Removed Skill","damage_taken":0,"max_hp_gain":0,"max_hp_loss":0,"event_name":"Falling","floor":39,"gold_loss":0}],"is_beta":false,"boss_relics":[{"not_picked":["Calling Bell","Black Star"],"picked":"Ectoplasm"},{"not_picked":["Runic Pyramid","Lizard Tail"],"picked":"Sozu"}],"items_purged_floors":[10,19],"is_endless":false,"potions_floor_spawned":[1,3,7,16,20,24,31,36],"killed_by":"Nemesis","ascension_level":14}