{"gold_per_floor":[118,293,310,328,122,122,122,122,122,154,254,273,37,53,53,158,158,174,174,190,118,135,135,151,51,51,51,68,68,87,87],"floor_reached":31,"playtime":1486,"items_purged":["Doubt","Strike_G"],"score":320,"play_id":"8d2d5ced-b062-4d9b-ba70-05b838a7a361","local_time":"20181102022113","is_ascension_mode":true,"campfire_choices":[{"data":"Finisher","floor":6,"key":"SMITH"},{"data":"Finisher","floor":8,"key":"SMITH"},{"floor":15,"key":"REST"},{"floor":23,"key":"REST"},{"floor":27,"key":"REST"}],"neow_cost":"NONE","seed_source_timestamp":1982810148305483,"circlet_count":0,"master_deck":["Defend_G","Defend_G","Defend_G","Defend_G","Strike_G","Strike_G","Survivor","Neutralize","Deflect","PiercingWail","Finisher+1","Finisher+1","Dodge and Roll","Dagger Spray","Cloak And Dagger+1","Cloak And Dagger+1","Noxious Fumes","Malaise+1","Corpse Explosion+1","Riddle With Holes+1","Die Die Die+1","Deadly Poison+1","Doppelganger+1","Noxious Fumes","Accuracy","Blade Dance+1","Deadly Poison+1","Cloak And Dagger+1","Accuracy+1"],"relics":["Ring of the Snake","Bag of Preparation","Question Card","Toxic Egg 2","Mercury Hourglass","Snake Skull","Astrolabe","Frozen Egg 2"],"potions_floor_usage":[],"damage_taken":[{"damage":0,"enemies":"Jaw Worm","floor":1,"turns":7},{"damage":0,"enemies":"Small Slimes","floor":3,"turns":6},{"damage":16,"enemies":"Cultist","floor":4,"turns":5},{"damage":15,"enemies":"3 Sentries","floor":10,"turns":8},{"damage":0,"enemies":"Lots of Slimes","floor":12,"turns":2},{"damage":0,"enemies":"Looter","floor":14,"turns":2},{"damage":32,"enemies":"Slime Boss","floor":16,"turns":7},{"damage":16,"enemies":"Spheric Guardian","floor":18,"turns":5},{"damage":8,"enemies":"Shell Parasite","floor":20,"turns":7},{"damage":10,"enemies":"Shelled Parasite and Fungi","floor":22,"turns":5},{"damage":26,"enemies":"Cultist and Chosen","floor":24,"turns":5},{"damage":12,"enemies":"Centurion and Healer","floor":28,"turns":5},{"damage":0,"enemies":"Snake Plant","floor":30,"turns":6},{"damage":30,"enemies":"Sentry and Sphere","floor":31,"turns":5}],"seed_played":"18883792803432188","potions_obtained":[{"floor":10,"key":"GamblersBrew"},{"floor":12,"key":"Energy Potion"},{"floor":16,"key":"SpeedPotion"},{"floor":24,"key":"Strength Potion"}],"is_trial":false,"path_per_floor":["M","?","M","M","$","R","T","R","T","E","?","M","$","M","R","B",null,"M","?","M","$","M","R","M","$","T","R","M","?","M","M"],"character_chosen":"THE_SILENT","items_purchased":["Finisher","Dodge and Roll","Dagger Spray","Noxious Fumes","Snake Skull","Accuracy"],"campfire_rested":3,"item_purchase_floors":[5,5,5,13,13,21],"current_hp_per_floor":[63,63,63,47,47,47,47,47,47,32,32,32,32,32,53,21,58,42,42,34,34,24,45,19,19,19,40,28,28,28,0],"gold":87,"neow_bonus":"RANDOM_COMMON_RELIC","is_prod":false,"is_daily":false,"chose_seed":false,"campfire_upgraded":2,"win_rate":0,"timestamp":1541139673,"path_taken":["M","?","M","M","$","R","?","R","T","E","?","M","$","M","R","BOSS","M","?","M","$","M","R","?","$","T","R","M","?","?","M"],"build_version":"2018-11-01","purchased_purges":2,"victory":false,"max_hp_per_floor":[70,70,70,70,70,70,70,70,70,70,70,70,70,70,70,70,70,70,70,70,70,70,70,70,70,70,70,70,70,70,70],"card_choices":[{"not_picked":["Bane","Underhanded Strike"],"picked":"Deflect","floor":1},{"not_picked":["Sucker Punch","Dagger Throw"],"picked":"PiercingWail","floor":3},{"not_picked":["Terror","Predator"],"picked":"Finisher","floor":4},{"not_picked":["Storm of Steel+1","Blade Dance+1","Backflip+1"],"picked":"Cloak And Dagger+1","floor":10},{"not_picked":["Prepared+1","Dodge and Roll+1","Escape Plan+1"],"picked":"Cloak And Dagger+1","floor":12},{"not_picked":["Prepared+1","Dagger Spray","Outmaneuver+1"],"picked":"Malaise+1","floor":14},{"not_picked":["Unload","Die Die Die","Bullet Time+1"],"picked":"Corpse Explosion+1","floor":16},{"not_picked":["Backflip+1","Well Laid Plans","Distraction+1"],"picked":"Deadly Poison+1","floor":18},{"not_picked":["Finisher+1","Dash+1","Dodge and Roll+1"],"picked":"Noxious Fumes","floor":20},{"not_picked":["Dodge and Roll+1","Terror+1","Bane"],"picked":"Blade Dance+1","floor":22},{"not_picked":["Sucker Punch","Concentrate+1","PiercingWail+1"],"picked":"Deadly Poison+1","floor":24},{"not_picked":["Masterful Stab","Choke","Burst+1"],"picked":"Cloak And Dagger+1","floor":28},{"not_picked":["Dagger Spray","Cloak And Dagger+1","Dagger Throw+1"],"picked":"Accuracy+1","floor":30}],"player_experience":725389,"relics_obtained":[{"floor":7,"key":"Question Card"},{"floor":9,"key":"Toxic Egg 2"},{"floor":10,"key":"Mercury Hourglass"},{"floor":26,"key":"Frozen Egg 2"}],"event_choices":[{"damage_healed":0,"gold_gain":175,"player_choice":"AGREE","damage_taken":0,"max_hp_gain":0,"max_hp_loss":0,"event_name":"Liars Game","floor":2,"gold_loss":0,"cards_obtained":["Doubt"]},{"damage_healed":0,"gold_gain":100,"player_choice":"Pray","damage_taken":0,"max_hp_gain":0,"max_hp_loss":0,"event_name":"Golden Shrine","floor":11,"gold_loss":0},{"damage_healed":0,"gold_gain":0,"cards_transformed":["Eviscerate"],"player_choice":"Transformed","damage_taken":0,"max_hp_gain":0,"max_hp_loss":0,"event_name":"Transmorgrifier","floor":19,"gold_loss":0,"cards_obtained":["Doppelganger"]},{"damage_healed":0,"gold_gain":0,"player_choice":"Ignored","damage_taken":0,"max_hp_gain":0,"max_hp_loss":0,"event_name":"N\u0027loth","floor":29,"gold_loss":0}],"is_beta":false,"boss_relics":[{"not_picked":["Tiny House","Ectoplasm"],"picked":"Astrolabe"}],"items_purged_floors":[5,25],"is_endless":false,"potions_floor_spawned":[10,12,16,20,24],"killed_by":"Sentry and Sphere","ascension_level":7}