{"path_per_floor":["M","?","?","M","M","E","R","$","T","$","M","M","R","?","R","B",null,"M","M","$","?","?","E","M","R","T","?","E","M","M","$","R","B",null,"M","?","M","M","M","R","E","?","T","M","M","M","R","?","R"],"character_chosen":"IRONCLAD","items_purchased":["Clothesline","Pommel Strike","Orichalcum","Anchor","Dual Wield","Strength Potion"],"gold_per_floor":[115,115,115,134,147,181,181,156,204,6,20,34,34,134,134,236,236,256,268,58,58,58,87,87,87,163,163,197,216,233,108,108,204,204,220,220,231,244,263,263,291,291,291,308,323,339,339,387,387],"floor_reached":50,"campfire_rested":1,"playtime":4672,"current_hp_per_floor":[80,68,68,74,77,43,43,43,43,43,49,52,52,52,76,53,80,78,70,70,70,56,53,50,50,50,50,45,44,56,56,56,26,56,56,56,56,56,54,54,51,41,41,34,28,50,50,56,56],"items_purged":["Decay"],"gold":387,"play_id":"f0b8b18c-9e19-4c93-a814-a3624e7433d6","is_prod":false,"is_daily":false,"campfire_rituals":0,"campfire_upgraded":7,"is_hardmode":false,"path_taken":["M","?","?","M","M","E","R","?","T","$","M","?","R","?","R","BOSS","M","?","$","?","?","E","?","R","T","?","E","M","M","$","R","BOSS","M","?","M","M","?","R","E","?","T","?","M","M","R","?","R","BOSS"],"build_version":"2018-01-11-PROD2","purchased_purges":1,"victory":false,"master_deck":["Defend_R","Defend_R","Defend_R","Defend_R","Bash","Demon Form","Flex","Thunderclap","Rage","Clothesline","Pommel Strike","Cleave","Bludgeon","Shrug It Off","Shockwave","Dual Wield","Bite_R","Bite_R","Bite_R","Bite_R","Bite_R","Iron Wave","Pommel Strike","Evolve","Power Through","Battle Trance","Double Tap","Hemokinesis","Evolve","Wild Strike","Seeing Red","Thunderclap","Madness","Madness","Iron Wave","Pommel Strike"],"max_hp_per_floor":[80,80,80,80,80,80,80,80,80,80,80,80,80,80,80,80,80,80,80,80,80,56,56,56,56,56,56,56,56,56,56,56,56,56,56,56,56,56,56,56,56,56,56,56,56,56,56,56,56],"relics":["Burning Blood","Champion Belt","Oddly Smooth Stone","Vajra","Orichalcum","Mark of Pain","Anchor","Pen Nib","Self Forming Clay","Ornamental Fan","Black Star","Thread and Needle","Gambling Chip","Calipers","Red Skull"],"campfire_meditates":0,"card_choices":[{"not_picked":["Iron Wave","Headbutt"],"picked":"Demon Form"},{"not_picked":["True Grit","Thunderclap"],"picked":"Flex"},{"not_picked":["Iron Wave","Body Slam"],"picked":"Thunderclap"},{"not_picked":["Uppercut","Headbutt"],"picked":"Rage"},{"not_picked":["True Grit","Anger"],"picked":"Thunderclap"},{"not_picked":["Wild Strike","Spot Weakness"],"picked":"Cleave"},{"not_picked":["Brutality","Dark Embrace"],"picked":"Bludgeon"},{"not_picked":["Thunderclap","Twin Strike"],"picked":"Shrug It Off"},{"not_picked":["Warcry","True Grit"],"picked":"Shockwave"},{"not_picked":["Flex","Wild Strike"],"picked":"Iron Wave"},{"not_picked":["Dropkick","Limit Break"],"picked":"Pommel Strike"},{"not_picked":["Warcry","Flex"],"picked":"Evolve"},{"not_picked":["Warcry","Feel No Pain"],"picked":"Power Through"},{"not_picked":["Headbutt","Sword Boomerang"],"picked":"Battle Trance"},{"not_picked":["Immolate","Berserk"],"picked":"Double Tap"},{"not_picked":["Clothesline","Wild Strike"],"picked":"Hemokinesis"},{"not_picked":["Thunderclap","Perfected Strike"],"picked":"Evolve"},{"not_picked":["Bludgeon","Pommel Strike"],"picked":"Wild Strike"},{"not_picked":["Heavy Blade","Warcry"],"picked":"Seeing Red"},{"not_picked":["Sword Boomerang","Perfected Strike"],"picked":"Thunderclap"},{"not_picked":["Headbutt","Blood for Blood"],"picked":"Iron Wave"},{"not_picked":["Uppercut","Perfected Strike"],"picked":"Pommel Strike"}],"player_experience":28955,"potions_floor_usage":[11,19,30,33,38,39,41,41,50],"damage_taken":[{"damage":0,"enemies":"2 Louse","floor":1,"turns":3},{"damage":0,"enemies":"Cultist","floor":4,"turns":3},{"damage":3,"enemies":"Small Slimes","floor":5,"turns":3},{"damage":40,"enemies":"Lagavulin","floor":6,"turns":7},{"damage":0,"enemies":"Exordium Wildlife","floor":11,"turns":3},{"damage":3,"enemies":"3 Louse","floor":12,"turns":2},{"damage":29,"enemies":"The Guardian","floor":16,"turns":8},{"damage":8,"enemies":"3 Byrds","floor":18,"turns":5},{"damage":14,"enemies":"Spheric Guardian","floor":19,"turns":4},{"damage":15,"enemies":"Book of Stabbing","floor":23,"turns":5},{"damage":17,"enemies":"Slaver and Parasite","floor":24,"turns":5},{"damage":19,"enemies":"Gremlin Leader","floor":28,"turns":5},{"damage":7,"enemies":"Snake Plant","floor":29,"turns":2},{"damage":0,"enemies":"Snecko","floor":30,"turns":4},{"damage":42,"enemies":"Collector","floor":33,"turns":9},{"damage":0,"enemies":"Orb Walker","floor":35,"turns":2},{"damage":10,"enemies":"3 Shapes","floor":37,"turns":4},{"damage":4,"enemies":"Maw","floor":38,"turns":8},{"damage":16,"enemies":"3 Darklings","floor":39,"turns":6},{"damage":22,"enemies":"Nemesis","floor":41,"turns":7},{"damage":17,"enemies":"4 Shapes","floor":44,"turns":3},{"damage":18,"enemies":"Sphere and 2 Shapes","floor":45,"turns":6},{"damage":2,"enemies":"3 Darklings","floor":46,"turns":8},{"damage":0,"enemies":"Mysterious Sphere","floor":48,"turns":4},{"damage":64,"enemies":"Time Eater","floor":50,"turns":11}],"event_choices":[{"event_name":"Scrap Ooze","player_choice":"success","floor":2,"damage_taken":12},{"event_name":"Golden Wing","player_choice":"Ignored","floor":3,"damage_taken":0},{"event_name":"Golden Shrine","player_choice":"Pray","floor":14,"damage_taken":0},{"event_name":"Addict","player_choice":"Ignored","floor":21,"damage_taken":0},{"event_name":"Vampires","player_choice":"Became a vampire","floor":22,"damage_taken":0},{"event_name":"Forgotten Altar","player_choice":"Smashed Altar","floor":27,"damage_taken":0},{"event_name":"Winding Halls","player_choice":"Embrace Madness","floor":42,"damage_taken":0},{"event_name":"Mysterious Sphere","player_choice":"Fight","floor":48,"damage_taken":0}],"boss_relics":[{"not_picked":["Velvet Choker","Calling Bell"],"picked":"Mark of Pain"},{"not_picked":["Snecko Eye","Black Blood"],"picked":"Black Star"}],"potions_floor_spawned":[4,5,16,23,29,33,37,39,45,46],"seed_played":"5670718881060071746","killed_by":"Time Eater","is_trial":false}