{"gold_per_floor":[111,1,1,176,188,205,220,240,240,240,257,273,273,44,44,170,170,188,201,201,219,240,240,259,259,259,259,259,275,125,146,146,146],"floor_reached":33,"playtime":3321,"items_purged":["Strike_R","Doubt"],"score":293,"play_id":"4dbd4638-fc55-4d51-9a64-9e9e021259ce","local_time":"20190125202810","is_ascension_mode":false,"campfire_choices":[{"data":"Uppercut","floor":10,"key":"SMITH"},{"data":"Metallicize","floor":15,"key":"SMITH"},{"floor":23,"key":"REST"},{"data":"Flame Barrier","floor":25,"key":"SMITH"},{"data":"Whirlwind","floor":32,"key":"SMITH"}],"neow_cost":"NONE","seed_source_timestamp":462276624112251,"circlet_count":0,"master_deck":["Strike_R","Strike_R","Strike_R","Defend_R","Defend_R","Defend_R","Bash","Offering","Metallicize+1","Evolve","Uppercut+1","Iron Wave","Cleave","Cleave","Pommel Strike","Seeing Red","Juggernaut+1","Whirlwind+1","Feed","Armaments+1","Disarm","Disarm","Flame Barrier+1","Reckless Charge","Shrug It Off","Dropkick+1"],"relics":["Burning Blood","Frozen Egg 2","Golden Idol","Eternal Feather","Vajra","Blue Candle"],"potions_floor_usage":[6,16,16,22,31],"damage_taken":[{"damage":1,"enemies":"Cultist","floor":1,"turns":3},{"damage":15,"enemies":"Jaw Worm","floor":5,"turns":5},{"damage":2,"enemies":"Small Slimes","floor":6,"turns":4},{"damage":25,"enemies":"Exordium Thugs","floor":7,"turns":6},{"damage":15,"enemies":"3 Louse","floor":8,"turns":3},{"damage":0,"enemies":"Lots of Slimes","floor":11,"turns":1},{"damage":4,"enemies":"Looter","floor":12,"turns":3},{"damage":6,"enemies":"Slime Boss","floor":16,"turns":7},{"damage":6,"enemies":"Chosen","floor":18,"turns":5},{"damage":20,"enemies":"Shell Parasite","floor":19,"turns":6},{"damage":8,"enemies":"Chosen and Byrds","floor":21,"turns":6},{"damage":56,"enemies":"Sentry and Sphere","floor":22,"turns":7},{"damage":6,"enemies":"Snecko","floor":24,"turns":5},{"damage":19,"enemies":"Centurion and Healer","floor":29,"turns":11},{"damage":2,"enemies":"Chosen and Byrds","floor":31,"turns":5},{"damage":83,"enemies":"Champ","floor":33,"turns":14}],"seed_played":"-8967894237964713713","potions_obtained":[{"floor":1,"key":"AttackPotion"},{"floor":8,"key":"AttackPotion"},{"floor":11,"key":"BloodPotion"},{"floor":12,"key":"Energy Potion"},{"floor":18,"key":"FearPotion"},{"floor":24,"key":"Ancient Potion"},{"floor":28,"key":"SkillPotion"},{"floor":28,"key":"Ancient Potion"}],"is_trial":false,"path_per_floor":["M","$","?","?","M","M","M","M","T","R","M","M","?","$","R","B",null,"M","M","?","M","M","R","M","R","T","T","?","M","$","M","R","B"],"character_chosen":"IRONCLAD","items_purchased":["Evolve","Juggernaut+1","Whirlwind","Shrug It Off"],"campfire_rested":1,"item_purchase_floors":[2,14,14,30],"current_hp_per_floor":[80,80,73,73,64,68,49,40,40,40,46,48,48,48,48,48,74,74,63,63,64,22,58,58,70,70,70,70,57,57,64,79,0],"gold":146,"neow_bonus":"ONE_RANDOM_RARE_CARD","is_prod":false,"is_daily":false,"chose_seed":false,"campfire_upgraded":4,"win_rate":0,"timestamp":1548448090,"path_taken":["M","$","?","?","M","M","M","M","T","R","M","M","?","$","R","BOSS","M","M","?","M","M","R","M","R","T","?","?","?","$","M","R","BOSS"],"build_version":"2019-01-23","purchased_purges":2,"victory":false,"max_hp_per_floor":[80,80,80,80,80,80,80,80,80,80,80,80,74,74,74,74,74,74,77,77,80,80,80,80,80,80,80,80,80,80,83,83,83],"card_choices":[{"not_picked":["Evolve","Thunderclap"],"picked":"Metallicize","floor":1},{"not_picked":["Power Through","Body Slam"],"picked":"Uppercut","floor":5},{"not_picked":["Twin Strike","Heavy Blade"],"picked":"Iron Wave","floor":6},{"not_picked":["Impervious","Twin Strike"],"picked":"Cleave","floor":7},{"not_picked":["Entrench","Blood for Blood"],"picked":"Cleave","floor":8},{"not_picked":["Thunderclap","Shockwave"],"picked":"Pommel Strike","floor":11},{"not_picked":["Twin Strike","Havoc"],"picked":"Seeing Red","floor":12},{"not_picked":["Fiend Fire","Brutality+1"],"picked":"Feed","floor":16},{"not_picked":["Shockwave","Carnage","Anger+1"],"picked":"SKIP","floor":18},{"not_picked":["Flame Barrier","Burning Pact"],"picked":"Armaments+1","floor":19},{"not_picked":["Sword Boomerang","Bloodletting"],"picked":"Disarm","floor":21},{"not_picked":["Hemokinesis","Body Slam"],"picked":"Disarm","floor":22},{"not_picked":["Clothesline+1","Havoc"],"picked":"Flame Barrier","floor":24},{"not_picked":["Carnage","Armaments"],"picked":"Reckless Charge","floor":29},{"not_picked":["Thunderclap+1","Entrench"],"picked":"Dropkick+1","floor":31}],"player_experience":348480,"relics_obtained":[{"floor":9,"key":"Frozen Egg 2"},{"floor":26,"key":"Vajra"},{"floor":27,"key":"Blue Candle"}],"event_choices":[{"cards_removed":["Defend_R"],"damage_healed":0,"gold_gain":0,"player_choice":"Card Removal","damage_taken":7,"max_hp_gain":0,"max_hp_loss":0,"event_name":"Golden Wing","floor":3,"gold_loss":0},{"damage_healed":0,"gold_gain":175,"player_choice":"AGREE","damage_taken":0,"max_hp_gain":0,"max_hp_loss":0,"event_name":"Liars Game","floor":4,"gold_loss":0,"cards_obtained":["Doubt"]},{"damage_healed":0,"gold_gain":0,"player_choice":"Lose Max HP","damage_taken":0,"relics_obtained":["Golden Idol"],"max_hp_gain":0,"max_hp_loss":6,"event_name":"Golden Idol","floor":13,"gold_loss":0},{"cards_removed":["Strike_R"],"damage_healed":0,"gold_gain":0,"player_choice":"Elegance","damage_taken":0,"max_hp_gain":0,"max_hp_loss":0,"event_name":"Back to Basics","floor":20,"gold_loss":0},{"damage_healed":0,"gold_gain":0,"player_choice":"Got Potions","damage_taken":0,"max_hp_gain":0,"max_hp_loss":0,"event_name":"Lab","floor":28,"gold_loss":0}],"is_beta":false,"boss_relics":[{"not_picked":["Snecko Eye","Philosopher\u0027s Stone"],"picked":"Eternal Feather"}],"items_purged_floors":[2,30],"is_endless":false,"potions_floor_spawned":[1,8,11,12,18,24],"killed_by":"Champ","ascension_level":0}