{"gold_per_floor":[110,110,122,122,132,132,151,151,203,75,75,95,123,96,96,196,196,207,207,257,257,257,3,3,22,22,34,34,47,59,77,77,173,173,192,292,304,315,315,315,328,428,453,471,491,108,127,140,140,140],"floor_reached":50,"playtime":2385,"items_purged":["Strike_R","Strike_R"],"score":498,"play_id":"ba59f49f-63b4-4001-bea8-e1ddd061f3a4","local_time":"20190121013510","is_ascension_mode":false,"campfire_choices":[{"data":"Flex","floor":6,"key":"SMITH"},{"data":"Heavy Blade","floor":8,"key":"SMITH"},{"data":"Sword Boomerang","floor":11,"key":"SMITH"},{"data":"Heavy Blade","floor":15,"key":"SMITH"},{"data":"Limit Break","floor":24,"key":"SMITH"},{"data":"Flex","floor":28,"key":"SMITH"},{"data":"Flex","floor":32,"key":"SMITH"},{"data":"J.A.X.","floor":40,"key":"SMITH"},{"floor":49,"key":"REST"}],"neow_cost":"NONE","seed_source_timestamp":1021710942482967,"circlet_count":0,"master_deck":["Strike_R","Defend_R","Defend_R","Defend_R","Bash","Double Tap","Sword Boomerang+1","Heavy Blade+1","Shrug It Off","Flex+1","Heavy Blade+1","Cleave","Sword Boomerang","Limit Break+1","Shrug It Off+1","Flex+1","J.A.X.+1","Flex+1","Shrug It Off+1","Parasite","Flame Barrier+1","Metallicize","Limit Break","Flex","Limit Break+1","Sword Boomerang+1"],"relics":["Burning Blood","Juzu Bracelet","Lantern","Orichalcum","White Beast Statue","Dream Catcher","Vajra","Meat on the Bone","Empty Cage","Ice Cream","Ancient Tea Set","DollysMirror"],"potions_floor_usage":[16,16,33,48,50,50,50],"damage_taken":[{"damage":2,"enemies":"Small Slimes","floor":1,"turns":4},{"damage":6,"enemies":"Cultist","floor":3,"turns":3},{"damage":0,"enemies":"2 Louse","floor":5,"turns":2},{"damage":10,"enemies":"Looter","floor":7,"turns":2},{"damage":15,"enemies":"Exordium Thugs","floor":12,"turns":5},{"damage":14,"enemies":"3 Sentries","floor":13,"turns":8},{"damage":38,"enemies":"The Guardian","floor":16,"turns":10},{"damage":0,"enemies":"3 Byrds","floor":18,"turns":5},{"damage":31,"enemies":"Colosseum Slavers","floor":22,"turns":4},{"damage":5,"enemies":"2 Thieves","floor":25,"turns":2},{"damage":19,"enemies":"Snake Plant","floor":27,"turns":2},{"damage":17,"enemies":"Centurion and Healer","floor":29,"turns":4},{"damage":7,"enemies":"Snecko","floor":30,"turns":4},{"damage":3,"enemies":"Chosen and Byrds","floor":31,"turns":4},{"damage":15,"enemies":"Champ","floor":33,"turns":6},{"damage":33,"enemies":"3 Darklings","floor":35,"turns":5},{"damage":25,"enemies":"Mind Bloom Boss Battle","floor":36,"turns":3},{"damage":0,"enemies":"Orb Walker","floor":37,"turns":2},{"damage":32,"enemies":"Maw","floor":38,"turns":5},{"damage":3,"enemies":"Transient","floor":41,"turns":5},{"damage":5,"enemies":"Writhing Mass","floor":44,"turns":4},{"damage":53,"enemies":"Maw","floor":45,"turns":9},{"damage":8,"enemies":"Spire Growth","floor":47,"turns":3},{"damage":41,"enemies":"Writhing Mass","floor":48,"turns":4},{"damage":66,"enemies":"Donu and Deca","floor":50,"turns":7}],"seed_played":"-9209868962129678017","potions_obtained":[{"floor":1,"key":"Dexterity Potion"},{"floor":7,"key":"PowerPotion"},{"floor":12,"key":"PowerPotion"},{"floor":16,"key":"Weak Potion"},{"floor":18,"key":"Fire Potion"},{"floor":27,"key":"Dexterity Potion"},{"floor":29,"key":"EssenceOfSteel"},{"floor":30,"key":"AttackPotion"},{"floor":33,"key":"Weak Potion"},{"floor":36,"key":"AttackPotion"},{"floor":45,"key":"Regen Potion"},{"floor":48,"key":"BloodPotion"}],"is_trial":false,"path_per_floor":["M","?","M","?","M","R","M","R","T","$","R","M","E","$","R","B",null,"M","?","T","?","?","$","R","M","T","M","R","M","M","M","R","B",null,"M","?","M","M","?","R","M","?","T","M","M","$","M","M","R","B"],"character_chosen":"IRONCLAD","items_purchased":["Heavy Blade","Sword Boomerang","Vajra","Limit Break","Flex","DollysMirror"],"campfire_rested":1,"item_purchase_floors":[10,14,23,46,46,46],"current_hp_per_floor":[80,80,80,62,68,68,64,64,64,64,64,55,47,47,47,15,80,80,80,80,80,55,55,55,56,56,55,55,56,55,58,58,49,80,53,46,52,38,70,70,70,70,70,70,35,35,45,22,43,0],"gold":140,"neow_bonus":"ONE_RANDOM_RARE_CARD","is_prod":false,"is_daily":false,"chose_seed":false,"campfire_upgraded":8,"win_rate":0,"timestamp":1548052510,"path_taken":["M","?","?","?","M","R","M","R","T","$","R","M","E","$","R","BOSS","M","?","?","?","?","$","R","M","T","M","R","M","M","M","R","BOSS","M","?","M","M","?","R","M","?","T","M","M","$","M","M","R","BOSS"],"build_version":"2019-01-17v2","purchased_purges":2,"victory":false,"max_hp_per_floor":[80,80,80,80,80,80,80,80,80,80,80,80,80,80,80,80,80,80,80,80,80,80,80,80,80,80,80,80,80,80,80,80,80,80,80,80,80,80,70,70,70,70,70,70,70,70,70,70,70,70],"card_choices":[{"not_picked":["Battle Trance","Anger"],"picked":"Sword Boomerang","floor":1},{"not_picked":["Intimidate","Clothesline"],"picked":"Shrug It Off","floor":3},{"not_picked":["Wild Strike","Bloodletting"],"picked":"Flex","floor":5},{"not_picked":["Evolve","Thunderclap","Warcry"],"picked":"SKIP","floor":7},{"not_picked":["Power Through","Impervious","Anger"],"picked":"SKIP","floor":12},{"not_picked":["Combust","Havoc"],"picked":"Cleave","floor":13},{"not_picked":["Exhume","Berserk"],"picked":"Limit Break","floor":16},{"not_picked":["Heavy Blade","True Grit"],"picked":"Shrug It Off+1","floor":18},{"not_picked":["Evolve","Iron Wave","Burning Pact"],"picked":"SKIP","floor":25},{"not_picked":["Iron Wave","Thunderclap","Clothesline+1"],"picked":"SKIP","floor":27},{"not_picked":["Bloodletting","Uppercut"],"picked":"Flex","floor":29},{"not_picked":["Feel No Pain","Reckless Charge","Body Slam"],"picked":"SKIP","floor":30},{"not_picked":["Barricade","Iron Wave+1","Wild Strike"],"picked":"SKIP","floor":31},{"not_picked":["Perfected Strike","Clash+1","Dropkick"],"picked":"SKIP","floor":35},{"not_picked":["True Grit","Havoc+1","Thunderclap+1"],"picked":"SKIP","floor":37},{"not_picked":["Burning Pact+1","Blood for Blood+1","Iron Wave+1"],"picked":"SKIP","floor":38},{"not_picked":["Evolve","Clothesline"],"picked":"Shrug It Off+1","floor":41},{"not_picked":["Rage","Warcry+1"],"picked":"Flame Barrier+1","floor":44},{"not_picked":["Body Slam","Cleave"],"picked":"Metallicize","floor":45},{"not_picked":["Uppercut+1","Clothesline","Clash+1"],"picked":"SKIP","floor":47},{"not_picked":["Rampage+1","Berserk","Armaments+1"],"picked":"SKIP","floor":48},{"not_picked":["Pommel Strike+1","Power Through+1"],"picked":"Sword Boomerang+1","floor":49}],"player_experience":952143,"relics_obtained":[{"floor":9,"key":"Lantern"},{"floor":13,"key":"Orichalcum"},{"floor":20,"key":"Dream Catcher"},{"floor":26,"key":"Meat on the Bone"},{"floor":36,"key":"Ice Cream"},{"floor":43,"key":"Ancient Tea Set"}],"event_choices":[{"damage_healed":0,"gold_gain":0,"cards_transformed":["Strike_R"],"player_choice":"Transformed","damage_taken":0,"max_hp_gain":0,"max_hp_loss":0,"event_name":"Transmorgrifier","floor":2,"gold_loss":0,"cards_obtained":["Heavy Blade"]},{"damage_healed":0,"gold_gain":0,"player_choice":"Success","damage_taken":18,"relics_obtained":["Juzu Bracelet"],"max_hp_gain":0,"max_hp_loss":0,"event_name":"Scrap Ooze","floor":4,"gold_loss":0},{"damage_healed":0,"gold_gain":0,"player_choice":"Read","damage_taken":0,"max_hp_gain":0,"max_hp_loss":0,"event_name":"The Library","floor":19,"gold_loss":0,"cards_obtained":["Flex"]},{"damage_healed":0,"gold_gain":0,"player_choice":"Obtain J.A.X.","damage_taken":0,"max_hp_gain":0,"max_hp_loss":0,"event_name":"Drug Dealer","floor":21,"gold_loss":0,"cards_obtained":["J.A.X."]},{"damage_healed":0,"gold_gain":0,"player_choice":"Fight","damage_taken":0,"max_hp_gain":0,"max_hp_loss":0,"event_name":"Colosseum","floor":22,"gold_loss":0},{"damage_healed":0,"gold_gain":0,"player_choice":"Fled From Nobs","damage_taken":0,"max_hp_gain":0,"max_hp_loss":0,"event_name":"Colosseum","floor":22,"gold_loss":0},{"damage_healed":0,"gold_gain":0,"player_choice":"Fight","damage_taken":0,"max_hp_gain":0,"max_hp_loss":0,"event_name":"MindBloom","floor":36,"gold_loss":0},{"damage_healed":70,"gold_gain":0,"player_choice":"Heal","damage_taken":0,"max_hp_gain":0,"max_hp_loss":10,"event_name":"The Moai Head","floor":39,"gold_loss":0},{"damage_healed":0,"gold_gain":100,"player_choice":"Pray","damage_taken":0,"max_hp_gain":0,"max_hp_loss":0,"event_name":"Golden Shrine","floor":42,"gold_loss":0}],"is_beta":false,"boss_relics":[{"not_picked":["Ectoplasm","Sozu"],"picked":"White Beast Statue"},{"not_picked":["Lizard Tail","Runic Cube"],"picked":"Empty Cage"}],"items_purged_floors":[10,23],"is_endless":false,"potions_floor_spawned":[1,7,12,16,18,22,25,27,29,30,31,33,35,36,37,38,41,44,45,47,48],"killed_by":"Donu and Deca","ascension_level":0}