{"path_per_floor":["M","M","M","$","?","E","R","M","T","M","M","E","M","$","R","B",null,"M","?","?","M","?","R","E","?","T","M","?","M","E","M","R","B",null,"M","?","$","M","?","R","?","M","T","M","M","M","R","M","R"],"character_chosen":"IRONCLAD","items_purchased":["Seeing Red","Anchor","Twin Strike","Wild Strike","Paper Frog"],"gold_per_floor":[114,134,145,65,140,172,172,186,186,206,226,257,273,54,54,159,159,178,178,178,195,95,95,121,121,121,132,132,145,177,194,194,295,295,310,310,65,78,78,78,133,144,144,157,170,185,185,201,201],"floor_reached":50,"campfire_rested":2,"playtime":2775,"current_hp_per_floor":[75,80,80,80,69,56,56,62,62,60,66,41,47,47,47,19,80,80,65,49,55,55,55,52,52,52,53,53,57,40,41,66,55,85,85,74,74,66,66,66,63,61,61,60,31,27,27,17,42],"items_purged":[],"gold":201,"score":499,"play_id":"b5f49713-eaa0-4b8b-a8f2-7ae45f543f8b","is_prod":false,"is_daily":false,"is_ascension_mode":false,"campfire_upgraded":5,"path_taken":["M","M","M","$","?","E","R","M","T","M","M","E","M","$","R","BOSS","M","?","?","M","?","R","E","?","T","?","?","M","E","?","R","BOSS","M","?","$","M","?","R","?","M","T","?","?","M","R","M","R","BOSS"],"build_version":"2018-02-22-PROD2","purchased_purges":1,"victory":false,"master_deck":["Strike_R+1","Strike_R+1","Strike_R+1","Strike_R+1","Strike_R+1","Defend_R+1","Defend_R+1","Bash","Perfected Strike+1","Pommel Strike","Pommel Strike","Seeing Red+1","Inflame","Perfected Strike+1","Uppercut","Whirlwind+1","Twin Strike","Wild Strike","Offering","Battle Trance","J.A.X.","Sever Soul","Wild Strike","Pommel Strike","Inflame+1","Fire Breathing+1","Pommel Strike+1","Clothesline+1","Combust+1","Inflame","Headbutt","Madness","Madness","Pommel Strike","Impervious","Flex+1","Disarm+1","Twin Strike+1","Thunderclap"],"max_hp_per_floor":[80,80,80,80,80,80,80,80,80,80,80,80,80,80,80,80,80,80,85,85,85,85,85,85,85,85,85,85,85,85,85,85,85,85,85,85,85,85,85,85,85,85,85,85,85,85,85,85,85],"relics":["Burning Blood","Bottled Lightning","Charon\u0027s Ashes","Oddly Smooth Stone","Anchor","Snecko Eye","Enchiridion","Dream Catcher","Blood Vial","Dodecahedron","Orrery","Paper Frog","Peace Pipe","Bronze Scales"],"card_choices":[{"not_picked":["Twin Strike","Heavy Blade"],"picked":"Perfected Strike"},{"not_picked":["Disarm","Dropkick"],"picked":"Pommel Strike"},{"not_picked":["Body Slam","Armaments"],"picked":"Pommel Strike"},{"not_picked":["Iron Wave","Cleave"],"picked":"Inflame"},{"not_picked":["Uppercut","Cleave"],"picked":"Perfected Strike"},{"not_picked":["Metallicize","Flex"],"picked":"Uppercut"},{"not_picked":["Iron Wave","Flex"],"picked":"Whirlwind"},{"not_picked":["Juggernaut","Bludgeon"],"picked":"Offering"},{"not_picked":["Havoc","Clothesline"],"picked":"Battle Trance"},{"not_picked":["Armaments","Battle Trance"],"picked":"Sever Soul"},{"not_picked":["Flex","Bloodletting"],"picked":"Wild Strike"},{"not_picked":["Battle Trance","Flex"],"picked":"Pommel Strike"},{"not_picked":["Rage","Heavy Blade"],"picked":"Inflame"},{"not_picked":["Armaments","Sword Boomerang"],"picked":"Fire Breathing"},{"not_picked":["Fire Breathing","Anger"],"picked":"Pommel Strike"},{"not_picked":["Combust","Body Slam"],"picked":"Clothesline"},{"not_picked":["Anger","Warcry"],"picked":"Combust"},{"not_picked":["Disarm","Searing Blow"],"picked":"Inflame"},{"not_picked":["Heavy Blade","Uppercut"],"picked":"Headbutt"},{"not_picked":["Havoc","Clothesline"],"picked":"Pommel Strike"},{"not_picked":["Battle Trance","Twin Strike"],"picked":"Impervious"},{"not_picked":["Second Wind","Cleave"],"picked":"Flex"},{"not_picked":["Ghostly Armor","Cleave"],"picked":"Disarm"},{"not_picked":["Rage","Clothesline"],"picked":"Twin Strike"},{"not_picked":["Searing Blow","Evolve"],"picked":"Thunderclap"}],"player_experience":40190,"potions_floor_usage":[11,16,18,27,33,46,50,50],"damage_taken":[{"damage":11,"enemies":"Jaw Worm","floor":1,"turns":3},{"damage":0,"enemies":"2 Louse","floor":2,"turns":2},{"damage":2,"enemies":"Small Slimes","floor":3,"turns":3},{"damage":19,"enemies":"3 Sentries","floor":6,"turns":7},{"damage":0,"enemies":"2 Fungi Beasts","floor":8,"turns":2},{"damage":8,"enemies":"Large Slime","floor":10,"turns":4},{"damage":0,"enemies":"Blue Slaver","floor":11,"turns":2},{"damage":31,"enemies":"Lagavulin","floor":12,"turns":4},{"damage":0,"enemies":"2 Fungi Beasts","floor":13,"turns":1},{"damage":34,"enemies":"Hexaghost","floor":16,"turns":7},{"damage":4,"enemies":"3 Byrds","floor":18,"turns":3},{"damage":0,"enemies":"Spheric Guardian","floor":21,"turns":2},{"damage":9,"enemies":"Slavers","floor":24,"turns":2},{"damage":7,"enemies":"Centurion and Healer","floor":27,"turns":2},{"damage":4,"enemies":"Sentry and Sphere","floor":29,"turns":2},{"damage":25,"enemies":"Gremlin Leader","floor":30,"turns":4},{"damage":7,"enemies":"3 Cultists","floor":31,"turns":2},{"damage":19,"enemies":"Champ","floor":33,"turns":6},{"damage":4,"enemies":"Orb Walker","floor":35,"turns":1},{"damage":16,"enemies":"3 Shapes","floor":38,"turns":3},{"damage":11,"enemies":"Mysterious Sphere","floor":41,"turns":2},{"damage":10,"enemies":"3 Darklings","floor":42,"turns":3},{"damage":9,"enemies":"Maw","floor":44,"turns":4},{"damage":37,"enemies":"4 Shapes","floor":45,"turns":2},{"damage":12,"enemies":"3 Darklings","floor":46,"turns":2},{"damage":18,"enemies":"Sphere and 2 Shapes","floor":48,"turns":4},{"damage":59,"enemies":"Donu and Deca","floor":50,"turns":3}],"event_choices":[{"event_name":"World of Goop","player_choice":"Gather Gold","floor":5,"damage_taken":0},{"event_name":"Forgotten Altar","player_choice":"Shed Blood","floor":19,"damage_taken":0},{"event_name":"Cursed Tome","player_choice":"Obtained Book","floor":20,"damage_taken":0},{"event_name":"Drug Dealer","player_choice":"Got JAXXED","floor":22,"damage_taken":0},{"event_name":"Back to Basics","player_choice":"Simplicity","floor":25,"damage_taken":0},{"event_name":"Purifier","player_choice":"One Purge","floor":28,"damage_taken":0},{"event_name":"Winding Halls","player_choice":"Embrace Madness","floor":36,"damage_taken":0},{"event_name":"Mysterious Sphere","player_choice":"Fight","floor":41,"damage_taken":0}],"boss_relics":[{"not_picked":["Runic Cube","Lizard Tail"],"picked":"Snecko Eye"},{"not_picked":["Astrolabe","Velvet Choker"],"picked":"Orrery"}],"potions_floor_spawned":[3,6,8,10,13,16,18,21,29,31,41,42,45],"seed_played":"-5557041048205452522","killed_by":"Donu and Deca","ascension_level":0,"is_trial":false}