{"gold_per_floor":[113,130,147,163,163,163,194,207,207,207,207,37,37,81,81,81],"floor_reached":16,"playtime":492,"items_purged":[],"score":148,"play_id":"d5d65b9d-c054-44f0-824a-766aa32b392c","local_time":"20190302203829","is_ascension_mode":true,"campfire_choices":[{"data":"Bash","floor":6,"key":"SMITH"},{"data":"HandOfGreed","floor":13,"key":"SMITH"},{"floor":15,"key":"REST"}],"neow_cost":"NONE","seed_source_timestamp":183453414890709,"circlet_count":0,"master_deck":["Strike_R","Strike_R","Strike_R","Strike_R","Defend_R","Defend_R","Defend_R","Defend_R","Bash+1","Perfected Strike","Flame Barrier","Shrug It Off","Sword Boomerang","Anger","HandOfGreed+1","Iron Wave"],"relics":["Burning Blood","NeowsBlessing","Magic Flower","Incense Burner","Paper Frog"],"potions_floor_usage":[],"damage_taken":[{"damage":0,"enemies":"Small Slimes","floor":1,"turns":1},{"damage":0,"enemies":"2 Louse","floor":2,"turns":1},{"damage":0,"enemies":"Jaw Worm","floor":3,"turns":1},{"damage":15,"enemies":"Looter","floor":4,"turns":5},{"damage":25,"enemies":"3 Sentries","floor":7,"turns":14},{"damage":9,"enemies":"Blue Slaver","floor":8,"turns":4},{"damage":43,"enemies":"Exordium Thugs","floor":14,"turns":7},{"damage":45,"enemies":"Hexaghost","floor":16,"turns":9}],"seed_played":"1746289968735312820","potions_obtained":[{"floor":4,"key":"Energy Potion"},{"floor":7,"key":"GamblersBrew"}],"is_trial":false,"path_per_floor":["M","M","M","M","?","R","E","M","T","?","?","$","R","M","R","B"],"character_chosen":"IRONCLAD","items_purchased":["HandOfGreed"],"campfire_rested":1,"item_purchase_floors":[12],"current_hp_per_floor":[78,80,80,71,71,71,52,52,52,52,52,52,52,18,42,0],"gold":81,"neow_bonus":"THREE_ENEMY_KILL","is_prod":false,"is_daily":false,"chose_seed":false,"campfire_upgraded":2,"win_rate":0,"timestamp":1551587909,"path_taken":["M","M","M","M","?","R","E","M","T","?","?","$","R","?","R","BOSS"],"build_version":"2019-01-23","purchased_purges":0,"victory":false,"max_hp_per_floor":[80,80,80,80,80,80,80,80,80,80,80,80,80,80,80,80],"card_choices":[{"not_picked":["True Grit","Flex"],"picked":"Perfected Strike","floor":1},{"not_picked":["Wild Strike","Clash"],"picked":"Flame Barrier","floor":2},{"not_picked":["Headbutt","Infernal Blade","Warcry"],"picked":"SKIP","floor":3},{"not_picked":["Carnage","Iron Wave"],"picked":"Shrug It Off","floor":4},{"not_picked":["Thunderclap","Wild Strike"],"picked":"Sword Boomerang","floor":7},{"not_picked":["Hemokinesis","Evolve","Heavy Blade"],"picked":"SKIP","floor":8},{"not_picked":["Carnage","Thunderclap"],"picked":"Iron Wave","floor":14}],"player_experience":323214,"relics_obtained":[{"floor":7,"key":"Magic Flower"},{"floor":9,"key":"Incense Burner"}],"event_choices":[{"damage_healed":0,"gold_gain":0,"player_choice":"Leave","damage_taken":0,"max_hp_gain":0,"max_hp_loss":0,"event_name":"The Cleric","floor":5,"gold_loss":0},{"damage_healed":0,"gold_gain":0,"cards_transformed":["Strike_R"],"player_choice":"Change","damage_taken":0,"max_hp_gain":0,"max_hp_loss":0,"event_name":"Living Wall","floor":10,"gold_loss":0,"cards_obtained":["Anger"]},{"damage_healed":0,"gold_gain":0,"player_choice":"Searched \u00272\u0027 times","damage_taken":0,"relics_obtained":["Paper Frog"],"max_hp_gain":0,"max_hp_loss":0,"event_name":"Dead Adventurer","floor":11,"gold_loss":0}],"is_beta":false,"boss_relics":[],"items_purged_floors":[],"is_endless":false,"potions_floor_spawned":[4,7],"killed_by":"Hexaghost","ascension_level":9}