{"gold_per_floor":[112,130,147,222,245,245,279,279,306,306,306,324,359,83,83,187,187,202,215,130,130,142,142,142],"floor_reached":24,"playtime":1348,"items_purged":[],"score":265,"play_id":"487774d6-5420-4e2d-91ea-d52bae1a74a4","local_time":"20181215141709","is_ascension_mode":true,"campfire_choices":[{"data":"Neutralize","floor":6,"key":"SMITH"},{"floor":8,"key":"REST"},{"data":"Deadly Poison","floor":11,"key":"SMITH"},{"floor":15,"key":"REST"},{"data":"Catalyst","floor":23,"key":"SMITH"}],"neow_cost":"NONE","seed_source_timestamp":246744330253241,"circlet_count":0,"master_deck":["Defend_G","Defend_G","Defend_G","Defend_G","Defend_G","Strike_G","Strike_G","Strike_G","Strike_G","Strike_G","Survivor","Neutralize+1","Deadly Poison+1","Bane+1","Escape Plan","Poisoned Stab","Dagger Spray","Blur","Catalyst+1","A Thousand Cuts+1","Infinite Blades+1","Necronomicurse"],"relics":["Ring of the Snake","NeowsBlessing","Potion Belt","Frozen Egg 2","Bag of Preparation","Dream Catcher","TwistedFunnel","Velvet Choker","Strawberry","Necronomicon"],"potions_floor_usage":[13,13,16,16,24],"damage_taken":[{"damage":0,"enemies":"Cultist","floor":1,"turns":1},{"damage":0,"enemies":"2 Louse","floor":2,"turns":1},{"damage":0,"enemies":"Jaw Worm","floor":3,"turns":1},{"damage":20,"enemies":"Gremlin Nob","floor":7,"turns":4},{"damage":6,"enemies":"2 Fungi Beasts","floor":12,"turns":3},{"damage":25,"enemies":"3 Sentries","floor":13,"turns":8},{"damage":1,"enemies":"The Guardian","floor":16,"turns":7},{"damage":9,"enemies":"Shell Parasite","floor":18,"turns":4},{"damage":12,"enemies":"Chosen","floor":19,"turns":3},{"damage":0,"enemies":"Snecko","floor":22,"turns":3},{"damage":33,"enemies":"Gremlin Leader","floor":24,"turns":5}],"seed_played":"7553588332958245494","potions_obtained":[{"floor":2,"key":"GamblersBrew"},{"floor":7,"key":"PowerPotion"},{"floor":13,"key":"AttackPotion"},{"floor":19,"key":"Fire Potion"}],"is_trial":false,"path_per_floor":["M","M","M","?","T","R","E","R","T","?","R","M","E","$","R","B",null,"M","M","?","?","M","R","E"],"character_chosen":"THE_SILENT","items_purchased":["TwistedFunnel","GhostInAJar"],"campfire_rested":2,"item_purchase_floors":[14,14],"current_hp_per_floor":[63,63,63,52,52,52,32,53,53,53,53,47,22,22,43,42,63,54,42,49,33,33,33,0],"gold":142,"neow_bonus":"THREE_ENEMY_KILL","is_prod":false,"is_daily":false,"chose_seed":false,"campfire_upgraded":3,"win_rate":0,"timestamp":1544901429,"path_taken":["M","M","?","?","?","R","E","R","T","?","R","?","E","$","R","BOSS","M","?","?","?","M","R","E"],"build_version":"2018-12-13","purchased_purges":0,"victory":false,"max_hp_per_floor":[70,70,70,70,70,70,70,70,70,70,70,70,70,70,70,70,70,70,70,77,77,77,77,77],"card_choices":[{"not_picked":["Underhanded Strike","Dagger Spray"],"picked":"Deadly Poison","floor":1},{"not_picked":["Blade Dance","Choke"],"picked":"Bane","floor":2},{"not_picked":["Backflip","Underhanded Strike"],"picked":"Escape Plan","floor":3},{"not_picked":["Eviscerate","Flying Knee"],"picked":"Poisoned Stab","floor":7},{"not_picked":["Cloak And Dagger","Accuracy+1"],"picked":"Dagger Spray","floor":12},{"not_picked":["Slice","Leg Sweep"],"picked":"Blur","floor":13},{"not_picked":["Expertise","Bane"],"picked":"Catalyst","floor":15},{"not_picked":["Glass Knife","Die Die Die"],"picked":"A Thousand Cuts+1","floor":16},{"not_picked":["Dodge and Roll","Heel Hook","Reflex"],"picked":"SKIP","floor":18},{"not_picked":["Backflip","Setup"],"picked":"Infinite Blades+1","floor":19},{"not_picked":["Blade Dance","Dagger Throw","Dagger Spray"],"picked":"SKIP","floor":22}],"player_experience":319521,"relics_obtained":[{"floor":5,"key":"Potion Belt"},{"floor":7,"key":"Frozen Egg 2"},{"floor":9,"key":"Bag of Preparation"},{"floor":13,"key":"Dream Catcher"},{"floor":21,"key":"Necronomicon"}],"event_choices":[{"damage_healed":0,"gold_gain":75,"player_choice":"Gather Gold","damage_taken":11,"max_hp_gain":0,"max_hp_loss":0,"event_name":"World of Goop","floor":4,"gold_loss":0},{"damage_healed":0,"gold_gain":0,"player_choice":"Forge","damage_taken":0,"max_hp_gain":0,"max_hp_loss":0,"event_name":"Accursed Blacksmith","floor":10,"gold_loss":0,"cards_upgraded":["Bane"]},{"damage_healed":0,"gold_gain":0,"player_choice":"Obtained Relic","damage_taken":0,"relics_obtained":["Strawberry"],"max_hp_gain":0,"max_hp_loss":0,"event_name":"Addict","floor":20,"gold_loss":85},{"damage_healed":0,"gold_gain":0,"player_choice":"Obtained Book","damage_taken":16,"max_hp_gain":0,"max_hp_loss":0,"event_name":"Cursed Tome","floor":21,"gold_loss":0}],"is_beta":false,"boss_relics":[{"not_picked":["Philosopher\u0027s Stone","HoveringKite"],"picked":"Velvet Choker"}],"items_purged_floors":[],"is_endless":false,"potions_floor_spawned":[2,7,13,19],"killed_by":"Gremlin Leader","ascension_level":6}