{"gold_per_floor":[212,212,64,84,84,84,122,20,72,97,5,5,20,33,33,157,220,238,256,256,280,301,301,315,315],"floor_reached":25,"playtime":1656,"items_purged":["Strike_B"],"score":205,"play_id":"c70d6c3e-657c-4046-a382-0419775212a5","local_time":"20190303221037","is_ascension_mode":true,"campfire_choices":[{"data":"Blizzard","floor":6,"key":"SMITH"},{"floor":12,"key":"REST"},{"floor":15,"key":"REST"},{"floor":23,"key":"REST"}],"neow_cost":"NONE","seed_source_timestamp":235852195406592,"circlet_count":0,"master_deck":["Strike_B","Strike_B+1","Defend_B","Defend_B","Defend_B","Defend_B","Zap","Dualcast","Coolheaded","Capacitor","Blizzard+1","Capacitor","Sunder+1","Coolheaded","Chill","Finesse","Conserve Battery","Machine Learning+1","Loop","Loop"],"relics":["Cracked Core","Golden Idol","Odd Mushroom","Whetstone","Tiny House"],"potions_floor_usage":[7,21],"damage_taken":[{"damage":0,"enemies":"Cultist","floor":1,"turns":3},{"damage":5,"enemies":"Small Slimes","floor":4,"turns":4},{"damage":30,"enemies":"The Mushroom Lair","floor":7,"turns":7},{"damage":0,"enemies":"2 Louse","floor":10,"turns":2},{"damage":0,"enemies":"Large Slime","floor":13,"turns":6},{"damage":8,"enemies":"Red Slaver","floor":14,"turns":4},{"damage":37,"enemies":"The Guardian","floor":16,"turns":15},{"damage":13,"enemies":"3 Byrds","floor":18,"turns":6},{"damage":10,"enemies":"Chosen","floor":19,"turns":10},{"damage":27,"enemies":"Snake Plant","floor":21,"turns":7},{"damage":7,"enemies":"Shelled Parasite and Fungi","floor":22,"turns":8},{"damage":39,"enemies":"3 Cultists","floor":24,"turns":7},{"damage":20,"enemies":"Snecko","floor":25,"turns":4}],"seed_played":"4891883326086110899","potions_obtained":[{"floor":2,"key":"GamblersBrew"},{"floor":2,"key":"Weak Potion"},{"floor":2,"key":"Block Potion"},{"floor":4,"key":"SkillPotion"},{"floor":7,"key":"Energy Potion"},{"floor":21,"key":"FocusPotion"}],"is_trial":false,"path_per_floor":["M","?","$","M","?","R","?","$","T","M","$","R","M","M","R","B",null,"M","M","?","M","M","R","M","M"],"character_chosen":"DEFECT","items_purchased":["Capacitor","Blizzard","Coolheaded","Finesse"],"campfire_rested":3,"item_purchase_floors":[3,3,8,11],"current_hp_per_floor":[75,75,75,70,52,52,22,22,22,22,22,44,44,36,58,21,80,67,57,57,30,23,47,8,0],"gold":315,"neow_bonus":"HUNDRED_GOLD","is_prod":false,"is_daily":false,"chose_seed":false,"campfire_upgraded":1,"win_rate":0,"timestamp":1551669037,"path_taken":["M","?","?","?","?","R","?","$","T","M","$","R","M","M","R","BOSS","M","M","?","M","M","R","M","?"],"build_version":"2019-01-23","purchased_purges":1,"victory":false,"max_hp_per_floor":[75,75,75,75,75,75,75,75,75,75,75,75,75,75,75,75,80,80,80,80,80,80,80,80,80],"card_choices":[{"not_picked":["Redo","Melter"],"picked":"Coolheaded","floor":1},{"not_picked":["Sweeping Beam","Heatsinks"],"picked":"Capacitor","floor":4},{"not_picked":["Loop","Gash"],"picked":"Sunder","floor":7},{"not_picked":["Sweeping Beam","Beam Cell"],"picked":"Chill","floor":10},{"not_picked":["Doom and Gloom","Streamline"],"picked":"Conserve Battery","floor":13},{"not_picked":["Scrape","Sweeping Beam","Streamline"],"picked":"SKIP","floor":14},{"not_picked":["Thunder Strike","Hyperbeam"],"picked":"Machine Learning","floor":16},{"not_picked":["Redo","Gash","Sweeping Beam"],"picked":"SKIP","floor":18},{"not_picked":["Compile Driver","Redo","Leap+1"],"picked":"SKIP","floor":19},{"not_picked":["Go for the Eyes+1","White Noise"],"picked":"Loop","floor":21},{"not_picked":["Lockon","Redo","Chaos"],"picked":"SKIP","floor":22},{"not_picked":["Undo","Doom and Gloom+1"],"picked":"Loop","floor":24}],"player_experience":1128557,"relics_obtained":[{"floor":7,"key":"Odd Mushroom"},{"floor":9,"key":"Whetstone"}],"event_choices":[{"damage_healed":0,"gold_gain":0,"player_choice":"Got Potions","damage_taken":0,"max_hp_gain":0,"max_hp_loss":0,"event_name":"Lab","floor":2,"gold_loss":0},{"damage_healed":0,"gold_gain":0,"player_choice":"Take Damage","damage_taken":18,"relics_obtained":["Golden Idol"],"max_hp_gain":0,"max_hp_loss":0,"event_name":"Golden Idol","floor":5,"gold_loss":0},{"damage_healed":0,"gold_gain":0,"player_choice":"Fought Mushrooms","damage_taken":0,"max_hp_gain":0,"max_hp_loss":0,"event_name":"Mushrooms","floor":7,"gold_loss":0},{"cards_removed":["Strike_B"],"damage_healed":0,"gold_gain":0,"player_choice":"Purged","damage_taken":0,"max_hp_gain":0,"max_hp_loss":0,"event_name":"Purifier","floor":20,"gold_loss":0}],"is_beta":false,"boss_relics":[{"not_picked":["Eternal Feather","Busted Crown"],"picked":"Tiny House"}],"items_purged_floors":[8],"is_endless":false,"potions_floor_spawned":[4,7,13,16,18,21,22],"killed_by":"Snecko","ascension_level":1}