{"path_per_floor":["M","M","M","$","M","R","M","M","T","?","E","R","M","$","R","B",null,"M","?","M"],"character_chosen":"THE_SILENT","items_purchased":["Infinite Blades","Flying Knee","Acrobatics","Infinite Blades"],"gold_per_floor":[109,125,139,6,20,20,16,35,84,84,117,117,135,66,66,167,167,136,136,154],"floor_reached":21,"campfire_rested":1,"playtime":2374,"current_hp_per_floor":[68,68,68,68,66,66,57,54,54,54,39,64,64,64,64,33,84,45,29,19],"items_purged":[],"gold":154,"play_id":"3c0556ca-2cbe-4656-a4e2-49c5b9204971","is_prod":false,"is_daily":false,"is_ascension_mode":false,"campfire_upgraded":2,"path_taken":["M","M","M","$","M","R","?","M","T","?","E","R","M","?","R","BOSS","M","?","M","M"],"build_version":"2018-02-01-PROD3","purchased_purges":0,"victory":false,"master_deck":["Defend_G","Defend_G","Defend_G","Defend_G","Defend_G","Strike_G","Strike_G","Strike_G","Strike_G","Strike_G","Survivor","Neutralize","Endless Agony","Infinite Blades+1","Dash","Leg Sweep","Infinite Blades","Flying Knee","Acrobatics","Quick Slash","Backflip","Night Terror+1","Slice","Finisher","Infinite Blades","After Image","Prepared+1","Necronomicurse","Deflect"],"max_hp_per_floor":[70,70,70,70,70,70,70,70,70,70,84,84,84,84,84,84,84,84,84,84],"relics":["Ring of the Snake","Bag of Preparation","Mango","Question Card","Necronomicon"],"card_choices":[{"not_picked":["Acrobatics","Prepared"],"picked":"Endless Agony"},{"not_picked":["Dagger Throw","Acrobatics"],"picked":"Infinite Blades"},{"not_picked":["Acrobatics","Slice"],"picked":"Dash"},{"not_picked":["All Out Attack","Prepared"],"picked":"Leg Sweep"},{"not_picked":["Prepared","Poisoned Stab"],"picked":"Quick Slash"},{"not_picked":["Dodge and Roll","Caltrops"],"picked":"Backflip"},{"not_picked":["Quick Slash","Acrobatics"],"picked":"Night Terror"},{"not_picked":["Prepared","Dagger Spray"],"picked":"Slice"},{"not_picked":["Acrobatics","Terror"],"picked":"Finisher"},{"not_picked":["Doppelganger","Glass Knife"],"picked":"After Image"},{"not_picked":["Deadly Poison","Well Laid Plans","Dagger Throw"],"picked":"Prepared"},{"not_picked":["Acrobatics","Dash","Predator"],"picked":"Deflect"}],"player_experience":10450,"potions_floor_usage":[16],"damage_taken":[{"damage":2,"enemies":"Blue Slaver","floor":1,"turns":5},{"damage":0,"enemies":"Cultist","floor":2,"turns":4},{"damage":0,"enemies":"Jaw Worm","floor":3,"turns":5},{"damage":2,"enemies":"2 Fungi Beasts","floor":5,"turns":5},{"damage":9,"enemies":"Exordium Thugs","floor":7,"turns":6},{"damage":3,"enemies":"Red Slaver","floor":8,"turns":5},{"damage":29,"enemies":"Gremlin Nob","floor":11,"turns":5},{"damage":0,"enemies":"2 Fungi Beasts","floor":13,"turns":4},{"damage":31,"enemies":"Slime Boss","floor":16,"turns":6},{"damage":39,"enemies":"2 Thieves","floor":18,"turns":5},{"damage":10,"enemies":"Shell Parasite","floor":20,"turns":8},{"damage":26,"enemies":"Snecko","floor":21,"turns":3}],"event_choices":[{"event_name":"Liars Game","player_choice":"disagreed","floor":10,"damage_taken":0},{"event_name":"Cursed Tome","player_choice":"Obtained Book","floor":19,"damage_taken":0}],"boss_relics":[{"not_picked":["Runic Dome","The Specimen"],"picked":"Question Card"}],"potions_floor_spawned":[2,7,13,18],"seed_played":"-5685287149418873998","killed_by":"Snecko","ascension_level":0,"is_trial":false}