{"gold_per_floor":[115,290,302,302,1,1,18,93,164,26,36,46,73,88,88,191,191,202,236,87,106,106,106,106,106,129,141,141,152,164,164,164,164],"floor_reached":33,"playtime":2611,"items_purged":["Doubt","Strike_G"],"score":262,"play_id":"1a610653-3a1c-438f-aedb-64bf5dd76dee","local_time":"20190203173208","is_ascension_mode":false,"campfire_choices":[{"data":"Catalyst","floor":6,"key":"SMITH"},{"data":"Noxious Fumes","floor":15,"key":"SMITH"},{"floor":23,"key":"REST"},{"data":"RitualDagger","floor":25,"key":"SMITH"},{"floor":28,"key":"REST"},{"data":"A Thousand Cuts","floor":32,"key":"SMITH"}],"neow_cost":"TEN_PERCENT_HP_LOSS","seed_source_timestamp":237743467112584,"circlet_count":0,"master_deck":["Defend_G","Defend_G","Defend_G","Defend_G","Defend_G","Strike_G","Survivor","Neutralize","Die Die Die","All Out Attack","Reflex","Outmaneuver","Noxious Fumes+1","Catalyst+1","Escape Plan","Well Laid Plans","Infinite Blades","Dodge and Roll+1","PiercingWail+1","Night Terror+1","Flechettes","A Thousand Cuts+1","Dash","Backflip+1","RitualDagger+1","PiercingWail+1","Dodge and Roll+1","Dash"],"relics":["Ring of the Snake","Toxic Egg 2","Odd Mushroom","Empty Cage","Red Mask","Blood Vial","Meat on the Bone","Strawberry"],"potions_floor_usage":[19,27,30,33],"damage_taken":[{"damage":0,"enemies":"Jaw Worm","floor":1,"turns":4},{"damage":0,"enemies":"2 Louse","floor":3,"turns":2},{"damage":0,"enemies":"Cultist","floor":7,"turns":3},{"damage":2,"enemies":"3 Louse","floor":11,"turns":2},{"damage":0,"enemies":"Exordium Thugs","floor":12,"turns":4},{"damage":1,"enemies":"The Mushroom Lair","floor":13,"turns":2},{"damage":6,"enemies":"Blue Slaver","floor":14,"turns":5},{"damage":14,"enemies":"Hexaghost","floor":16,"turns":7},{"damage":26,"enemies":"3 Byrds","floor":18,"turns":5},{"damage":10,"enemies":"Masked Bandits","floor":19,"turns":5},{"damage":16,"enemies":"Chosen","floor":21,"turns":7},{"damage":22,"enemies":"Centurion and Healer","floor":27,"turns":8},{"damage":17,"enemies":"3 Cultists","floor":29,"turns":5},{"damage":38,"enemies":"Snecko","floor":30,"turns":8},{"damage":10,"enemies":"Collector","floor":33,"turns":4}],"seed_played":"1919483772003981598","potions_obtained":[{"floor":11,"key":"Fire Potion"},{"floor":14,"key":"GamblersBrew"},{"floor":16,"key":"Poison Potion"},{"floor":18,"key":"Energy Potion"},{"floor":30,"key":"Weak Potion"}],"is_trial":false,"path_per_floor":["M","?","M","?","$","R","M","?","T","$","M","M","?","M","R","B",null,"M","?","$","M","?","R","T","R","T","M","R","M","M","?","R","B"],"character_chosen":"THE_SILENT","items_purchased":["Noxious Fumes","Catalyst","Escape Plan","Infinite Blades","Blood Vial"],"campfire_rested":2,"item_purchase_floors":[5,5,5,10,20],"current_hp_per_floor":[63,63,63,63,63,63,63,52,52,52,50,50,49,43,43,29,63,37,27,27,13,7,25,25,25,32,24,45,42,18,18,18,10],"gold":164,"neow_bonus":"THREE_RARE_CARDS","is_prod":false,"is_daily":false,"chose_seed":false,"campfire_upgraded":4,"win_rate":0,"timestamp":1549233128,"path_taken":["M","?","M","?","$","R","?","?","T","$","M","M","?","?","R","BOSS","M","?","$","M","?","R","?","R","T","M","R","M","M","?","R","BOSS"],"build_version":"2019-01-23","purchased_purges":2,"victory":false,"max_hp_per_floor":[63,63,63,63,63,63,63,63,63,63,63,63,63,63,63,63,63,63,63,63,63,63,63,63,63,70,70,70,70,70,70,70,70],"card_choices":[{"not_picked":["Wraith Form v2","Unload"],"picked":"Die Die Die","floor":0},{"not_picked":["Bane","Dodge and Roll"],"picked":"All Out Attack","floor":1},{"not_picked":["Dagger Throw","Setup"],"picked":"Reflex","floor":3},{"not_picked":["Dodge and Roll","Underhanded Strike"],"picked":"Well Laid Plans","floor":7},{"not_picked":["Deflect+1","Crippling Poison+1"],"picked":"Dodge and Roll+1","floor":11},{"not_picked":["Acrobatics+1","Underhanded Strike"],"picked":"PiercingWail+1","floor":12},{"not_picked":["Dash","Masterful Stab"],"picked":"Night Terror+1","floor":13},{"not_picked":["Distraction+1","Prepared+1"],"picked":"Flechettes","floor":14},{"not_picked":["Envenom","Unload"],"picked":"A Thousand Cuts","floor":16},{"not_picked":["All Out Attack+1","Tactician+1","Bane"],"picked":"SKIP","floor":18},{"not_picked":["Predator","Dagger Throw"],"picked":"Dash","floor":19},{"not_picked":["Sucker Punch","Caltrops"],"picked":"Backflip+1","floor":21},{"not_picked":["Terror+1","Dagger Throw"],"picked":"PiercingWail+1","floor":27},{"not_picked":["Dagger Throw","Underhanded Strike"],"picked":"Dodge and Roll+1","floor":29},{"not_picked":["Flechettes","Caltrops+1"],"picked":"Dash","floor":30}],"player_experience":979181,"relics_obtained":[{"floor":9,"key":"Toxic Egg 2"},{"floor":13,"key":"Odd Mushroom"},{"floor":19,"key":"Red Mask"},{"floor":24,"key":"Meat on the Bone"},{"floor":26,"key":"Strawberry"}],"event_choices":[{"damage_healed":0,"gold_gain":175,"player_choice":"AGREE","damage_taken":0,"max_hp_gain":0,"max_hp_loss":0,"event_name":"Liars Game","floor":2,"gold_loss":0,"cards_obtained":["Doubt"]},{"damage_healed":0,"gold_gain":0,"player_choice":"1 cards matched","damage_taken":0,"max_hp_gain":0,"max_hp_loss":0,"event_name":"Match and Keep!","floor":4,"gold_loss":0,"cards_obtained":["Outmaneuver"]},{"damage_healed":0,"gold_gain":75,"player_choice":"Gather Gold","damage_taken":11,"max_hp_gain":0,"max_hp_loss":0,"event_name":"World of Goop","floor":8,"gold_loss":0},{"damage_healed":0,"gold_gain":0,"player_choice":"Fought Mushrooms","damage_taken":0,"max_hp_gain":0,"max_hp_loss":0,"event_name":"Mushrooms","floor":13,"gold_loss":0},{"damage_healed":0,"gold_gain":0,"player_choice":"Fought Bandits","damage_taken":0,"max_hp_gain":0,"max_hp_loss":0,"event_name":"Masked Bandits","floor":19,"gold_loss":0},{"damage_healed":0,"gold_gain":0,"player_choice":"Joined the Cult","damage_taken":6,"max_hp_gain":0,"max_hp_loss":0,"event_name":"Nest","floor":22,"gold_loss":0,"cards_obtained":["RitualDagger"]},{"cards_removed":["Strike_G"],"damage_healed":0,"gold_gain":0,"player_choice":"Elegance","damage_taken":0,"max_hp_gain":0,"max_hp_loss":0,"event_name":"Back to Basics","floor":31,"gold_loss":0}],"is_beta":false,"boss_relics":[{"not_picked":["Ectoplasm","Sozu"],"picked":"Empty Cage"}],"items_purged_floors":[5,10],"is_endless":false,"potions_floor_spawned":[11,14,16,18,30],"killed_by":"Collector","ascension_level":0}