{"path_per_floor":["M","M","$","M","M","M","?","M","T","T","M","R","$","M","R","B",null,"M","$","?","M","M","R","?","?","T","T","R","$","?","M","R"],"character_chosen":"IRONCLAD","items_purchased":["Dropkick","Girya","True Grit","Seeing Red","Burning Pact"],"gold_per_floor":[111,129,60,77,95,107,357,367,415,468,484,484,65,76,76,177,177,189,17,17,29,42,42,42,42,90,114,114,35,35,53,53,53],"floor_reached":33,"campfire_rested":1,"playtime":1553,"current_hp_per_floor":[67,72,72,72,50,45,45,39,39,39,20,44,44,47,47,17,80,75,75,75,76,72,72,57,57,57,57,57,57,57,56,56,0],"items_purged":["Regret","Strike_R"],"gold":53,"score":287,"play_id":"9583f895-5b52-4c9a-9925-8abcc64d2169","local_time":"20180322212516","is_prod":false,"is_daily":false,"is_ascension_mode":true,"campfire_upgraded":4,"timestamp":1521768316,"path_taken":["M","M","$","M","M","M","?","?","T","?","M","R","$","M","R","BOSS","M","$","?","M","M","R","?","?","T","?","R","$","?","M","R","BOSS"],"build_version":"2018-03-22","purchased_purges":2,"victory":false,"master_deck":["Strike_R","Strike_R","Defend_R","Defend_R","Defend_R+1","Defend_R","Bash","True Grit","Reaper","Dropkick+1","Uppercut","Inflame","Shrug It Off","Thunderclap","True Grit","Offering","Inflame+1","Seeing Red+1","Corruption","Dropkick+1","Rampage+1","Burning Pact+1"],"max_hp_per_floor":[80,80,80,80,80,80,80,80,80,80,80,80,80,80,80,80,80,80,80,80,80,80,80,85,85,85,85,85,85,85,85,85,85],"relics":["Burning Blood","Omamori","Prayer Wheel","Girya","Cursed Key","War Paint","Orichalcum","Pen Nib"],"card_choices":[{"not_picked":["Anger","Warcry"],"picked":"True Grit","floor":1},{"not_picked":["True Grit","Anger"],"picked":"Reaper","floor":2},{"not_picked":["Disarm","Cleave"],"picked":"Uppercut","floor":4},{"not_picked":["Perfected Strike","Fire Breathing"],"picked":"Inflame","floor":5},{"not_picked":["Cleave","Pummel"],"picked":"Shrug It Off","floor":6},{"not_picked":["Rupture","Fire Breathing"],"picked":"Thunderclap","floor":8},{"not_picked":["Reaper","Juggernaut"],"picked":"Offering","floor":16},{"not_picked":["Combust","Sword Boomerang"],"picked":"Inflame","floor":18},{"not_picked":["Clash","Burning Pact"],"picked":"Corruption","floor":21},{"not_picked":["Headbutt","Searing Blow"],"picked":"Dropkick","floor":22},{"not_picked":["Cleave","Hemokinesis"],"picked":"Rampage","floor":27}],"player_experience":320974,"potions_floor_usage":[16,16,33,33],"damage_taken":[{"damage":19,"enemies":"Small Slimes","floor":1,"turns":5},{"damage":1,"enemies":"Cultist","floor":2,"turns":3},{"damage":14,"enemies":"2 Louse","floor":4,"turns":3},{"damage":34,"enemies":"Gremlin Gang","floor":5,"turns":7},{"damage":23,"enemies":"3 Louse","floor":6,"turns":4},{"damage":12,"enemies":"Blue Slaver","floor":8,"turns":4},{"damage":25,"enemies":"Large Slime","floor":11,"turns":5},{"damage":3,"enemies":"2 Fungi Beasts","floor":14,"turns":4},{"damage":60,"enemies":"The Guardian","floor":16,"turns":13},{"damage":17,"enemies":"Shell Parasite","floor":18,"turns":5},{"damage":10,"enemies":"Chosen","floor":21,"turns":5},{"damage":22,"enemies":"Centurion and Healer","floor":22,"turns":6},{"damage":24,"enemies":"Cultist and Chosen","floor":31,"turns":5},{"damage":94,"enemies":"Champ","floor":33,"turns":5}],"event_choices":[{"event_name":"Golden Shrine","player_choice":"Desecrate","floor":7,"damage_taken":0},{"event_name":"The Mausoleum","player_choice":"Yes","floor":20,"damage_taken":0},{"event_name":"Forgotten Altar","player_choice":"Shed Blood","floor":24,"damage_taken":0},{"event_name":"Back to Basics","player_choice":"Elegance","floor":25,"damage_taken":0},{"event_name":"Purifier","player_choice":"One Purge","floor":30,"damage_taken":0}],"boss_relics":[{"not_picked":["Snecko Eye","Calling Bell"],"picked":"Cursed Key"}],"potions_floor_spawned":[2,5,11,14,18,31],"seed_played":"6351588910154333677","killed_by":"Champ","ascension_level":4,"is_trial":false}