{"path_per_floor":["M","?","?","?","M","E","R","M","T","E","M","?","M","?","R","B",null],"character_chosen":"IRONCLAD","items_purchased":[],"gold_per_floor":[20,20,20,95,111,142,142,157,157,188,203,233,249,270,270,365,365],"floor_reached":18,"campfire_rested":0,"playtime":734,"current_hp_per_floor":[80,80,80,69,74,44,44,50,50,45,50,50,51,35,35,51,80],"items_purged":[],"gold":382,"score":172,"play_id":"20e5362e-6992-44d7-b07b-e00db3e2f58b","local_time":"20180303081254","is_prod":false,"is_daily":false,"is_ascension_mode":false,"campfire_upgraded":2,"timestamp":1520082774,"path_taken":["M","?","?","?","M","E","R","?","T","E","M","?","?","?","R","BOSS","M"],"build_version":"2018-03-01-PROD1","purchased_purges":0,"victory":false,"master_deck":["Strike_R","Strike_R","Strike_R","Strike_R","Strike_R","Defend_R","Defend_R","Bash","Shrug It Off","Sever Soul","Headbutt+1","Bludgeon+1","Shockwave","Ghostly Armor","Brutality","Cleave","Pommel Strike","Seeing Red+1","Berserk"],"max_hp_per_floor":[80,80,80,80,80,80,80,80,80,80,80,80,80,80,80,80,80],"relics":["Burning Blood","Gambling Chip","Magic Flower","Pantograph","Shuriken","Odd Mushroom","Black Star"],"card_choices":[{"not_picked":["Iron Wave","Pommel Strike"],"picked":"Headbutt"},{"not_picked":["Wild Strike","Heavy Blade"],"picked":"Bludgeon"},{"not_picked":["Warcry","Thunderclap"],"picked":"Shockwave"},{"not_picked":["Body Slam","Clothesline"],"picked":"Ghostly Armor"},{"not_picked":["Power Through","Warcry"],"picked":"Brutality"},{"not_picked":["Clothesline","True Grit"],"picked":"Cleave"},{"not_picked":["Anger","Shrug It Off"],"picked":"Pommel Strike"},{"not_picked":["Flex","Metallicize"],"picked":"Seeing Red"},{"not_picked":["Exhume","Feed"],"picked":"Berserk"}],"player_experience":66579,"potions_floor_usage":[],"damage_taken":[{"damage":1,"enemies":"Jaw Worm","floor":1,"turns":3},{"damage":1,"enemies":"Cultist","floor":5,"turns":3},{"damage":36,"enemies":"Lagavulin","floor":6,"turns":4},{"damage":0,"enemies":"2 Louse","floor":8,"turns":2},{"damage":14,"enemies":"3 Sentries","floor":10,"turns":5},{"damage":4,"enemies":"Large Slime","floor":11,"turns":5},{"damage":8,"enemies":"Blue Slaver","floor":13,"turns":3},{"damage":25,"enemies":"The Mushroom Lair","floor":14,"turns":5},{"damage":31,"enemies":"Slime Boss","floor":16,"turns":8},{"damage":38,"enemies":"3 Byrds","floor":18,"turns":8}],"event_choices":[{"event_name":"The Cleric","player_choice":"Leave","floor":2,"damage_taken":0},{"event_name":"Upgrade Shrine","player_choice":"Upgraded","floor":3,"damage_taken":0},{"event_name":"World of Goop","player_choice":"Gather Gold","floor":4,"damage_taken":0},{"event_name":"Dead Adventurer","player_choice":"Searched \u00273\u0027 times","floor":12,"damage_taken":0},{"event_name":"Mushrooms","player_choice":"Fought Mushrooms","floor":14,"damage_taken":0}],"boss_relics":[{"not_picked":["Velvet Choker","Philosopher\u0027s Stone"],"picked":"Black Star"}],"potions_floor_spawned":[8,11],"seed_played":"6160849207308537195","killed_by":"3 Byrds","ascension_level":0,"is_trial":false}