{"gold_per_floor":[112,112,38,51,51,76,76,92,119,119,65,81,81,104,104,227,290,303,303,56,95,95,95,120,120,120,144,144,32,32],"floor_reached":30,"playtime":1239,"items_purged":["Strike_B"],"score":253,"play_id":"a7ffe6b4-c690-475c-ad03-2695a483e698","local_time":"20180726235941","is_ascension_mode":false,"campfire_choices":[{"data":"Blizzard","floor":7,"key":"SMITH"},{"data":"Coolheaded","floor":13,"key":"SMITH"},{"data":"Echo Form","floor":15,"key":"SMITH"},{"data":"Sunder","floor":23,"key":"SMITH"},{"data":"Loop","floor":25,"key":"SMITH"}],"neow_cost":"NONE","seed_source_timestamp":1365793991030784,"circlet_count":0,"master_deck":["Strike_B","Strike_B","Strike_B+1","Defend_B","Defend_B","Defend_B","Defend_B","Zap","Dualcast","Sweeping Beam+1","Blizzard+1","Barrage","Coolheaded+1","Stack","Conserve Battery","Cold Snap","Echo Form+1","Creative AI","Double Energy","Capacitor","Sunder+1","Loop+1","Chill","Self Repair"],"relics":["Cracked Core","NeowsBlessing","Art of War","Dream Catcher","Golden Idol","Tiny House","Bottled Tornado","Red Mask","Singing Bowl"],"potions_floor_usage":[16,28,28],"damage_taken":[{"damage":0,"enemies":"Jaw Worm","floor":1,"turns":1},{"damage":0,"enemies":"Small Slimes","floor":4,"turns":1},{"damage":0,"enemies":"3 Sentries","floor":6,"turns":1},{"damage":0,"enemies":"2 Louse","floor":8,"turns":2},{"damage":4,"enemies":"Red Slaver","floor":12,"turns":4},{"damage":16,"enemies":"Large Slime","floor":14,"turns":4},{"damage":7,"enemies":"Slime Boss","floor":16,"turns":8},{"damage":5,"enemies":"Chosen","floor":18,"turns":6},{"damage":51,"floor":21,"turns":5},{"damage":0,"enemies":"3 Byrds","floor":24,"turns":4},{"damage":11,"enemies":"Cultist and Chosen","floor":27,"turns":6},{"damage":6,"enemies":"Chosen and Byrds","floor":28,"turns":4},{"damage":22,"enemies":"Snake Plant","floor":30,"turns":2}],"seed_played":"-1449348617704185923","potions_obtained":[{"floor":1,"key":"Fire Potion"},{"floor":5,"key":"FairyPotion"},{"floor":5,"key":"SmokeBomb"},{"floor":16,"key":"Block Potion"}],"is_trial":false,"path_per_floor":["M","?","$","M","?","E","R","M","T","?","$","M","R","M","R","B",null,"M","?","$","?","?","R","M","R","T","M","M","$"],"character_chosen":"DEFECT","items_purchased":["Blizzard","Conserve Battery","Bottled Tornado","Self Repair"],"campfire_rested":0,"item_purchase_floors":[3,11,20,29],"current_hp_per_floor":[75,75,75,75,75,75,75,75,75,57,57,53,53,37,37,30,80,75,75,75,24,24,24,24,24,24,13,7,7,0],"gold":32,"neow_bonus":"THREE_ENEMY_KILL","is_prod":false,"is_daily":false,"chose_seed":false,"campfire_upgraded":5,"win_rate":0,"timestamp":1532663981,"path_taken":["M","?","$","M","?","E","R","M","T","?","$","M","R","?","R","BOSS","M","?","?","?","?","R","?","R","T","M","M","$","M"],"build_version":"2018-07-26","purchased_purges":1,"victory":false,"max_hp_per_floor":[75,75,75,75,75,75,75,75,75,75,75,75,75,75,75,75,80,80,80,80,80,80,80,80,80,80,80,80,80,80],"card_choices":[{"not_picked":["Melter","Leap"],"picked":"Sweeping Beam","floor":1},{"not_picked":["BootSequence","Force Field"],"picked":"Barrage","floor":4},{"not_picked":["Double Energy","Hologram"],"picked":"Coolheaded","floor":6},{"not_picked":["Reprogram","Gash"],"picked":"Stack","floor":8},{"not_picked":["Go for the Eyes","Recycle"],"picked":"Cold Snap","floor":12},{"not_picked":["Beam Cell","Genetic Algorithm"],"picked":"Echo Form","floor":14},{"not_picked":["Machine Learning","Meteor Strike"],"picked":"Creative AI","floor":16},{"not_picked":["Doom and Gloom","Reprogram"],"picked":"Double Energy","floor":17},{"not_picked":["Gash","Hologram","Beam Cell+1"],"picked":"SKIP","floor":18},{"not_picked":["Beam Cell","Redo"],"picked":"Sunder","floor":21},{"not_picked":["Go for the Eyes","Conserve Battery"],"picked":"Loop","floor":24},{"not_picked":["Streamline","Core Surge"],"picked":"Chill","floor":27}],"player_experience":562906,"relics_obtained":[{"floor":6,"key":"Art of War"},{"floor":9,"key":"Dream Catcher"},{"floor":21,"key":"Red Mask"},{"floor":26,"key":"Singing Bowl"}],"event_choices":[{"event_name":"Living Wall","player_choice":"Grow","floor":2,"damage_taken":0},{"event_name":"The Lab","player_choice":"Got Potions","floor":5,"damage_taken":0},{"event_name":"Golden Idol","player_choice":"Take Damage","floor":10,"damage_taken":0},{"event_name":"The Library","player_choice":"Read","floor":19,"damage_taken":0},{"event_name":"Masked Bandits","player_choice":"Fought over 56 gold","floor":21,"damage_taken":0},{"event_name":"Vampires","player_choice":"Ignored","floor":22,"damage_taken":0}],"is_beta":false,"boss_relics":[{"not_picked":["Velvet Choker","Snecko Eye"],"picked":"Tiny House"}],"items_purged_floors":[29],"is_endless":false,"potions_floor_spawned":[1,6,16,28],"killed_by":"Snake Plant","ascension_level":0}