{"path_per_floor":["M","?","?","M","M","R","M","M","T","E","?","M","R","E","R","B",null,"M","?","M","M","M","R","E","$","T","R","$","R","?","E","R","B",null,"M","?","?","M","M","E","R","E","T","M","T","M","M","$","R","B"],"character_chosen":"IRONCLAD","items_purchased":["Omamori","Feed","Flex","Heavy Blade","Weak Potion","Reaper"],"gold_per_floor":[11,11,11,28,42,42,61,81,106,134,134,153,153,187,187,283,283,303,303,314,330,340,340,370,41,41,41,14,14,14,43,43,140,140,153,199,159,169,181,236,236,269,269,288,314,331,349,73,73,73],"floor_reached":51,"campfire_rested":1,"playtime":3275,"current_hp_per_floor":[80,73,73,82,86,86,86,76,76,63,60,67,67,72,72,86,92,93,78,79,73,64,95,101,101,101,101,101,101,101,87,87,71,112,103,87,87,114,114,78,78,69,69,89,91,117,107,107,107,57],"items_purged":["Clash"],"gold":73,"play_id":"6844636c-bcdf-4d88-ba5c-d451460333ec","is_prod":false,"is_daily":false,"is_ascension_mode":true,"campfire_upgraded":8,"path_taken":["M","?","?","M","?","R","?","?","T","E","?","M","R","E","R","BOSS","M","?","M","M","M","R","E","$","T","R","$","R","?","E","R","BOSS","M","?","?","M","M","E","R","E","T","M","?","M","M","$","R","BOSS"],"build_version":"2018-01-23-BETA1","purchased_purges":1,"victory":true,"master_deck":["Strike_R","Strike_R","Strike_R","Strike_R","Strike_R","Defend_R","Bash","Reaper","Feed","Cleave","Inflame","Shrug It Off","Evolve","Shrug It Off","Rampage","Feed","Flex","Limit Break","Heavy Blade","Exhume","Double Tap","Wild Strike","Intimidate","Bloodletting","Reaper"],"max_hp_per_floor":[80,80,80,83,86,86,86,86,86,86,86,89,89,89,89,92,92,95,100,100,103,106,106,109,109,109,109,109,109,109,109,109,112,112,118,121,121,121,121,121,121,121,121,121,123,128,134,134,134,134],"relics":["Burning Blood","Lantern","Meat on the Bone","Prayer Wheel","Toxic Egg","Mark of Pain","Mercury Hourglass","Omamori","Vajra","Calipers","Black Star","Ginger","Tiny Chest","Molten Egg","Art of War","War Paint","Unceasing Top","Singing Bowl"],"card_choices":[{"not_picked":["Feel No Pain","Power Through"],"picked":"Cleave"},{"not_picked":["Thunderclap","Wild Strike"],"picked":"Inflame"},{"not_picked":["Hemokinesis","Armaments"],"picked":"Shrug It Off"},{"not_picked":["Cleave","Heavy Blade"],"picked":"Clash"},{"not_picked":["Shrug It Off","Warcry"],"picked":"Evolve"},{"not_picked":["Armaments","Fire Breathing"],"picked":"Shrug It Off"},{"not_picked":["Cleave","Intimidate"],"picked":"Rampage"},{"not_picked":["Burning Pact","Headbutt"],"picked":"Limit Break"},{"not_picked":["Sword Boomerang","Hemokinesis"],"picked":"Exhume"},{"not_picked":["Exhume","Brutality"],"picked":"Double Tap"},{"not_picked":["Anger","Sword Boomerang"],"picked":"Wild Strike"},{"not_picked":["Immolate","Flex"],"picked":"Intimidate"},{"not_picked":["Armaments","Sentinel"],"picked":"Bloodletting"}],"player_experience":167369,"potions_floor_usage":[14,20,22,24,24,24,36,38,40,40,42,44],"damage_taken":[{"damage":8,"enemies":"Jaw Worm","floor":1,"turns":4},{"damage":6,"enemies":"Cultist","floor":4,"turns":3},{"damage":5,"enemies":"2 Louse","floor":5,"turns":2},{"damage":12,"enemies":"2 Fungi Beasts","floor":7,"turns":3},{"damage":16,"enemies":"Large Slime","floor":8,"turns":4},{"damage":27,"enemies":"Gremlin Nob","floor":10,"turns":4},{"damage":2,"enemies":"Looter","floor":12,"turns":2},{"damage":19,"enemies":"3 Sentries","floor":14,"turns":5},{"damage":9,"enemies":"Slime Boss","floor":16,"turns":7},{"damage":8,"enemies":"3 Byrds","floor":18,"turns":5},{"damage":5,"enemies":"Spheric Guardian","floor":20,"turns":3},{"damage":23,"enemies":"Centurion and Healer","floor":21,"turns":6},{"damage":26,"enemies":"Chosen and Byrds","floor":22,"turns":6},{"damage":17,"enemies":"Slavers","floor":24,"turns":5},{"damage":20,"enemies":"Gremlin Leader","floor":31,"turns":6},{"damage":31,"enemies":"Champ","floor":33,"turns":7},{"damage":21,"enemies":"3 Shapes","floor":35,"turns":3},{"damage":61,"enemies":"Mysterious Sphere","floor":36,"turns":4},{"damage":24,"enemies":"3 Darklings","floor":38,"turns":4},{"damage":24,"enemies":"Spire Growth","floor":39,"turns":4},{"damage":83,"enemies":"Giant Head","floor":40,"turns":7},{"damage":27,"enemies":"2 Orb Walkers","floor":42,"turns":3},{"damage":16,"enemies":"Flame Bruiser 2 Orb","floor":44,"turns":8},{"damage":13,"enemies":"3 Darklings","floor":46,"turns":5},{"damage":22,"enemies":"Sphere and 2 Shapes","floor":47,"turns":4},{"damage":129,"enemies":"Donu and Deca","floor":50,"turns":7}],"event_choices":[{"event_name":"Golden Wing","player_choice":"Card Removal","floor":2,"damage_taken":0},{"event_name":"The Cleric","player_choice":"Leave","floor":3,"damage_taken":0},{"event_name":"Scrap Ooze","player_choice":"success","floor":11,"damage_taken":3},{"event_name":"Forgotten Altar","player_choice":"Shed Blood","floor":19,"damage_taken":0},{"event_name":"Back to Basics","player_choice":"Simplicity","floor":30,"damage_taken":0},{"event_name":"Mysterious Sphere","player_choice":"Fight","floor":36,"damage_taken":0},{"event_name":"The Woman in Blue","player_choice":"Bought 3 Potions","floor":37,"damage_taken":0}],"boss_relics":[{"not_picked":["Runic Pyramid","Question Card"],"picked":"Mark of Pain"},{"not_picked":["Tiny House","Velvet Choker"],"picked":"Black Star"}],"potions_floor_spawned":[1,4,8,14,18,21,22,31,35,38,39,40,47],"seed_played":"-3726862541918847801","ascension_level":1,"is_trial":false}