{"gold_per_floor":[114,114,132,132,232,267,267,302,366,378,415,450,476,501,513,525],"floor_reached":16,"playtime":741,"items_purged":[],"score":178,"play_id":"d425e8d5-6c87-4ef6-876f-2c8922c3b6cf","local_time":"20181209210435","is_ascension_mode":true,"campfire_choices":[{"data":"Neutralize","floor":7,"key":"SMITH"},{"floor":10,"key":"REST"},{"data":"Choke","floor":15,"key":"SMITH"}],"neow_cost":"NONE","seed_source_timestamp":1378643017690330,"circlet_count":0,"master_deck":["Defend_G","Defend_G","Defend_G","Defend_G","Defend_G","Strike_G","Strike_G","Strike_G","Strike_G","Strike_G","Survivor","Neutralize+1","Finisher","Blade Dance","Terror","Choke+1","Heel Hook","Blade Dance","Cloak And Dagger"],"relics":["Ring of the Snake","NeowsBlessing","Golden Idol","Bag of Marbles","MawBank","Orichalcum"],"potions_floor_usage":[13,16,16],"damage_taken":[{"damage":0,"enemies":"Small Slimes","floor":1,"turns":1},{"damage":0,"enemies":"2 Louse","floor":3,"turns":1},{"damage":0,"enemies":"Gremlin Nob","floor":6,"turns":1},{"damage":46,"enemies":"Lagavulin","floor":8,"turns":6},{"damage":0,"enemies":"Cultist","floor":11,"turns":2},{"damage":0,"enemies":"2 Fungi Beasts","floor":12,"turns":2},{"damage":10,"enemies":"Large Slime","floor":13,"turns":7},{"damage":1,"enemies":"Red Slaver","floor":14,"turns":3},{"damage":27,"enemies":"Hexaghost","floor":16,"turns":9}],"seed_played":"-3884742748986823334","potions_obtained":[{"floor":6,"key":"Ancient Potion"},{"floor":8,"key":"SpeedPotion"},{"floor":11,"key":"GhostInAJar"},{"floor":13,"key":"Explosive Potion"}],"is_trial":false,"path_per_floor":["M","?","M","?","?","E","R","E","T","R","M","M","M","M","R","B"],"character_chosen":"THE_SILENT","items_purchased":[],"campfire_rested":1,"item_purchase_floors":[],"current_hp_per_floor":[63,63,63,63,63,63,63,17,17,36,36,36,26,25,25,0],"gold":525,"neow_bonus":"THREE_ENEMY_KILL","is_prod":false,"is_daily":false,"chose_seed":false,"campfire_upgraded":2,"win_rate":0,"timestamp":1544407475,"path_taken":["M","?","M","?","?","E","R","E","T","R","M","M","?","M","R","BOSS"],"build_version":"2018-12-06","purchased_purges":0,"victory":false,"max_hp_per_floor":[70,70,70,65,65,65,65,65,65,65,65,65,65,65,65,65],"card_choices":[{"not_picked":["Backflip","Quick Slash"],"picked":"Finisher","floor":1},{"not_picked":["Acrobatics","Prepared"],"picked":"Blade Dance","floor":3},{"not_picked":["PiercingWail","Bouncing Flask","Eviscerate"],"picked":"SKIP","floor":6},{"not_picked":["Dagger Throw","Skewer"],"picked":"Terror","floor":8},{"not_picked":["Leg Sweep","Dagger Spray"],"picked":"Choke","floor":11},{"not_picked":["Cloak And Dagger","Escape Plan"],"picked":"Heel Hook","floor":12},{"not_picked":["Deadly Poison","Dagger Spray"],"picked":"Blade Dance","floor":13},{"not_picked":["Terror","Slice"],"picked":"Cloak And Dagger","floor":14}],"player_experience":303325,"relics_obtained":[{"floor":6,"key":"Bag of Marbles"},{"floor":8,"key":"MawBank"},{"floor":9,"key":"Orichalcum"}],"event_choices":[{"damage_healed":0,"gold_gain":0,"player_choice":"Ignored","damage_taken":0,"max_hp_gain":0,"max_hp_loss":0,"event_name":"Golden Wing","floor":2,"gold_loss":0},{"damage_healed":0,"gold_gain":0,"player_choice":"Lose Max HP","damage_taken":0,"relics_obtained":["Golden Idol"],"max_hp_gain":0,"max_hp_loss":5,"event_name":"Golden Idol","floor":4,"gold_loss":0},{"damage_healed":0,"gold_gain":100,"player_choice":"Pray","damage_taken":0,"max_hp_gain":0,"max_hp_loss":0,"event_name":"Golden Shrine","floor":5,"gold_loss":0}],"is_beta":false,"boss_relics":[],"items_purged_floors":[],"is_endless":false,"potions_floor_spawned":[6,8,11,13],"killed_by":"Hexaghost","ascension_level":6}