{"path_per_floor":["M","?","$","M","?","R","E","R","T","E","?","M","$","E","R"],"character_chosen":"THE_SILENT","items_purchased":["Infinite Blades"],"gold_per_floor":[113,113,38,57,57,57,84,84,133,161,161,176,95,126,126,126],"floor_reached":16,"campfire_rested":1,"playtime":801,"item_purchase_floors":[13],"current_hp_per_floor":[61,61,61,61,47,47,41,41,41,15,15,15,15,2,38,0],"items_purged":["Defend_G"],"gold":126,"score":174,"play_id":"0c463e20-79fa-4bd8-84af-a683cb545e5a","local_time":"20180601000854","is_prod":false,"is_daily":false,"chose_seed":false,"is_ascension_mode":true,"campfire_upgraded":2,"win_rate":0,"timestamp":1527779334,"campfire_choices":[{"data":"Survivor","floor":6.0,"key":"SMITH"},{"data":"Burst","floor":8,"key":"SMITH"},{"floor":15,"key":"REST"}],"path_taken":["M","?","?","M","?","R","E","R","T","E","?","M","$","E","R","BOSS"],"build_version":"2018-05-24","seed_source_timestamp":0,"purchased_purges":1,"victory":false,"master_deck":["Defend_G","Defend_G","Defend_G","Strike_G","Strike_G","Strike_G+1","Strike_G","Survivor+1","Neutralize+1","AscendersBane","Infinite Blades+1","Burst+1","PiercingWail","Infinite Blades","Infinite Blades"],"max_hp_per_floor":[70,70,70,70,70,70,70,70,70,70,70,70,70,70,70,70],"relics":["Ring of the Snake","Juzu Bracelet","Snake Skull","Regal Pillow","Girya"],"card_choices":[{"not_picked":["Masterful Stab","Accuracy"],"picked":"Infinite Blades","floor":1.0},{"not_picked":["Underhanded Strike","Calculated Gamble","Flying Knee"],"picked":"SKIP","floor":4.0},{"not_picked":["Flying Knee","Underhanded Strike"],"picked":"Burst","floor":7},{"not_picked":["Flying Knee","Bullet Time","Wraith Form v2"],"picked":"SKIP","floor":10},{"not_picked":["Prepared","Acrobatics"],"picked":"PiercingWail","floor":12},{"not_picked":["Choke","Dagger Throw"],"picked":"Infinite Blades","floor":14}],"player_experience":718895,"potions_floor_usage":[7,16],"damage_taken":[{"damage":2.0,"enemies":"2 Louse","floor":1.0,"turns":4.0},{"damage":0.0,"enemies":"Cultist","floor":4.0,"turns":4.0},{"damage":6,"enemies":"Gremlin Nob","floor":7,"turns":3},{"damage":26,"enemies":"3 Sentries","floor":10,"turns":10},{"damage":0,"enemies":"Jaw Worm","floor":12,"turns":4},{"damage":13,"enemies":"Lagavulin","floor":14,"turns":9},{"damage":39,"enemies":"The Guardian","floor":16,"turns":15}],"relics_obtained":[{"floor":7,"key":"Juzu Bracelet"},{"floor":9,"key":"Snake Skull"},{"floor":10,"key":"Regal Pillow"},{"floor":14,"key":"Girya"}],"event_choices":[{"event_name":"Purifier","player_choice":"One Purge","floor":2.0,"damage_taken":0.0},{"event_name":"Shining Light","player_choice":"Entered Light","floor":5.0,"damage_taken":0.0},{"event_name":"Purifier","player_choice":"One Purge","floor":11,"damage_taken":0}],"boss_relics":[],"items_purged_floors":[],"potions_floor_spawned":[1,14],"seed_played":"-7746809822896759777","killed_by":"The Guardian","ascension_level":10,"potions_obtained":[{"floor":1.0,"key":"Strength Potion"},{"floor":14,"key":"SkillPotion"}],"is_trial":false}