{"gold_per_floor":[162,174,193,193,205,205,219,219,219,219,219,219,219,245,245,245],"floor_reached":16,"playtime":494,"items_purged":[],"score":100,"play_id":"1394b074-30f0-4b9e-b627-b017eb7ef1d9","local_time":"20190223185114","is_ascension_mode":false,"campfire_choices":[{"data":"Bash","floor":6,"key":"SMITH"},{"data":"Strike_R","floor":8,"key":"SMITH"},{"data":"Defend_R","floor":10,"key":"SMITH"},{"data":"Strike_R","floor":12,"key":"SMITH"},{"data":"Strike_R","floor":15,"key":"PURGE"}],"neow_cost":"NONE","seed_source_timestamp":690315264875483,"circlet_count":0,"master_deck":["Strike_R","Strike_R","Strike_R+1","Strike_R+1","Defend_R","Defend_R+1","Defend_R+1","Bash+1"],"relics":["Tiny House","Mercury Hourglass","Peace Pipe"],"potions_floor_usage":[14,16],"damage_taken":[{"damage":5,"enemies":"Jaw Worm","floor":1,"turns":4},{"damage":5,"enemies":"Cultist","floor":2,"turns":4},{"damage":0,"enemies":"Small Slimes","floor":3,"turns":3},{"damage":11,"enemies":"Blue Slaver","floor":5,"turns":7},{"damage":2,"enemies":"3 Louse","floor":7,"turns":4},{"damage":13,"enemies":"Lagavulin","floor":14,"turns":5},{"damage":45,"enemies":"The Guardian","floor":16,"turns":9}],"seed_played":"7971283860724713808","potions_obtained":[{"floor":0,"key":"AttackPotion"},{"floor":3,"key":"Strength Potion"}],"is_trial":false,"path_per_floor":["M","M","M","?","M","R","M","R","T","R","?","R","?","E","R","B"],"character_chosen":"IRONCLAD","items_purchased":[],"campfire_rested":0,"item_purchase_floors":[],"current_hp_per_floor":[80,75,75,75,64,64,62,62,62,62,55,55,55,42,42,0],"gold":245,"neow_bonus":"BOSS_RELIC","is_prod":false,"is_daily":false,"chose_seed":false,"campfire_upgraded":4,"win_rate":0,"timestamp":1550915474,"path_taken":["M","M","M","?","?","R","M","R","T","R","?","R","?","E","R","BOSS"],"build_version":"2019-01-23","purchased_purges":0,"victory":false,"max_hp_per_floor":[85,85,85,85,85,85,85,85,85,85,85,85,85,85,85,85],"card_choices":[{"not_picked":["Flex","Entrench","Body Slam"],"picked":"SKIP","floor":1},{"not_picked":["Disarm","Thunderclap","Perfected Strike"],"picked":"SKIP","floor":2},{"not_picked":["Clothesline","Pommel Strike","Blood for Blood"],"picked":"SKIP","floor":3},{"not_picked":["Clothesline","Pommel Strike","Fire Breathing"],"picked":"SKIP","floor":5},{"not_picked":["Battle Trance","Thunderclap","Immolate"],"picked":"SKIP","floor":7},{"not_picked":["Clothesline","Inflame","Twin Strike"],"picked":"SKIP","floor":14}],"player_experience":897440,"relics_obtained":[{"floor":9,"key":"Mercury Hourglass"},{"floor":14,"key":"Peace Pipe"}],"event_choices":[{"damage_healed":0,"gold_gain":0,"player_choice":"Bought 0 Potions","damage_taken":0,"max_hp_gain":0,"max_hp_loss":0,"event_name":"The Woman in Blue","floor":4,"gold_loss":0},{"cards_removed":["Defend_R"],"damage_healed":0,"gold_gain":0,"player_choice":"Card Removal","damage_taken":7,"max_hp_gain":0,"max_hp_loss":0,"event_name":"Golden Wing","floor":11,"gold_loss":0},{"damage_healed":0,"gold_gain":0,"player_choice":"Ignored","damage_taken":0,"max_hp_gain":0,"max_hp_loss":0,"event_name":"Liars Game","floor":13,"gold_loss":0}],"is_beta":false,"boss_relics":[],"items_purged_floors":[],"is_endless":false,"potions_floor_spawned":[3],"killed_by":"The Guardian","ascension_level":0}