{"gold_per_floor":[116,116,116,129,54,54,82,108,108,127,127,52,52,65,65,65],"floor_reached":16,"playtime":368,"items_purged":["Strike_R"],"score":240,"play_id":"e7419bfc-8df6-40ec-b2d6-f4261a52cb4f","local_time":"20190302133654","is_ascension_mode":true,"campfire_choices":[{"data":"Bash","floor":6,"key":"SMITH"},{"data":"Anger","floor":13,"key":"SMITH"},{"data":"Flex","floor":15,"key":"SMITH"}],"neow_cost":"NONE","seed_source_timestamp":58840524292853,"circlet_count":0,"master_deck":["AscendersBane","Strike_R","Strike_R","Strike_R","Defend_R","Defend_R","Defend_R","Bash+1","Anger+1","Flex+1","Reaper+1","Whirlwind+1"],"relics":["Burning Blood","NeowsBlessing","Question Card","Blood Vial","Molten Egg 2","Matryoshka"],"potions_floor_usage":[16],"damage_taken":[{"damage":0,"enemies":"Jaw Worm","floor":1,"turns":1},{"damage":0,"enemies":"2 Louse","floor":4,"turns":1},{"damage":0,"enemies":"Lagavulin","floor":7,"turns":1},{"damage":0,"enemies":"Cultist","floor":10,"turns":3},{"damage":10,"enemies":"3 Louse","floor":14,"turns":3},{"damage":76,"enemies":"The Guardian","floor":16,"turns":9}],"seed_played":"-2486829282184384305","potions_obtained":[{"floor":1,"key":"SpeedPotion"},{"floor":4,"key":"Weak Potion"},{"floor":10,"key":"SpeedPotion"}],"is_trial":false,"path_per_floor":["M","?","?","M","?","R","E","T","T","M","?","$","R","M","R","B"],"character_chosen":"IRONCLAD","items_purchased":[],"campfire_rested":0,"item_purchase_floors":[],"current_hp_per_floor":[74,67,67,73,73,73,75,75,75,75,70,70,70,75,75,6],"gold":65,"neow_bonus":"THREE_ENEMY_KILL","is_prod":false,"is_daily":false,"chose_seed":false,"campfire_upgraded":3,"win_rate":0,"timestamp":1551501414,"path_taken":["M","?","?","M","?","R","E","?","T","?","?","$","R","M","R","BOSS"],"build_version":"2019-01-23","purchased_purges":1,"victory":false,"max_hp_per_floor":[75,75,75,75,75,75,75,75,75,75,75,75,75,75,75,75],"card_choices":[{"not_picked":["Body Slam","Blood for Blood"],"picked":"Anger","floor":1},{"not_picked":["Twin Strike","Ghostly Armor"],"picked":"Flex","floor":4},{"not_picked":["Entrench","Second Wind","Evolve"],"picked":"SKIP","floor":7},{"not_picked":["Havoc","Warcry","Perfected Strike+1"],"picked":"Reaper+1","floor":10},{"not_picked":["Heavy Blade+1","Clash+1","Perfected Strike+1"],"picked":"Whirlwind+1","floor":14}],"player_experience":980348,"relics_obtained":[{"floor":7,"key":"Question Card"},{"floor":8,"key":"Blood Vial"},{"floor":9,"key":"Molten Egg 2"}],"event_choices":[{"cards_removed":["Strike_R"],"damage_healed":0,"gold_gain":0,"player_choice":"Card Removal","damage_taken":7,"max_hp_gain":0,"max_hp_loss":0,"event_name":"Golden Wing","floor":2,"gold_loss":0},{"damage_healed":0,"gold_gain":0,"player_choice":"Ignored","damage_taken":0,"max_hp_gain":0,"max_hp_loss":0,"event_name":"Liars Game","floor":3,"gold_loss":0},{"cards_removed":["Defend_R"],"damage_healed":0,"gold_gain":0,"player_choice":"Card Removal","damage_taken":0,"max_hp_gain":0,"max_hp_loss":0,"event_name":"The Cleric","floor":5,"gold_loss":75},{"damage_healed":0,"gold_gain":0,"player_choice":"Success","damage_taken":5,"relics_obtained":["Matryoshka"],"max_hp_gain":0,"max_hp_loss":0,"event_name":"Scrap Ooze","floor":11,"gold_loss":0}],"is_beta":false,"boss_relics":[],"items_purged_floors":[12],"is_endless":false,"potions_floor_spawned":[1,4,10],"killed_by":"The Guardian","ascension_level":19}