{"gold_per_floor":[114,114,129,129,149,183,112,112,167,180,180,210,221,232,232,329,329,347,358,58,78,78,405,405,435,435,435,435,467,487,507,507,611,611,621,517,517,517,537,568,568,600,623,253,253,264,281,281,281,281,281,281,111,137,137],"floor_reached":55,"playtime":3153,"items_purged":[],"score":900,"play_id":"e06a143a-9f7c-43eb-a33a-52838b6ba40f","local_time":"20181212195419","is_ascension_mode":false,"campfire_choices":[{"data":"Predator","floor":8.0,"key":"SMITH"},{"data":"Unload","floor":11.0,"key":"SMITH"},{"data":"Footwork","floor":15.0,"key":"SMITH"},{"data":"After Image","floor":24.0,"key":"SMITH"},{"data":"Crippling Poison","floor":27.0,"key":"SMITH"},{"data":"Footwork","floor":32.0,"key":"SMITH"},{"data":"Backstab","floor":41.0,"key":"SMITH"},{"floor":49.0,"key":"RECALL"},{"data":"Footwork","floor":52.0,"key":"SMITH"}],"neow_cost":"NONE","seed_source_timestamp":2054864143307,"circlet_count":0,"master_deck":["Defend_G","Defend_G","Defend_G","Defend_G","Survivor","Neutralize+1","Unload+1","Predator+1","PiercingWail","Backstab+1","Poisoned Stab","Dash","Footwork+1","After Image+1","Crippling Poison+1","Bane","Escape Plan+1","Bite","Bite","Bite","Bite","Bite","PiercingWail+1","Footwork+1","Blur+1","Well Laid Plans","Malaise+1","Backstab+1","Blade Dance+1","Deadly Poison+1","Backflip+1","Blade Dance+1","Cloak And Dagger+1","Footwork+1","Blade Dance+1","After Image+1","Dark Shackles+1","Blade Dance+1","Backflip+1","Footwork","Cloak And Dagger+1","Heel Hook+1"],"special_seed":0,"relics":["Ring of the Snake","Bronze Scales","Snake Skull","Philosopher\u0027s Stone","Toxic Egg 2","Old Coin","Question Card","Smiling Mask","WristBlade","Letter Opener","Anchor","Bag of Marbles","DollysMirror","Oddly Smooth Stone"],"potions_floor_usage":[],"damage_taken":[{"damage":0.0,"enemies":"Cultist","floor":1.0,"turns":4.0},{"damage":4.0,"enemies":"2 Louse","floor":3.0,"turns":3.0},{"damage":0.0,"enemies":"Small Slimes","floor":5.0,"turns":5.0},{"damage":19.0,"enemies":"Gremlin Nob","floor":6.0,"turns":4.0},{"damage":3.0,"enemies":"Exordium Wildlife","floor":10.0,"turns":4.0},{"damage":13.0,"enemies":"Lagavulin","floor":12.0,"turns":5.0},{"damage":9.0,"enemies":"2 Fungi Beasts","floor":13.0,"turns":2.0},{"damage":0.0,"enemies":"Large Slime","floor":14.0,"turns":4.0},{"damage":21.0,"enemies":"Hexaghost","floor":16.0,"turns":9.0},{"damage":0.0,"enemies":"3 Byrds","floor":18.0,"turns":4.0},{"damage":0.0,"enemies":"Shell Parasite","floor":19.0,"turns":6.0},{"damage":9.0,"enemies":"Shelled Parasite and Fungi","floor":21.0,"turns":5.0},{"damage":2.0,"enemies":"Gremlin Leader","floor":23.0,"turns":10.0},{"damage":20.0,"enemies":"Book of Stabbing","floor":25.0,"turns":5.0},{"damage":4.0,"enemies":"Colosseum Slavers","floor":28.0,"turns":4.0},{"damage":2.0,"enemies":"Slavers","floor":29.0,"turns":6.0},{"damage":0.0,"enemies":"Centurion and Healer","floor":30.0,"turns":5.0},{"damage":0.0,"enemies":"Snake Plant","floor":31.0,"turns":4.0},{"damage":57.0,"enemies":"Automaton","floor":33.0,"turns":15.0},{"damage":3.0,"enemies":"3 Shapes","floor":35.0,"turns":6.0},{"damage":6.0,"enemies":"3 Darklings","floor":39.0,"turns":5.0},{"damage":28.0,"enemies":"Nemesis","floor":40.0,"turns":5.0},{"damage":21.0,"enemies":"Reptomancer","floor":42.0,"turns":5.0},{"damage":0.0,"enemies":"Jaw Worm Horde","floor":46.0,"turns":4.0},{"damage":0.0,"enemies":"4 Shapes","floor":47.0,"turns":3.0},{"damage":39.0,"enemies":"Time Eater","floor":50.0,"turns":15.0},{"damage":24.0,"enemies":"Shield and Spear","floor":54.0,"turns":9.0},{"damage":50,"enemies":"The Heart","floor":55,"turns":5}],"seed_played":"-2089067523503602438","potions_obtained":[{"floor":3.0,"key":"AttackPotion"},{"floor":5.0,"key":"GhostInAJar"},{"floor":10.0,"key":"Dexterity Potion"},{"floor":12.0,"key":"GhostInAJar"},{"floor":19.0,"key":"AttackPotion"},{"floor":23.0,"key":"SkillPotion"},{"floor":25.0,"key":"Energy Potion"},{"floor":30.0,"key":"FearPotion"},{"floor":31.0,"key":"Weak Potion"},{"floor":33.0,"key":"PowerPotion"},{"floor":40.0,"key":"FearPotion"},{"floor":42.0,"key":"PowerPotion"},{"floor":46.0,"key":"Explosive Potion"}],"is_trial":false,"path_per_floor":["M","?","M","?","M","E","$","R","T","M","R","E","M","M","R","B",null,"M","M","$","M","?","E","R","E","T","R","?","E","M","M","R","B",null,"M","$","?","?","M","E","R","E","T","$","?","M","M","?","R","B",null,"R","$","E","B"],"character_chosen":"THE_SILENT","items_purchased":["Backstab","Toxic Egg 2","Bane","Blade Dance+1","Deadly Poison+1","Cloak And Dagger+1","Footwork","Blade Dance+1","DollysMirror","Footwork","Cloak And Dagger+1","Dexterity Potion"],"campfire_rested":0,"item_purchase_floors":[7,20,20,36,36,44,44,44,44,53,53,53],"current_hp_per_floor":[70,70,66,66,66,47,47,47,47,44,44,31,24,26,26,7,70,70,70,70,61,61,70,70,50,50,50,46,52,58,66,66,36,70,70,70,70,66,66,44,44,27,27,27,27,27,29,29,29,12,66,66,66,46,0],"gold":137,"neow_bonus":"ONE_RANDOM_RARE_CARD","is_prod":false,"is_daily":false,"chose_seed":false,"campfire_upgraded":8,"win_rate":0,"timestamp":1544640859,"path_taken":["M","?","M","?","M","E","$","R","T","M","R","E","M","?","R","BOSS","M","M","$","M","?","E","R","E","T","R","?","E","M","?","R","BOSS","M","$","?","?","M","E","R","E","T","$","?","M","M","?","R","BOSS","R","$","E","BOSS"],"build_version":"2018-12-06","purchased_purges":0,"victory":false,"max_hp_per_floor":[70,70,70,70,70,70,70,70,70,70,70,70,70,70,70,70,70,70,70,70,70,70,70,70,70,70,70,70,70,70,70,70,70,70,70,70,70,66,66,66,66,66,66,66,66,66,66,66,66,66,66,66,66,66,66],"card_choices":[{"not_picked":["Quick Slash","Reflex","Deflect"],"picked":"SKIP","floor":1.0},{"not_picked":["Acrobatics","Calculated Gamble","Underhanded Strike"],"picked":"SKIP","floor":3.0},{"not_picked":["Sucker Punch","Bane"],"picked":"Predator","floor":5.0},{"not_picked":["Deflect","Deadly Poison"],"picked":"PiercingWail","floor":6.0},{"not_picked":["Outmaneuver","Storm of Steel"],"picked":"Poisoned Stab","floor":10.0},{"not_picked":["Quick Slash","Sucker Punch","Flying Knee"],"picked":"SKIP","floor":12.0},{"not_picked":["Blur","Caltrops"],"picked":"Dash","floor":13.0},{"not_picked":["Accuracy","Prepared"],"picked":"Footwork","floor":14.0},{"not_picked":["Burst","Night Terror"],"picked":"After Image","floor":16.0},{"not_picked":["Dagger Throw","Slice+1","Flying Knee"],"picked":"SKIP","floor":18.0},{"not_picked":["Outmaneuver+1","Underhanded Strike"],"picked":"Crippling Poison","floor":19.0},{"not_picked":["Flying Knee","Unload"],"picked":"Escape Plan+1","floor":21.0},{"not_picked":["Outmaneuver+1","Flying Knee","Deflect+1"],"picked":"SKIP","floor":23.0},{"not_picked":["Acrobatics+1","Slice+1"],"picked":"PiercingWail+1","floor":25.0},{"not_picked":["Leg Sweep+1","Flying Knee","Backstab"],"picked":"Footwork","floor":29.0},{"not_picked":["Deflect+1","Endless Agony+1","Distraction+1"],"picked":"Blur+1","floor":30.0},{"not_picked":["Dagger Throw","Prepared+1","Bouncing Flask+1"],"picked":"Well Laid Plans","floor":31.0},{"not_picked":["Unload","Night Terror+1","Grand Finale"],"picked":"Malaise+1","floor":33.0},{"not_picked":["Escape Plan+1","PiercingWail+1","Riddle With Holes"],"picked":"Backstab+1","floor":35.0},{"not_picked":["Dagger Spray+1","Calculated Gamble+1","Prepared+1","Riddle With Holes+1"],"picked":"SKIP","floor":39.0},{"not_picked":["Skewer+1","Bane","Sucker Punch+1"],"picked":"Backflip+1","floor":40.0},{"not_picked":["Storm of Steel+1","Outmaneuver+1","Riddle With Holes+1"],"picked":"Blade Dance+1","floor":42.0},{"not_picked":["The Bomb+1","Jack Of All Trades+1","Blind+1"],"picked":"Dark Shackles+1","floor":45.0},{"not_picked":["Finisher","Bane+1","Prepared+1"],"picked":"Blade Dance+1","floor":46.0},{"not_picked":["Slice+1","Masterful Stab","Prepared+1"],"picked":"Backflip+1","floor":47.0},{"not_picked":["Quick Slash+1","Dagger Spray","Sucker Punch+1"],"picked":"Heel Hook+1","floor":54.0}],"player_experience":499341,"relics_obtained":[{"floor":6.0,"key":"Bronze Scales"},{"floor":9.0,"key":"Snake Skull"},{"floor":12.0,"key":"Blood Vial"},{"floor":23.0,"key":"Old Coin"},{"floor":25.0,"key":"Question Card"},{"floor":29.0,"key":"Smiling Mask"},{"floor":40.0,"key":"Letter Opener"},{"floor":42.0,"key":"Anchor"},{"floor":43.0,"key":"Bag of Marbles"},{"floor":54.0,"key":"Oddly Smooth Stone"}],"event_choices":[{"damage_healed":0.0,"max_hp_gain":0.0,"max_hp_loss":0.0,"gold_gain":0.0,"event_name":"Living Wall","player_choice":"Grow","floor":2.0,"gold_loss":0.0,"damage_taken":0.0,"cards_upgraded":["Neutralize"]},{"cards_removed":["Strike_G"],"damage_healed":0.0,"max_hp_gain":0.0,"max_hp_loss":0.0,"gold_gain":0.0,"event_name":"Wheel of Change","player_choice":"Card Removal","floor":4.0,"gold_loss":0.0,"damage_taken":0.0},{"damage_healed":0.0,"max_hp_gain":0.0,"max_hp_loss":0.0,"gold_gain":0.0,"event_name":"Vampires","player_choice":"Became a vampire (Vial)","floor":22.0,"relics_lost":["Blood Vial"],"gold_loss":0.0,"damage_taken":0.0,"cards_obtained":["Bite","Bite","Bite","Bite","Bite"]},{"damage_healed":0.0,"max_hp_gain":0.0,"max_hp_loss":0.0,"gold_gain":0.0,"event_name":"Colosseum","player_choice":"Fight","floor":28.0,"gold_loss":0.0,"damage_taken":0.0},{"damage_healed":0.0,"max_hp_gain":0.0,"max_hp_loss":0.0,"gold_gain":0.0,"event_name":"Colosseum","player_choice":"Fled From Nobs","floor":28.0,"gold_loss":0.0,"damage_taken":0.0},{"cards_removed":["Defend_G"],"damage_healed":0.0,"max_hp_gain":0.0,"max_hp_loss":0.0,"gold_gain":0.0,"event_name":"Falling","player_choice":"Removed Skill","floor":37.0,"gold_loss":0.0,"damage_taken":0.0},{"damage_healed":0.0,"max_hp_gain":0.0,"max_hp_loss":4.0,"gold_gain":0.0,"event_name":"Winding Halls","player_choice":"Max HP","floor":38.0,"gold_loss":0.0,"damage_taken":0.0},{"damage_healed":0.0,"max_hp_gain":0.0,"max_hp_loss":0.0,"gold_gain":0.0,"event_name":"SensoryStone","player_choice":"Memory 1","floor":45.0,"gold_loss":0.0,"damage_taken":0.0},{"damage_healed":0.0,"max_hp_gain":0.0,"max_hp_loss":0.0,"gold_gain":0.0,"event_name":"Tomb of Lord Red Mask","player_choice":"Ignored","floor":48.0,"gold_loss":0.0,"damage_taken":0.0}],"is_beta":false,"boss_relics":[{"not_picked":["HoveringKite","Calling Bell"],"picked":"Philosopher\u0027s Stone"},{"not_picked":["Coffee Dripper","Lizard Tail"],"picked":"WristBlade"}],"items_purged_floors":[],"is_endless":false,"potions_floor_spawned":[3,5,10,12,14,19,23,25,30,31,33,40,42,46],"killed_by":"The Heart","ascension_level":0}