{"gold_per_floor":[10,10,10,22,32,32,58,58,58,89,89,89,107,27,27,101,101,116,116,134,134,134,134,163,163,163,88,101,118,151,168,168,240,240,254,254,254,266,282,310,43,61,61,75,375,375,385,412,412,412],"floor_reached":51,"playtime":3409,"items_purged":["Writhe","Writhe"],"score":1580,"play_id":"8e0d4752-4979-47c0-80d0-c54a3d24bc81","local_time":"20190303080150","is_ascension_mode":true,"campfire_choices":[{"data":"Noxious Fumes","floor":6.0,"key":"SMITH"},{"data":"Survivor","floor":8.0,"key":"SMITH"},{"data":"Noxious Fumes","floor":15.0,"key":"SMITH"},{"floor":23.0,"key":"REST"},{"floor":25,"key":"REST"},{"floor":32,"key":"REST"},{"floor":46,"key":"REST"},{"floor":49,"key":"REST"}],"neow_cost":"NO_GOLD","seed_source_timestamp":122385637105417,"circlet_count":0,"master_deck":["AscendersBane","Defend_G","Defend_G","Defend_G","Defend_G","Defend_G","Strike_G","Strike_G","Strike_G","Strike_G","Strike_G","Survivor+1","Neutralize","Poisoned Stab","Neutralize","Backflip","Noxious Fumes+1","Backflip","Leg Sweep","PiercingWail+1","Noxious Fumes+1","Die Die Die","Dagger Spray+1","Backstab+1","Catalyst+1","Crippling Poison","Adrenaline","Dark Shackles","Calculated Gamble+1","Escape Plan+1","Distraction+1","Dodge and Roll+1","PiercingWail+1","Leg Sweep+1","Dash+1","Footwork"],"special_seed":0,"relics":["Ring of the Snake","The Specimen","Dead Branch","Shovel","Gremlin Horn","Snake Skull","Happy Flower","Black Star","Shuriken","Dream Catcher","Boot","Question Card","PreservedInsect","Strawberry","Sozu","Matryoshka","Ninja Scroll","Juzu Bracelet","Mercury Hourglass","Lantern","Singing Bowl","Bird Faced Urn"],"potions_floor_usage":[31,39,50],"damage_taken":[{"damage":2.0,"enemies":"Jaw Worm","floor":1.0,"turns":5.0},{"damage":4.0,"enemies":"Cultist","floor":4.0,"turns":3.0},{"damage":0.0,"enemies":"Small Slimes","floor":5.0,"turns":4.0},{"damage":7.0,"enemies":"Lagavulin","floor":7.0,"turns":5.0},{"damage":0.0,"enemies":"3 Sentries","floor":10.0,"turns":6.0},{"damage":6.0,"enemies":"Exordium Thugs","floor":13.0,"turns":5.0},{"damage":22.0,"enemies":"The Guardian","floor":16.0,"turns":9.0},{"damage":4.0,"enemies":"Shell Parasite","floor":18.0,"turns":6.0},{"damage":2.0,"enemies":"3 Byrds","floor":20.0,"turns":4.0},{"damage":45,"enemies":"Slavers","floor":24,"turns":4},{"damage":0,"enemies":"Centurion and Healer","floor":28,"turns":5},{"damage":3,"enemies":"Snecko","floor":29,"turns":7},{"damage":0,"enemies":"Gremlin Leader","floor":30,"turns":4},{"damage":4,"enemies":"Shelled Parasite and Fungi","floor":31,"turns":5},{"damage":14,"enemies":"Collector","floor":33,"turns":6},{"damage":0,"enemies":"3 Darklings","floor":35,"turns":4},{"damage":0,"enemies":"Orb Walker","floor":38,"turns":3},{"damage":6,"enemies":"Writhing Mass","floor":39,"turns":6},{"damage":43,"enemies":"Giant Head","floor":40,"turns":6},{"damage":5,"enemies":"3 Darklings","floor":42,"turns":3},{"damage":0,"enemies":"Sphere and 2 Shapes","floor":44,"turns":1},{"damage":7,"enemies":"Writhing Mass","floor":47,"turns":6},{"damage":0,"enemies":"Reptomancer","floor":48,"turns":2},{"damage":61,"enemies":"Donu and Deca","floor":50,"turns":9}],"seed_played":"8507676929610861862","potions_obtained":[{"floor":5.0,"key":"EntropicBrew"},{"floor":7.0,"key":"Block Potion"},{"floor":13.0,"key":"Weak Potion"},{"floor":16.0,"key":"Swift Potion"},{"floor":30,"key":"Block Potion"},{"floor":31,"key":"SteroidPotion"},{"floor":33,"key":"Strength Potion"}],"is_trial":false,"path_per_floor":["M","?","$","M","M","R","E","R","T","E","T","?","M","$","R","B",null,"M","?","M","?","?","R","E","R","T","$","M","M","E","M","R","B",null,"M","?","?","M","M","E","$","M","T","M","?","R","M","E","R","B",null],"character_chosen":"THE_SILENT","items_purchased":["Noxious Fumes","Juzu Bracelet"],"campfire_rested":5,"item_purchase_floors":[14,41],"current_hp_per_floor":[57,57,57,53,53,53,46,46,46,46,46,46,40,40,40,18,54,50,50,48,30,30,51,6,27,27,27,27,24,31,27,50,36,68,68,68,78,78,72,29,29,24,24,24,24,47,40,40,65,16],"gold":412,"neow_bonus":"ONE_RARE_RELIC","is_prod":false,"is_daily":false,"chose_seed":true,"campfire_upgraded":3,"win_rate":0,"timestamp":1551592910,"path_taken":["M","?","?","M","M","R","E","R","T","E","?","?","M","$","R","BOSS","M","?","?","?","?","R","E","R","T","$","M","M","E","M","R","BOSS","M","?","?","M","M","E","$","M","T","M","?","R","M","E","R","BOSS"],"build_version":"2019-01-23","purchased_purges":2,"victory":true,"max_hp_per_floor":[66,66,66,66,66,66,66,66,66,66,66,66,66,66,66,66,66,66,66,66,71,71,71,71,71,71,71,71,71,78,78,78,78,78,78,78,78,78,78,78,78,78,78,78,78,78,78,78,80,80],"card_choices":[{"not_picked":["Dagger Throw","Outmaneuver"],"picked":"Poisoned Stab","floor":1.0},{"not_picked":["Skewer","Masterful Stab"],"picked":"Backflip","floor":4.0},{"not_picked":["Corpse Explosion","Underhanded Strike"],"picked":"Noxious Fumes","floor":5.0},{"not_picked":["Eviscerate","Bouncing Flask"],"picked":"Backflip","floor":7.0},{"not_picked":["Blade Dance","Terror"],"picked":"Leg Sweep","floor":10.0},{"not_picked":["Acrobatics","Quick Slash"],"picked":"PiercingWail","floor":13.0},{"not_picked":["Envenom","Phantasmal Killer"],"picked":"Die Die Die","floor":16.0},{"not_picked":["Riddle With Holes","Skewer","Poisoned Stab"],"picked":"SKIP","floor":18.0},{"not_picked":["Dagger Throw","Terror"],"picked":"Dagger Spray+1","floor":20.0},{"not_picked":["Infinite Blades","Deflect","Eviscerate"],"picked":"SKIP","floor":24},{"not_picked":["Dagger Throw","Accuracy"],"picked":"Backstab+1","floor":25},{"not_picked":["Flechettes","Flying Knee","Acrobatics","Bane"],"picked":"SKIP","floor":28},{"not_picked":["Dagger Spray","Footwork","Dagger Throw+1"],"picked":"Catalyst+1","floor":29},{"not_picked":["Eviscerate","Dagger Throw","Dodge and Roll","Endless Agony"],"picked":"SKIP","floor":30},{"not_picked":["Bullet Time","Backflip","Outmaneuver","Dagger Throw"],"picked":"SKIP","floor":31},{"not_picked":["Underhanded Strike","Deadly Poison","Deflect+1"],"picked":"Crippling Poison","floor":32},{"not_picked":["After Image","Die Die Die","Envenom"],"picked":"Adrenaline","floor":33},{"not_picked":["Underhanded Strike","Dagger Throw","Deadly Poison","Cloak And Dagger+1"],"picked":"SKIP","floor":35},{"not_picked":["Mind Blast","Jack Of All Trades","Madness"],"picked":"Dark Shackles","floor":36},{"not_picked":["Prepared","A Thousand Cuts","Deflect+1"],"picked":"Calculated Gamble+1","floor":38},{"not_picked":["Setup+1","Blade Dance","Backflip"],"picked":"Escape Plan+1","floor":39},{"not_picked":["Cloak And Dagger","Blade Dance","Endless Agony"],"picked":"Distraction+1","floor":40},{"not_picked":["Cloak And Dagger","Acrobatics","Flying Knee+1"],"picked":"Dodge and Roll+1","floor":42},{"not_picked":["Cloak And Dagger","Blade Dance+1","Dagger Spray"],"picked":"PiercingWail+1","floor":44},{"not_picked":["Predator+1","Poisoned Stab+1","Deflect"],"picked":"Leg Sweep+1","floor":46},{"not_picked":["Bane+1","All Out Attack+1","Deadly Poison+1"],"picked":"Dash+1","floor":47},{"not_picked":["Leg Sweep+1","Glass Knife","Backflip"],"picked":"Footwork","floor":48},{"not_picked":["Bane","Dodge and Roll","Skewer","Tactician"],"picked":"Singing Bowl","floor":49}],"player_experience":342261,"relics_obtained":[{"floor":7.0,"key":"Dead Branch"},{"floor":9.0,"key":"Shovel"},{"floor":10.0,"key":"Gremlin Horn"},{"floor":11.0,"key":"Snake Skull"},{"floor":24,"key":"Dream Catcher"},{"floor":24,"key":"Boot"},{"floor":26,"key":"Question Card"},{"floor":30,"key":"PreservedInsect"},{"floor":30,"key":"Strawberry"},{"floor":40,"key":"Matryoshka"},{"floor":40,"key":"Ninja Scroll"},{"floor":43,"key":"Mercury Hourglass"},{"floor":43,"key":"Lantern"},{"floor":48,"key":"Singing Bowl"},{"floor":48,"key":"Bird Faced Urn"}],"event_choices":[{"damage_healed":0.0,"max_hp_gain":0.0,"max_hp_loss":0.0,"gold_gain":0.0,"event_name":"Match and Keep!","player_choice":"1 cards matched","floor":2.0,"gold_loss":0.0,"damage_taken":0.0,"cards_obtained":["Neutralize"]},{"damage_healed":0.0,"max_hp_gain":0.0,"max_hp_loss":0.0,"gold_gain":0.0,"event_name":"WeMeetAgain","player_choice":"Gave Potion","floor":12.0,"gold_loss":0.0,"damage_taken":0.0,"relics_obtained":["Happy Flower"]},{"damage_healed":0.0,"max_hp_gain":0.0,"max_hp_loss":0.0,"gold_gain":0.0,"event_name":"Upgrade Shrine","player_choice":"Upgraded","floor":19.0,"gold_loss":0.0,"damage_taken":0.0,"cards_upgraded":["PiercingWail"]},{"damage_healed":0.0,"max_hp_gain":5.0,"max_hp_loss":0.0,"gold_gain":0.0,"event_name":"Forgotten Altar","player_choice":"Shed Blood","floor":21.0,"gold_loss":0.0,"damage_taken":23.0},{"damage_healed":0.0,"max_hp_gain":0.0,"max_hp_loss":0.0,"gold_gain":0.0,"event_name":"The Mausoleum","player_choice":"Opened","floor":22.0,"gold_loss":0.0,"damage_taken":0.0,"relics_obtained":["Shuriken"],"cards_obtained":["Writhe"]},{"damage_healed":0,"gold_gain":0,"player_choice":"Memory 1","damage_taken":0,"max_hp_gain":0,"max_hp_loss":0,"event_name":"SensoryStone","floor":36,"gold_loss":0},{"damage_healed":16,"gold_gain":0,"player_choice":"Writhe","damage_taken":0,"max_hp_gain":0,"max_hp_loss":0,"event_name":"Winding Halls","floor":37,"gold_loss":0,"cards_obtained":["Writhe"]},{"damage_healed":0,"gold_gain":300,"player_choice":"Gold","damage_taken":0,"max_hp_gain":0,"max_hp_loss":0,"event_name":"Wheel of Change","floor":45,"gold_loss":0}],"is_beta":false,"boss_relics":[{"not_picked":["Ectoplasm","Velvet Choker"],"picked":"Black Star"},{"not_picked":["HoveringKite","Cursed Key"],"picked":"Sozu"}],"items_purged_floors":[27,41],"is_endless":false,"potions_floor_spawned":[5,7,13,16,30,31,33,35,38,40,44],"ascension_level":18}