{"gold_per_floor":[112,125,137,211,231,231,153,153,225,225,238,256,256,272,272,373,373,391,192,203,215,243,268,280,291,341,391,407,426,41,58,58,161,161,173,25,43,43,61,61,79,79,79,79,96,96,96,23,23,23],"floor_reached":51,"playtime":5245,"items_purged":["Defend_B","Defend_B","Defend_B"],"score":640,"play_id":"4568d665-e7d1-406f-9746-dba07ef00e80","local_time":"20181012172749","is_ascension_mode":false,"campfire_choices":[{"data":"Dualcast","floor":6,"key":"SMITH"},{"floor":8,"key":"REST"},{"data":"Zap","floor":10,"key":"SMITH"},{"data":"Melter","floor":13,"key":"SMITH"},{"data":"FTL","floor":15,"key":"SMITH"},{"floor":32,"key":"REST"},{"data":"Capacitor","floor":40,"key":"SMITH"},{"data":"Seek","floor":44,"key":"SMITH"},{"data":"Go for the Eyes","floor":47,"key":"SMITH"},{"data":"Gash","floor":49,"key":"SMITH"}],"neow_cost":"PERCENT_DAMAGE","seed_source_timestamp":166894556582191,"circlet_count":0,"master_deck":["Strike_B","Strike_B","Strike_B","Strike_B","Defend_B","Zap+1","Dualcast+1","Steam","Melter+1","Go for the Eyes+1","Gash","FTL+1","Machine Learning","Capacitor+1","Leap","Coolheaded","Gash+1","Steam+1","Reinforced Body+1","Go for the Eyes+1","All For One","Redo+1","Beam Cell","Gash","Skim","Seek+1","BootSequence","Conserve Battery","Chill+1","Redo+1","Doom and Gloom"],"relics":["FrozenCore","Pear","Red Mask","Bag of Marbles","Vajra","Chemical X","Runic Pyramid","Du-Vu Doll"],"potions_floor_usage":[5,20,22,22,28,31,33,33,50,50],"damage_taken":[{"damage":2,"enemies":"2 Louse","floor":1,"turns":3},{"damage":5,"enemies":"Small Slimes","floor":2,"turns":4},{"damage":6,"enemies":"Jaw Worm","floor":3,"turns":3},{"damage":5,"enemies":"Lots of Slimes","floor":5,"turns":2},{"damage":2,"enemies":"Blue Slaver","floor":11,"turns":3},{"damage":8,"enemies":"Gremlin Gang","floor":12,"turns":5},{"damage":0,"enemies":"Looter","floor":14,"turns":3},{"damage":34,"enemies":"Slime Boss","floor":16,"turns":12},{"damage":0,"enemies":"Spheric Guardian","floor":18,"turns":1},{"damage":0,"enemies":"Chosen","floor":20,"turns":6},{"damage":1,"enemies":"Centurion and Healer","floor":21,"turns":10},{"damage":23,"enemies":"Masked Bandits","floor":22,"turns":6},{"damage":9,"enemies":"Book of Stabbing","floor":23,"turns":7},{"damage":9,"enemies":"3 Cultists","floor":24,"turns":7},{"damage":15,"enemies":"Snecko","floor":25,"turns":10},{"damage":13,"enemies":"Centurion and Healer","floor":28,"turns":9},{"damage":9,"enemies":"Cultist and Chosen","floor":29,"turns":7},{"damage":11,"enemies":"Snake Plant","floor":31,"turns":5},{"damage":10,"enemies":"Collector","floor":33,"turns":10},{"damage":0,"enemies":"Orb Walker","floor":35,"turns":4},{"damage":0,"enemies":"3 Shapes","floor":37,"turns":4},{"damage":0,"enemies":"Transient","floor":39,"turns":5},{"damage":8,"enemies":"Spire Growth","floor":41,"turns":5},{"damage":3,"enemies":"4 Shapes","floor":45,"turns":8},{"damage":20,"enemies":"Awakened One","floor":50,"turns":15}],"seed_played":"-4738505040764153856","potions_obtained":[{"floor":3,"key":"Explosive Potion"},{"floor":5,"key":"Strength Potion"},{"floor":11,"key":"SpeedPotion"},{"floor":12,"key":"Ancient Potion"},{"floor":22,"key":"Strength Potion"},{"floor":23,"key":"SmokeBomb"},{"floor":24,"key":"SpeedPotion"},{"floor":25,"key":"Regen Potion"},{"floor":29,"key":"SkillPotion"},{"floor":31,"key":"SpeedPotion"},{"floor":39,"key":"Weak Potion"},{"floor":41,"key":"SteroidPotion"},{"floor":42,"key":"Block Potion"},{"floor":42,"key":"Ancient Potion"}],"is_trial":false,"path_per_floor":["M","M","M","?","M","R","$","R","T","R","M","M","R","M","R","B",null,"M","$","M","M","?","E","M","M","T","?","M","M","$","M","R","B",null,"M","$","M","?","M","R","M","?","T","R","M","$","R","$","R","B"],"character_chosen":"DEFECT","items_purchased":["FTL","Capacitor","Leap","Gash","Skim","Chemical X","Conserve Battery","Doom and Gloom"],"campfire_rested":2,"item_purchase_floors":[7,19,19,30,30,30,36,48],"current_hp_per_floor":[66,61,55,55,50,50,50,76,86,86,84,76,76,76,76,42,99,99,99,99,98,75,66,57,42,42,42,44,35,35,24,53,43,99,99,99,99,94,94,94,86,86,86,86,83,83,83,83,83,63],"gold":23,"neow_bonus":"TWENTY_PERCENT_HP_BONUS","is_prod":false,"is_daily":false,"chose_seed":false,"campfire_upgraded":8,"win_rate":0,"timestamp":1539361669,"path_taken":["M","M","M","?","M","R","$","R","T","R","M","M","R","M","R","BOSS","M","$","M","M","?","E","M","M","T","?","?","M","$","M","R","BOSS","M","$","M","?","M","R","M","?","T","R","M","$","R","$","R","BOSS"],"build_version":"2018-10-11","purchased_purges":3,"victory":true,"max_hp_per_floor":[89,89,89,89,89,89,89,89,99,99,99,99,99,99,99,99,99,99,99,99,99,99,99,99,99,99,99,99,99,99,99,99,99,99,99,99,99,94,94,94,94,94,94,94,94,94,94,94,94,94],"card_choices":[{"not_picked":["Compile Driver","Scrape"],"picked":"Steam","floor":1},{"not_picked":["Genetic Algorithm","Rebound"],"picked":"Melter","floor":2},{"not_picked":["FTL","Meteor Strike"],"picked":"Go for the Eyes","floor":3},{"not_picked":["Steam","Ball Lightning"],"picked":"Gash","floor":5},{"not_picked":["Double Energy","Undo","Sunder"],"picked":"SKIP","floor":11},{"not_picked":["Undo","Turbo","Lockon"],"picked":"SKIP","floor":12},{"not_picked":["Blizzard","Rip and Tear","Tempest"],"picked":"SKIP","floor":14},{"not_picked":["Rainbow","Hyperbeam"],"picked":"Machine Learning","floor":16},{"not_picked":["Hologram","Turbo","Streamline"],"picked":"SKIP","floor":18},{"not_picked":["Rebound","Stack+1"],"picked":"Coolheaded","floor":20},{"not_picked":["Capacitor","Coolheaded"],"picked":"Gash","floor":21},{"not_picked":["Leap","Cold Snap+1"],"picked":"Steam+1","floor":22},{"not_picked":["Recycle+1","Rebound"],"picked":"Reinforced Body+1","floor":23},{"not_picked":["Reprogram+1","Aggregate"],"picked":"Go for the Eyes+1","floor":24},{"not_picked":["Blizzard","Leap"],"picked":"All For One","floor":25},{"not_picked":["Chill","Reinforced Body"],"picked":"Redo+1","floor":28},{"not_picked":["Ball Lightning","Gash"],"picked":"Beam Cell","floor":29},{"not_picked":["Force Field+1","Compile Driver","Stack+1"],"picked":"SKIP","floor":31},{"not_picked":["Thunder Strike","Electrodynamics"],"picked":"Seek","floor":33},{"not_picked":["Glacier","Barrage"],"picked":"BootSequence","floor":35},{"not_picked":["Rebound+1","Hologram+1","Conserve Battery+1"],"picked":"SKIP","floor":37},{"not_picked":["Leap+1","Beam Cell"],"picked":"Chill+1","floor":39},{"not_picked":["Rip and Tear","Cold Snap+1"],"picked":"Redo+1","floor":41},{"not_picked":["BootSequence+1","Beam Cell","Hologram+1"],"picked":"SKIP","floor":45}],"player_experience":211072,"relics_obtained":[{"floor":9,"key":"Pear"},{"floor":22,"key":"Red Mask"},{"floor":23,"key":"Bag of Marbles"},{"floor":26,"key":"Vajra"},{"floor":43,"key":"Du-Vu Doll"}],"event_choices":[{"event_name":"Golden Wing","player_choice":"Gained Gold","floor":4,"damage_taken":0},{"event_name":"Masked Bandits","player_choice":"Fought Bandits","floor":22,"damage_taken":0},{"event_name":"The Joust","player_choice":"Bet on Murderer","floor":27,"damage_taken":0},{"event_name":"Winding Halls","player_choice":"Max HP","floor":38,"damage_taken":0},{"event_name":"The Lab","player_choice":"Got Potions","floor":42,"damage_taken":0}],"is_beta":false,"boss_relics":[{"not_picked":["Fusion Hammer","Philosopher\u0027s Stone"],"picked":"FrozenCore"},{"not_picked":["Cursed Key","Tiny House"],"picked":"Runic Pyramid"}],"items_purged_floors":[19,30,36],"is_endless":false,"potions_floor_spawned":[3,5,11,12,22,23,24,25,29,31,39,41],"ascension_level":0}