{"gold_per_floor":[116,131,149,165,15,15,32,32,82,82,99,99,114,132,132,236,236,255,266,277,277,96,96,96],"floor_reached":24,"playtime":2312,"items_purged":["Strike_B","Strike_B"],"score":202,"play_id":"f512bc24-8959-47e5-ac5a-3ee913547a24","local_time":"20181020000236","is_ascension_mode":true,"campfire_choices":[{"data":"Blizzard","floor":6,"key":"SMITH"},{"data":"White Noise","floor":10,"key":"SMITH"},{"data":"Chill","floor":12,"key":"SMITH"},{"floor":15,"key":"REST"},{"floor":23,"key":"REST"}],"neow_cost":"NONE","seed_source_timestamp":850464181697373,"circlet_count":0,"master_deck":["Strike_B","Strike_B","Defend_B","Defend_B","Defend_B","Zap","Dualcast","Finesse","White Noise+1","Gash","Beam Cell","Blizzard+1","Chill+1","Creative AI+1","Coolheaded","Heatsinks","Glacier","Conserve Battery","Defragment"],"relics":["Cracked Core","Juzu Bracelet","Black Star"],"potions_floor_usage":[16,18,19,24],"damage_taken":[{"damage":1,"enemies":"Cultist","floor":1,"turns":3},{"damage":3,"enemies":"2 Louse","floor":2,"turns":2},{"damage":0,"enemies":"Small Slimes","floor":3,"turns":2},{"damage":14,"enemies":"Blue Slaver","floor":4,"turns":3},{"damage":33,"enemies":"Exordium Thugs","floor":7,"turns":4},{"damage":6,"enemies":"Exordium Wildlife","floor":11,"turns":5},{"damage":0,"enemies":"Lots of Slimes","floor":13,"turns":1},{"damage":7,"enemies":"Gremlin Gang","floor":14,"turns":4},{"damage":20,"enemies":"Slime Boss","floor":16,"turns":8},{"damage":31,"enemies":"2 Thieves","floor":18,"turns":5},{"damage":3,"enemies":"Chosen","floor":19,"turns":8},{"damage":41,"enemies":"Snecko","floor":20,"turns":10},{"damage":10,"enemies":"Masked Bandits","floor":24,"turns":3}],"seed_played":"1906443981026904330","potions_obtained":[{"floor":2,"key":"Explosive Potion"},{"floor":3,"key":"Ancient Potion"},{"floor":4,"key":"Strength Potion"},{"floor":13,"key":"Regen Potion"},{"floor":18,"key":"Strength Potion"}],"is_trial":false,"path_per_floor":["M","M","M","M","$","R","M","?","T","R","M","R","M","M","R","B",null,"M","M","M","?","$","R"],"character_chosen":"DEFECT","items_purchased":["Chill","Defragment"],"campfire_rested":2,"item_purchase_floors":[5,22],"current_hp_per_floor":[74,71,71,57,57,57,24,24,24,24,18,18,18,11,33,13,75,44,56,15,15,15,37,27],"gold":96,"neow_bonus":"RANDOM_COLORLESS","is_prod":false,"is_daily":false,"chose_seed":false,"campfire_upgraded":3,"win_rate":0,"timestamp":1540008156,"path_taken":["M","M","M","?","$","R","M","?","T","R","M","R","M","M","R","BOSS","M","M","M","?","$","R","?"],"build_version":"2018-10-18","purchased_purges":2,"victory":false,"max_hp_per_floor":[75,75,75,75,75,75,75,75,75,75,75,75,75,75,75,75,75,75,75,75,75,75,75,75],"card_choices":[{"not_picked":["Coolheaded","Stack"],"picked":"White Noise","floor":1},{"not_picked":["Redo","Beam Cell"],"picked":"Gash","floor":2},{"not_picked":["Reprogram","Chill"],"picked":"Beam Cell","floor":3},{"not_picked":["Leap","Storm"],"picked":"Blizzard","floor":4},{"not_picked":["Scrape","Hologram"],"picked":"Creative AI","floor":7},{"not_picked":["Compile Driver","Barrage","Steam"],"picked":"SKIP","floor":11},{"not_picked":["Turbo","Leap","Steam"],"picked":"SKIP","floor":13},{"not_picked":["Ball Lightning","Conserve Battery"],"picked":"Coolheaded","floor":14},{"not_picked":["Storm+1","Streamline"],"picked":"Heatsinks","floor":18},{"not_picked":["FTL","Rebound","Barrage"],"picked":"SKIP","floor":19},{"not_picked":["White Noise+1","Go for the Eyes"],"picked":"Glacier","floor":20}],"player_experience":644994,"relics_obtained":[{"floor":9,"key":"Juzu Bracelet"}],"event_choices":[{"damage_healed":0,"gold_gain":0,"player_choice":"Forge","damage_taken":0,"max_hp_gain":0,"max_hp_loss":0,"event_name":"Accursed Blacksmith","floor":8,"gold_loss":0,"cards_upgraded":["Creative AI"]},{"damage_healed":0,"gold_gain":0,"cards_transformed":["Defend_B"],"player_choice":"Transformed","damage_taken":0,"max_hp_gain":0,"max_hp_loss":0,"event_name":"Transmorgrifier","floor":21,"gold_loss":0,"cards_obtained":["Conserve Battery"]},{"damage_healed":0,"gold_gain":0,"player_choice":"Fought Bandits","damage_taken":0,"max_hp_gain":0,"max_hp_loss":0,"event_name":"Masked Bandits","floor":24,"gold_loss":0}],"is_beta":false,"boss_relics":[{"not_picked":["Fusion Hammer","Runic Dome"],"picked":"Black Star"}],"items_purged_floors":[5,22],"is_endless":false,"potions_floor_spawned":[2,3,4,13,18],"killed_by":"Masked Bandits","ascension_level":1}