{"gold_per_floor":[109,109,73,85,6,6,6,6,87,87,87,98,117,127,127,222,222,236,236,85,101,101,101,111,145,145,158,158,158,168,179,179,179],"floor_reached":33,"playtime":1765,"items_purged":["Strike_G"],"score":373,"play_id":"aa73b892-0888-41b4-aea3-39079c6b5b14","local_time":"20181204041004","is_ascension_mode":true,"campfire_choices":[{"data":"Catalyst","floor":6,"key":"SMITH"},{"data":"Catalyst","floor":8,"key":"SMITH"},{"data":"Dash","floor":11,"key":"SMITH"},{"floor":15,"key":"REST"},{"floor":23,"key":"REST"},{"floor":28,"key":"REST"},{"floor":32,"key":"REST"}],"neow_cost":"NONE","seed_source_timestamp":1729713848922213,"circlet_count":0,"master_deck":["Defend_G","Defend_G","Defend_G+1","Defend_G","Strike_G+1","Survivor","Neutralize","Dash+1","Prepared","Catalyst+1","Catalyst+1","Crippling Poison","Dodge and Roll","Dash","Bullet Time","Poisoned Stab","Caltrops","Backflip","Flying Knee","PiercingWail+1","PiercingWail","Malaise","Dodge and Roll"],"relics":["Ring of the Snake","Letter Opener","White Beast Statue","Mango","Dodecahedron"],"potions_floor_usage":[16,24,25,25,25,31,31,33,33],"damage_taken":[{"damage":11,"enemies":"Cultist","floor":1,"turns":4},{"damage":2,"enemies":"2 Louse","floor":4,"turns":3},{"damage":0,"enemies":"Jaw Worm","floor":12,"turns":4},{"damage":0,"enemies":"2 Fungi Beasts","floor":13,"turns":4},{"damage":8,"enemies":"Lots of Slimes","floor":14,"turns":4},{"damage":5,"enemies":"Hexaghost","floor":16,"turns":7},{"damage":17,"enemies":"Shell Parasite","floor":18,"turns":5},{"damage":17,"enemies":"Spheric Guardian","floor":21,"turns":7},{"damage":24,"enemies":"Shelled Parasite and Fungi","floor":24,"turns":8},{"damage":25,"enemies":"Gremlin Leader","floor":25,"turns":8},{"damage":3,"enemies":"Snake Plant","floor":27,"turns":4},{"damage":10,"enemies":"Centurion and Healer","floor":30,"turns":12},{"damage":17,"enemies":"Chosen and Byrds","floor":31,"turns":7},{"damage":41,"enemies":"Champ","floor":33,"turns":7}],"seed_played":"1035949875672026540","potions_obtained":[{"floor":0,"key":"Energy Potion"},{"floor":0,"key":"Block Potion"},{"floor":0,"key":"Dexterity Potion"},{"floor":14,"key":"PowerPotion"},{"floor":16,"key":"EssenceOfSteel"},{"floor":24,"key":"SneckoOil"},{"floor":25,"key":"Energy Potion"},{"floor":27,"key":"FearPotion"},{"floor":30,"key":"Poison Potion"},{"floor":31,"key":"Poison Potion"}],"is_trial":false,"path_per_floor":["M","?","$","M","$","R","$","R","T","?","R","M","M","M","R","B",null,"M","?","$","M","?","R","M","E","T","M","R","?","M","M","R","B"],"character_chosen":"THE_SILENT","items_purchased":["Catalyst","Catalyst","Caltrops"],"campfire_rested":4,"item_purchase_floors":[3,5,20],"current_hp_per_floor":[52,52,52,50,50,50,50,50,50,36,36,36,36,28,49,44,64,47,47,47,30,30,51,27,16,16,13,38,38,28,11,36,0],"gold":179,"neow_bonus":"THREE_SMALL_POTIONS","is_prod":false,"is_daily":false,"chose_seed":false,"campfire_upgraded":3,"win_rate":0,"timestamp":1543914604,"path_taken":["M","?","$","M","$","R","?","R","T","?","R","M","?","M","R","BOSS","M","?","$","?","?","R","M","E","T","M","R","?","?","M","R","BOSS"],"build_version":"2018-11-15","purchased_purges":1,"victory":false,"max_hp_per_floor":[70,70,70,70,70,70,70,70,70,70,70,70,70,70,70,70,70,70,70,70,70,70,70,70,84,84,84,84,84,84,84,84,84],"card_choices":[{"not_picked":["Predator","Underhanded Strike"],"picked":"Dash","floor":1},{"not_picked":["Terror","Slice","Doppelganger"],"picked":"SKIP","floor":4},{"not_picked":["Dodge and Roll","PiercingWail"],"picked":"Crippling Poison","floor":12},{"not_picked":["Dagger Throw","Terror"],"picked":"Dodge and Roll","floor":13},{"not_picked":["PiercingWail","Underhanded Strike"],"picked":"Dash","floor":14},{"not_picked":["Doppelganger","Phantasmal Killer"],"picked":"Bullet Time","floor":16},{"not_picked":["Outmaneuver","PiercingWail"],"picked":"Poisoned Stab","floor":18},{"not_picked":["PiercingWail","Quick Slash"],"picked":"Backflip","floor":21},{"not_picked":["Riddle With Holes","Dagger Throw"],"picked":"PiercingWail+1","floor":24},{"not_picked":["Dagger Throw","Underhanded Strike"],"picked":"PiercingWail","floor":25},{"not_picked":["Acrobatics","Poisoned Stab"],"picked":"Malaise","floor":27},{"not_picked":["Flechettes","Deflect","Outmaneuver"],"picked":"SKIP","floor":30},{"not_picked":["Cloak And Dagger","Outmaneuver"],"picked":"Dodge and Roll","floor":31}],"player_experience":866307,"relics_obtained":[{"floor":9,"key":"Letter Opener"},{"floor":25,"key":"Mango"},{"floor":26,"key":"Dodecahedron"}],"event_choices":[{"damage_healed":0,"gold_gain":0,"cards_transformed":["Strike_G"],"player_choice":"Transformed","damage_taken":0,"max_hp_gain":0,"max_hp_loss":0,"event_name":"Transmorgrifier","floor":2,"gold_loss":0,"cards_obtained":["Prepared"]},{"damage_healed":0,"gold_gain":0,"player_choice":"Entered Light","damage_taken":14,"max_hp_gain":0,"max_hp_loss":0,"event_name":"Shining Light","floor":10,"gold_loss":0,"cards_upgraded":["Defend_G","Strike_G"]},{"cards_removed":["Strike_G"],"damage_healed":0,"gold_gain":0,"player_choice":"Offered Basic","damage_taken":0,"max_hp_gain":0,"max_hp_loss":0,"event_name":"Bonfire Elementals","floor":19,"gold_loss":0},{"damage_healed":0,"gold_gain":0,"cards_transformed":["Strike_G","Defend_G"],"player_choice":"Became Test Subject","damage_taken":0,"max_hp_gain":0,"max_hp_loss":0,"event_name":"Drug Dealer","floor":22,"gold_loss":0,"cards_obtained":["Eviscerate","Flying Knee"]},{"cards_removed":["Eviscerate"],"damage_healed":0,"gold_gain":0,"player_choice":"Purged","damage_taken":0,"max_hp_gain":0,"max_hp_loss":0,"event_name":"Purifier","floor":29,"gold_loss":0}],"is_beta":false,"boss_relics":[{"not_picked":["Coffee Dripper","Snecko Eye"],"picked":"White Beast Statue"}],"items_purged_floors":[20],"is_endless":false,"potions_floor_spawned":[4,14,16,18,21,24,25,27,30,31],"killed_by":"Champ","ascension_level":9}