{"gold_per_floor":[109,122,122,133,58,58,78,78,78,95,95,20,20,95,95,173,173,184,109,159,172,72,100,100,111,111,111,111],"floor_reached":28,"playtime":849,"items_purged":["Strike_R","Strike_R"],"score":418,"play_id":"0524a2e5-4641-4959-84ca-5ed07b31315b","local_time":"20190228213216","is_ascension_mode":true,"campfire_choices":[{"data":"Whirlwind","floor":6.0,"key":"SMITH"},{"data":"Bash","floor":8.0,"key":"SMITH"},{"data":"Flex","floor":13.0,"key":"SMITH"},{"data":"Clash","floor":15.0,"key":"SMITH"},{"data":"Strike_R","floor":24,"key":"PURGE"},{"data":"Battle Trance","floor":27,"key":"SMITH"}],"neow_cost":"NONE","seed_source_timestamp":0,"circlet_count":0,"master_deck":["AscendersBane","Strike_R+1","Defend_R+1","Defend_R","Defend_R","Bash+1","Flex+1","Clash+1","Whirlwind+1","Thunderclap","Battle Trance+1"],"special_seed":0,"relics":["Burning Blood","Dream Catcher","Ornamental Fan","Sozu","Peace Pipe","Kunai"],"potions_floor_usage":[],"damage_taken":[{"damage":4.0,"enemies":"Jaw Worm","floor":1.0,"turns":4.0},{"damage":1.0,"enemies":"2 Louse","floor":2.0,"turns":3.0},{"damage":8.0,"enemies":"Small Slimes","floor":4.0,"turns":2.0},{"damage":0.0,"enemies":"Exordium Wildlife","floor":7.0,"turns":3.0},{"damage":4.0,"enemies":"2 Fungi Beasts","floor":10.0,"turns":3.0},{"damage":15.0,"enemies":"The Guardian","floor":16.0,"turns":7.0},{"damage":24.0,"enemies":"Spheric Guardian","floor":18.0,"turns":5.0},{"damage":11,"enemies":"Shell Parasite","floor":21,"turns":2},{"damage":25,"enemies":"Slavers","floor":23,"turns":2},{"damage":0,"enemies":"3 Cultists","floor":25,"turns":2},{"damage":32,"enemies":"Book of Stabbing","floor":28,"turns":2}],"seed_played":"2005747682275157086","potions_obtained":[{"floor":2.0,"key":"Fire Potion"},{"floor":10.0,"key":"PowerPotion"},{"floor":16.0,"key":"Strength Potion"}],"is_trial":false,"path_per_floor":["M","M","?","M","$","R","M","R","T","M","?","?","R","?","R","B",null,"M","?","?","M","$","E","R","M","T","R","E"],"character_chosen":"IRONCLAD","items_purchased":[],"campfire_rested":0,"item_purchase_floors":[],"current_hp_per_floor":[70,75,52,50,50,50,56,56,56,58,58,58,58,47,47,38,66,48,48,48,43,43,24,24,30,30,30,0],"gold":111,"neow_bonus":"RANDOM_COMMON_RELIC","is_prod":false,"is_daily":false,"chose_seed":false,"campfire_upgraded":5,"win_rate":0,"timestamp":1551357136,"path_taken":["M","M","?","M","$","R","M","R","T","M","?","?","R","?","R","BOSS","M","?","?","?","$","E","R","M","T","R","E"],"build_version":"2019-01-23","purchased_purges":2,"victory":false,"max_hp_per_floor":[75,75,75,75,75,75,75,75,75,75,75,75,75,75,75,75,75,75,75,75,75,75,75,75,75,75,75,75],"card_choices":[{"not_picked":["Wild Strike","Burning Pact"],"picked":"Flex","floor":1.0},{"not_picked":["Iron Wave","Body Slam"],"picked":"Clash","floor":2.0},{"not_picked":["Cleave","Havoc"],"picked":"Whirlwind","floor":4.0},{"not_picked":["Feed","Flame Barrier"],"picked":"Thunderclap","floor":7.0},{"not_picked":["Heavy Blade","Anger","Twin Strike"],"picked":"SKIP","floor":10.0},{"not_picked":["Evolve","Entrench+1","Havoc"],"picked":"SKIP","floor":18.0},{"not_picked":["Iron Wave","Flame Barrier"],"picked":"Battle Trance","floor":21},{"not_picked":["Body Slam","Searing Blow","Ghostly Armor"],"picked":"SKIP","floor":23},{"not_picked":["Metallicize","Entrench","Intimidate"],"picked":"SKIP","floor":25}],"player_experience":953076,"relics_obtained":[{"floor":9.0,"key":"Ornamental Fan"},{"floor":23,"key":"Peace Pipe"},{"floor":26,"key":"Kunai"}],"event_choices":[{"damage_healed":0.0,"max_hp_gain":0.0,"max_hp_loss":0.0,"gold_gain":0.0,"event_name":"Shining Light","player_choice":"Entered Light","floor":3.0,"gold_loss":0.0,"damage_taken":23.0,"cards_upgraded":["Defend_R","Strike_R"]},{"damage_healed":0.0,"max_hp_gain":0.0,"max_hp_loss":0.0,"gold_gain":0.0,"event_name":"Golden Idol","player_choice":"Ignored","floor":11.0,"gold_loss":0.0,"damage_taken":0.0},{"cards_removed":["Defend_R"],"damage_healed":0.0,"max_hp_gain":0.0,"max_hp_loss":0.0,"gold_gain":0.0,"event_name":"The Cleric","player_choice":"Card Removal","floor":12.0,"gold_loss":75.0,"damage_taken":0.0},{"damage_healed":0.0,"max_hp_gain":0.0,"max_hp_loss":0.0,"gold_gain":75.0,"event_name":"World of Goop","player_choice":"Gather Gold","floor":14.0,"gold_loss":0.0,"damage_taken":11.0},{"cards_removed":["Strike_R"],"damage_healed":0.0,"max_hp_gain":0.0,"max_hp_loss":0.0,"gold_gain":0.0,"event_name":"Beggar","player_choice":"Gave Gold","floor":19.0,"gold_loss":75.0,"damage_taken":0.0},{"damage_healed":0,"gold_gain":100,"player_choice":"Bet on Murderer","damage_taken":0,"max_hp_gain":0,"max_hp_loss":0,"event_name":"The Joust","floor":20,"gold_loss":50}],"is_beta":false,"boss_relics":[{"not_picked":["Fusion Hammer","Calling Bell"],"picked":"Sozu"}],"items_purged_floors":[5,22],"is_endless":false,"potions_floor_spawned":[2,10,16,21,23],"killed_by":"Book of Stabbing","ascension_level":17}