{"gold_per_floor":[117,132,57,68,68,68,68,68,68,68,68,106,131,131,131,229,229,248,148,172,47,47],"floor_reached":22,"playtime":1047,"items_purged":["Defend_R","Strike_R","Strike_R"],"score":337,"play_id":"ffc0867a-8cd9-491b-992d-3dddb12e1cc5","local_time":"20190227221427","is_ascension_mode":true,"campfire_choices":[{"data":"Bash","floor":6,"key":"SMITH"},{"data":"True Grit","floor":8,"key":"SMITH"},{"data":"Intimidate","floor":10,"key":"SMITH"},{"data":"Clothesline","floor":15,"key":"SMITH"}],"neow_cost":"NONE","seed_source_timestamp":7743043560625,"circlet_count":0,"master_deck":["AscendersBane","Strike_R","Strike_R","Defend_R","Defend_R","Defend_R","Bash+1","True Grit+1","Intimidate+1","Clothesline+1","Juggernaut"],"relics":["Burning Blood","Art of War","Golden Idol","Paper Frog","Torii","Pear","Dream Catcher","Busted Crown"],"potions_floor_usage":[12,16,22],"damage_taken":[{"damage":3,"enemies":"2 Louse","floor":1,"turns":3},{"damage":15,"enemies":"Small Slimes","floor":2,"turns":5},{"damage":4,"enemies":"Cultist","floor":4,"turns":3},{"damage":16,"enemies":"3 Sentries","floor":12,"turns":12},{"damage":2,"enemies":"Blue Slaver","floor":13,"turns":3},{"damage":22,"enemies":"Hexaghost","floor":16,"turns":11},{"damage":31,"enemies":"Shell Parasite","floor":18,"turns":6},{"damage":11,"enemies":"Spheric Guardian","floor":20,"turns":5},{"damage":11,"enemies":"Colosseum Slavers","floor":22,"turns":6},{"damage":58,"enemies":"Colosseum Nobs","floor":22,"turns":5}],"seed_played":"7675280089820294078","potions_obtained":[{"floor":2,"key":"SkillPotion"},{"floor":4,"key":"Dexterity Potion"},{"floor":13,"key":"FearPotion"},{"floor":20,"key":"EssenceOfSteel"}],"is_trial":false,"path_per_floor":["M","M","$","M","?","R","?","R","T","R","?","E","M","?","R","B",null,"M","$","M","$","?"],"character_chosen":"IRONCLAD","items_purchased":[],"campfire_rested":0,"item_purchase_floors":[],"current_hp_per_floor":[71,62,62,64,38,38,31,31,31,31,31,31,35,24,24,8,66,41,41,36,36,0],"gold":47,"neow_bonus":"RANDOM_COMMON_RELIC","is_prod":false,"is_daily":false,"chose_seed":false,"campfire_upgraded":4,"win_rate":0,"timestamp":1551273267,"path_taken":["M","M","$","M","?","R","?","R","T","R","?","E","?","?","R","BOSS","M","$","M","$","?"],"build_version":"2019-01-23","purchased_purges":3,"victory":false,"max_hp_per_floor":[75,75,75,75,75,75,75,75,75,75,75,85,85,85,85,85,85,85,85,85,85,85],"card_choices":[{"not_picked":["Wild Strike","Armaments"],"picked":"True Grit","floor":1},{"not_picked":["Uppercut","Sever Soul"],"picked":"Intimidate","floor":2},{"not_picked":["Clash","Sword Boomerang","Shrug It Off"],"picked":"SKIP","floor":4},{"not_picked":["Armaments","Brutality"],"picked":"Clothesline","floor":12},{"not_picked":["Iron Wave","Havoc","Body Slam"],"picked":"SKIP","floor":13},{"not_picked":["Berserk","Feed"],"picked":"Juggernaut","floor":16},{"not_picked":["Sword Boomerang"],"picked":"SKIP","floor":18},{"not_picked":["Power Through"],"picked":"SKIP","floor":20}],"player_experience":942335,"relics_obtained":[{"floor":9,"key":"Paper Frog"},{"floor":12,"key":"Pear"}],"event_choices":[{"damage_healed":0,"gold_gain":0,"player_choice":"Take Damage","damage_taken":26,"relics_obtained":["Golden Idol"],"max_hp_gain":0,"max_hp_loss":0,"event_name":"Golden Idol","floor":5,"gold_loss":0},{"cards_removed":["Strike_R"],"damage_healed":0,"gold_gain":0,"player_choice":"Card Removal","damage_taken":7,"max_hp_gain":0,"max_hp_loss":0,"event_name":"Golden Wing","floor":7,"gold_loss":0},{"damage_healed":0,"gold_gain":0,"player_choice":"Gave Potion","damage_taken":0,"relics_obtained":["Torii"],"max_hp_gain":0,"max_hp_loss":0,"event_name":"WeMeetAgain","floor":11,"gold_loss":0},{"damage_healed":0,"gold_gain":0,"player_choice":"Success","damage_taken":11,"relics_obtained":["Dream Catcher"],"max_hp_gain":0,"max_hp_loss":0,"event_name":"Scrap Ooze","floor":14,"gold_loss":0},{"damage_healed":0,"gold_gain":0,"player_choice":"Fight","damage_taken":0,"max_hp_gain":0,"max_hp_loss":0,"event_name":"Colosseum","floor":22,"gold_loss":0},{"damage_healed":0,"gold_gain":0,"player_choice":"Fought Nobs","damage_taken":0,"max_hp_gain":0,"max_hp_loss":0,"event_name":"Colosseum","floor":22,"gold_loss":0}],"is_beta":false,"boss_relics":[{"not_picked":["Lizard Tail","Black Star"],"picked":"Busted Crown"}],"items_purged_floors":[3,19,21],"is_endless":false,"potions_floor_spawned":[2,4,13,20],"killed_by":"Colosseum Nobs","ascension_level":17}