{"path_per_floor":["M","M","?","$","?","E","?","M","T","M","R","M","T","M","R","B",null,"M","M"],"character_chosen":"THE_SILENT","items_purchased":["Prepared"],"gold_per_floor":[111,128,128,26,26,52,2,15,62,17,17,34,112,129,129,230,230,248,268],"floor_reached":20,"campfire_rested":1,"playtime":1379,"current_hp_per_floor":[70,70,70,70,70,70,70,59,59,45,45,47,47,38,59,45,70,24,12],"items_purged":["Strike_G"],"gold":268,"score":209,"play_id":"784d64e7-454d-4397-991b-e4697a994289","is_prod":false,"is_daily":false,"is_ascension_mode":true,"campfire_upgraded":1,"path_taken":["M","M","?","$","?","E","?","?","T","M","R","M","?","M","R","BOSS","M","M","M"],"build_version":"2018-02-15-PROD1","purchased_purges":1,"victory":false,"master_deck":["Defend_G","Defend_G","Defend_G","Defend_G","Strike_G","Strike_G","Survivor","Neutralize","Acrobatics","Acrobatics","Calculated Gamble+1","Prepared","PiercingWail","Catalyst","Infinite Blades","Envenom","Caltrops","Tools of the Trade","Dodge and Roll","Dagger Throw+1"],"max_hp_per_floor":[70,70,70,70,70,70,70,70,70,70,70,70,70,70,70,70,70,70,70],"relics":["Ring of the Snake","NeowsBlessing","Blood Vial","Pen Nib","Letter Opener","Lizard Tail"],"card_choices":[{"not_picked":["Deadly Poison","Bouncing Flask"],"picked":"Acrobatics"},{"not_picked":["Deflect","Bane"],"picked":"Acrobatics"},{"not_picked":["Well Laid Plans","Deflect"],"picked":"PiercingWail"},{"not_picked":["Bane","Masterful Stab"],"picked":"Catalyst"},{"not_picked":["Leg Sweep","Outmaneuver"],"picked":"Infinite Blades"},{"not_picked":["Prepared","Poisoned Stab"],"picked":"Envenom"},{"not_picked":["Poisoned Stab","Dodge and Roll"],"picked":"Caltrops"},{"not_picked":["Burst","Envenom"],"picked":"Tools of the Trade"},{"not_picked":["Sucker Punch","PiercingWail"],"picked":"Dodge and Roll"},{"not_picked":["Prepared","Acrobatics"],"picked":"Dagger Throw"}],"player_experience":144164,"potions_floor_usage":[16,16,18],"damage_taken":[{"damage":0,"enemies":"Jaw Worm","floor":1,"turns":1},{"damage":0,"enemies":"Small Slimes","floor":2,"turns":1},{"damage":0,"enemies":"Gremlin Nob","floor":6,"turns":1},{"damage":11,"enemies":"Cultist","floor":8,"turns":6},{"damage":16,"enemies":"Looter","floor":10,"turns":5},{"damage":0,"enemies":"Large Slime","floor":12,"turns":7},{"damage":11,"enemies":"Blue Slaver","floor":14,"turns":4},{"damage":31,"enemies":"Hexaghost","floor":16,"turns":10},{"damage":46,"enemies":"Shell Parasite","floor":18,"turns":10},{"damage":14,"enemies":"3 Byrds","floor":19,"turns":5},{"damage":0,"enemies":"Snake Plant","floor":20,"turns":1}],"event_choices":[{"event_name":"Living Wall","player_choice":"Change","floor":3,"damage_taken":0},{"event_name":"Bonfire Elementals","player_choice":"BASIC","floor":5,"damage_taken":0},{"event_name":"The Cleric","player_choice":"Card Removal","floor":7,"damage_taken":0}],"boss_relics":[{"not_picked":["Sozu","Question Card"],"picked":"Lizard Tail"}],"potions_floor_spawned":[2,8,16,19],"seed_played":"1935754814335983083","killed_by":"Snake Plant","ascension_level":1,"is_trial":false}