{"path_per_floor":["M","M","?","M","$","R","E","R","T","M","E","R"],"character_chosen":"THE_SILENT","items_purchased":[],"gold_per_floor":[117,128,128,144,69,69,103,103,103,113,146,146,146],"floor_reached":13,"campfire_rested":0,"playtime":771,"item_purchase_floors":[],"current_hp_per_floor":[70,60,46,43,43,43,33,33,33,27,17,17,0],"items_purged":["Doubt"],"gold":146,"score":93,"play_id":"166f3964-c746-41ae-8785-c655739d3d62","local_time":"20180610085457","is_prod":false,"is_daily":false,"chose_seed":false,"is_ascension_mode":false,"campfire_upgraded":3,"win_rate":0,"timestamp":1528635297,"campfire_choices":[{"data":"Noxious Fumes","floor":6,"key":"SMITH"},{"data":"Footwork","floor":8,"key":"SMITH"},{"data":"Blur","floor":12,"key":"SMITH"}],"path_taken":["M","M","?","M","?","R","E","R","T","M","E","R","M"],"build_version":"2018-06-07v3","seed_source_timestamp":76703494600119,"purchased_purges":1,"victory":false,"master_deck":["Defend_G","Defend_G","Defend_G","Defend_G","Defend_G","Strike_G","Strike_G","Strike_G","Strike_G","Strike_G+1","Survivor+1","Neutralize","Noxious Fumes+1","Expertise","Bane","Terror","Well Laid Plans","Footwork+1","Blur+1","Malaise","Deadly Poison"],"max_hp_per_floor":[70,70,70,70,70,70,70,70,70,70,70,70,70],"relics":["Ring of the Snake","Prayer Wheel","Letter Opener","Kunai","Anchor"],"card_choices":[{"not_picked":["Cloak And Dagger","Flying Knee"],"picked":"Noxious Fumes","floor":1},{"not_picked":["PiercingWail","Outmaneuver"],"picked":"Expertise","floor":1},{"not_picked":["Outmaneuver","Cloak And Dagger"],"picked":"Bane","floor":2},{"not_picked":["Blade Dance","Eviscerate"],"picked":"Terror","floor":2},{"not_picked":["Heel Hook","Caltrops"],"picked":"Well Laid Plans","floor":4},{"not_picked":["PiercingWail","Dodge and Roll","Acrobatics"],"picked":"SKIP","floor":4},{"not_picked":["Flying Knee","Backflip"],"picked":"Footwork","floor":7},{"not_picked":["Endless Agony","PiercingWail"],"picked":"Blur","floor":10},{"not_picked":["Phantasmal Killer","Dodge and Roll"],"picked":"Malaise","floor":10},{"not_picked":["Finisher","Poisoned Stab"],"picked":"Deadly Poison","floor":11}],"player_experience":133940,"potions_floor_usage":[7],"damage_taken":[{"damage":0,"enemies":"2 Louse","floor":1,"turns":6},{"damage":10,"enemies":"Small Slimes","floor":2,"turns":4},{"damage":3,"enemies":"Jaw Worm","floor":4,"turns":3},{"damage":10,"enemies":"Lagavulin","floor":7,"turns":5},{"damage":6,"enemies":"3 Louse","floor":10,"turns":3},{"damage":10,"enemies":"3 Sentries","floor":11,"turns":6},{"damage":18,"enemies":"Gremlin Gang","floor":13,"turns":4}],"relics_obtained":[{"floor":7,"key":"Letter Opener"},{"floor":9,"key":"Kunai"},{"floor":11,"key":"Anchor"}],"event_choices":[{"event_name":"Shining Light","player_choice":"Entered Light","floor":3,"damage_taken":0}],"boss_relics":[],"items_purged_floors":[5],"potions_floor_spawned":[1,7],"seed_played":"-4497810784879329967","killed_by":"Gremlin Gang","ascension_level":0,"potions_obtained":[{"floor":1,"key":"Poison Potion"},{"floor":7,"key":"SpeedPotion"}],"is_trial":false}