{"gold_per_floor":[110,71,71,85,95,95,126,141,141,153,167,167,178,191,191,288,288,305,338,263,263,63,79,79,79],"floor_reached":25,"playtime":1976,"items_purged":["Strike_R"],"score":205,"play_id":"4d1212b1-64bd-4727-8d63-fcadac7a6b52","local_time":"20190127161514","is_ascension_mode":false,"campfire_choices":[{"data":"Barricade","floor":6,"key":"SMITH"},{"data":"Entrench","floor":12,"key":"SMITH"},{"data":"Rage","floor":15,"key":"SMITH"}],"neow_cost":"PERCENT_DAMAGE","seed_source_timestamp":621247598032067,"circlet_count":0,"master_deck":["Strike_R","Defend_R","Defend_R","Defend_R","Defend_R","Bash","Barricade+1","Pommel Strike","Power Through","Cleave","Rampage","Entrench+1","Juggernaut","Rage+1","Headbutt","Double Tap","Berserk","Armaments","Metallicize"],"relics":["Black Blood","Nunchaku","Bird Faced Urn","Red Mask"],"potions_floor_usage":[7,13,16,19],"damage_taken":[{"damage":5,"enemies":"2 Louse","floor":1,"turns":4},{"damage":2,"enemies":"Small Slimes","floor":4,"turns":5},{"damage":0,"enemies":"Cultist","floor":5,"turns":5},{"damage":44,"enemies":"Lagavulin","floor":7,"turns":6},{"damage":2,"enemies":"Gremlin Gang","floor":8,"turns":4},{"damage":11,"enemies":"Exordium Thugs","floor":10,"turns":7},{"damage":0,"enemies":"Looter","floor":11,"turns":3},{"damage":4,"enemies":"3 Louse","floor":13,"turns":3},{"damage":6,"enemies":"2 Fungi Beasts","floor":14,"turns":4},{"damage":14,"enemies":"The Guardian","floor":16,"turns":15},{"damage":33,"enemies":"3 Byrds","floor":18,"turns":7},{"damage":31,"enemies":"Masked Bandits","floor":19,"turns":6},{"damage":30,"enemies":"Spheric Guardian","floor":23,"turns":8},{"damage":46,"enemies":"Cultist and Chosen","floor":25,"turns":6}],"seed_played":"-278686187007253985","potions_obtained":[{"floor":1,"key":"Energy Potion"},{"floor":7,"key":"FearPotion"},{"floor":10,"key":"SkillPotion"},{"floor":13,"key":"Weak Potion"},{"floor":18,"key":"SkillPotion"},{"floor":23,"key":"EssenceOfSteel"}],"is_trial":false,"path_per_floor":["M","$","?","M","M","R","E","M","T","M","M","R","M","M","R","B",null,"M","?","?","?","$","M","?","M"],"character_chosen":"IRONCLAD","items_purchased":["Power Through","Armaments","Metallicize"],"campfire_rested":0,"item_purchase_floors":[2,22,22],"current_hp_per_floor":[57,57,50,54,60,60,22,26,26,21,29,29,33,35,35,31,80,57,38,38,38,38,24,24,0],"gold":79,"neow_bonus":"THREE_RARE_CARDS","is_prod":false,"is_daily":false,"chose_seed":false,"campfire_upgraded":3,"win_rate":0,"timestamp":1548605714,"path_taken":["M","$","?","M","M","R","E","M","T","M","M","R","M","M","R","BOSS","M","?","?","?","$","M","?","M"],"build_version":"2019-01-23","purchased_purges":1,"victory":false,"max_hp_per_floor":[80,80,80,80,80,80,80,80,80,80,80,80,80,80,80,80,80,80,80,80,80,80,80,80,80],"card_choices":[{"not_picked":["Exhume","Brutality"],"picked":"Barricade","floor":0},{"not_picked":["Warcry","Havoc"],"picked":"Pommel Strike","floor":1},{"not_picked":["Infernal Blade","Warcry"],"picked":"Cleave","floor":4},{"not_picked":["Flex","Heavy Blade"],"picked":"Rampage","floor":5},{"not_picked":["Wild Strike","Searing Blow"],"picked":"Entrench","floor":7},{"not_picked":["Perfected Strike","Iron Wave"],"picked":"Juggernaut","floor":8},{"not_picked":["Cleave","Iron Wave"],"picked":"Rage","floor":10},{"not_picked":["Hemokinesis","Thunderclap","Pummel"],"picked":"SKIP","floor":11},{"not_picked":["Sentinel","Cleave"],"picked":"Headbutt","floor":13},{"not_picked":["Thunderclap","Wild Strike","Clash"],"picked":"SKIP","floor":14},{"not_picked":["Brutality","Impervious"],"picked":"Double Tap","floor":16},{"not_picked":["Thunderclap","Wild Strike","Clash"],"picked":"SKIP","floor":18},{"not_picked":["Anger","Pommel Strike"],"picked":"Berserk","floor":19},{"not_picked":["Sword Boomerang","Anger+1","Searing Blow"],"picked":"SKIP","floor":23}],"player_experience":359118,"relics_obtained":[{"floor":7,"key":"Nunchaku"},{"floor":9,"key":"Bird Faced Urn"},{"floor":19,"key":"Red Mask"}],"event_choices":[{"cards_removed":["Strike_R"],"damage_healed":0,"gold_gain":0,"player_choice":"Card Removal","damage_taken":7,"max_hp_gain":0,"max_hp_loss":0,"event_name":"Golden Wing","floor":3,"gold_loss":0},{"damage_healed":0,"gold_gain":0,"player_choice":"Fought Bandits","damage_taken":0,"max_hp_gain":0,"max_hp_loss":0,"event_name":"Masked Bandits","floor":19,"gold_loss":0},{"cards_removed":["Strike_R"],"damage_healed":0,"gold_gain":0,"player_choice":"Gave Gold","damage_taken":0,"max_hp_gain":0,"max_hp_loss":0,"event_name":"Beggar","floor":20,"gold_loss":75},{"damage_healed":0,"gold_gain":0,"player_choice":"Ignored","damage_taken":0,"max_hp_gain":0,"max_hp_loss":0,"event_name":"Ghosts","floor":21,"gold_loss":0},{"cards_removed":["Strike_R"],"damage_healed":0,"gold_gain":0,"player_choice":"Purged","damage_taken":0,"max_hp_gain":0,"max_hp_loss":0,"event_name":"Purifier","floor":24,"gold_loss":0}],"is_beta":false,"boss_relics":[{"not_picked":["Empty Cage","Coffee Dripper"],"picked":"Black Blood"}],"items_purged_floors":[22],"is_endless":false,"potions_floor_spawned":[1,7,10,13,18,23],"killed_by":"Cultist and Chosen","ascension_level":0}