{"path_per_floor":["M","?","M","$","M","R","E","M","T","M","E","M","$","E","R","B",null,"M","$","M","?","?","R","E","M","T","R","E","$","E","$","R","B",null,"M","?","M","$","M","R","M","E","T","E","M","R","$","M","R","B"],"character_chosen":"IRONCLAD","items_purchased":["Dead Branch","Metallicize","Flash of Steel","Master of Strategy","Orichalcum"],"gold_per_floor":[367,317,337,262,277,277,610,623,623,635,668,686,295,329,329,424,424,437,177,194,109,109,109,141,155,155,155,181,131,159,109,109,213,213,225,277,289,73,85,85,102,135,135,161,177,177,9,25,25,25],"floor_reached":51,"campfire_rested":0,"playtime":6053,"current_hp_per_floor":[72,72,72,72,72,72,53,47,47,53,53,59,59,47,47,12,82,82,82,79,79,64,64,84,87,87,87,90,90,83,83,83,84,90,90,76,65,65,69,69,75,82,82,81,73,73,73,79,79,88],"items_purged":["Strike_R","Strike_R","Carnage","Clash","True Grit","Bash","True Grit"],"gold":25,"play_id":"7181d34e-24bd-417e-8940-d80dcadad093","is_prod":false,"is_daily":false,"is_ascension_mode":true,"campfire_upgraded":8,"path_taken":["M","?","M","$","M","R","E","M","T","?","E","M","$","E","R","BOSS","M","$","M","?","?","R","E","?","T","R","E","?","E","$","R","BOSS","M","?","M","$","M","R","M","E","T","E","M","R","$","?","R","BOSS"],"build_version":"2018-01-25-PROD3","purchased_purges":10,"victory":true,"master_deck":["Rampage+1","Sentinel+1","Corruption+1","Pommel Strike+1","Flex","Warcry+1","Rupture+1","Sentinel+1","Metallicize+1","Flash of Steel","Feel No Pain+1","Brutality","Feel No Pain+1","Havoc+1","Master of Strategy+1"],"max_hp_per_floor":[72,72,72,72,72,72,72,72,72,72,72,72,72,82,82,82,82,82,82,82,82,87,87,87,87,87,87,90,90,90,90,90,90,90,90,90,90,90,90,90,90,90,90,90,90,90,90,90,90,90],"relics":["Burning Blood","Old Coin","Anchor","Dream Catcher","Dead Branch","Strawberry","Pandora\u0027s Box","Ancient Tea Set","Lantern","Sundial","Smiling Mask","The Courier","Question Card","Charon\u0027s Ashes","Centennial Puzzle","Champion Belt","Frozen Egg","Orichalcum"],"card_choices":[{"not_picked":["Clash","Thunderclap"],"picked":"Rampage"},{"not_picked":["Blood for Blood","Clash"],"picked":"Sentinel"},{"not_picked":["Juggernaut","Ghostly Armor"],"picked":"Corruption"},{"not_picked":["Rage","Combust"],"picked":"True Grit"},{"not_picked":["Body Slam","Searing Blow"],"picked":"Pommel Strike"},{"not_picked":["Clash","Inflame"],"picked":"Sentinel"},{"not_picked":["Body Slam","Sentinel"],"picked":"Feel No Pain"},{"not_picked":["Fiend Fire","Reaper"],"picked":"Brutality"},{"not_picked":["Havoc","Clothesline","Cleave"],"picked":"Feel No Pain"},{"not_picked":["Disarm","Clash","Thunderclap"],"picked":"Havoc"}],"player_experience":400339,"potions_floor_usage":[7,8,16,36,42,42,42,50],"damage_taken":[{"damage":1,"enemies":"Jaw Worm","floor":1,"turns":3},{"damage":6,"enemies":"Cultist","floor":3,"turns":3},{"damage":4,"enemies":"Blue Slaver","floor":5,"turns":3},{"damage":40,"enemies":"3 Sentries","floor":7,"turns":12},{"damage":12,"enemies":"Gremlin Gang","floor":8,"turns":6},{"damage":0,"enemies":"Large Slime","floor":10,"turns":6},{"damage":6,"enemies":"Lagavulin","floor":11,"turns":5},{"damage":0,"enemies":"3 Louse","floor":12,"turns":3},{"damage":28,"enemies":"3 Sentries","floor":14,"turns":6},{"damage":41,"enemies":"The Guardian","floor":16,"turns":6},{"damage":5,"enemies":"Chosen","floor":18,"turns":5},{"damage":9,"enemies":"2 Thieves","floor":20,"turns":5},{"damage":0,"enemies":"Gremlin Leader","floor":24,"turns":4},{"damage":8,"enemies":"Snake Plant","floor":25,"turns":3},{"damage":0,"enemies":"Book of Stabbing","floor":28,"turns":3},{"damage":13,"enemies":"Slavers","floor":30,"turns":5},{"damage":11,"enemies":"Champ","floor":33,"turns":6},{"damage":4,"enemies":"3 Darklings","floor":35,"turns":4},{"damage":20,"enemies":"Mysterious Sphere","floor":36,"turns":5},{"damage":17,"enemies":"3 Shapes","floor":37,"turns":3},{"damage":2,"enemies":"3 Darklings","floor":39,"turns":3},{"damage":0,"enemies":"Sphere and 2 Shapes","floor":41,"turns":1},{"damage":2,"enemies":"2 Orb Walkers","floor":42,"turns":2},{"damage":7,"enemies":"Nemesis","floor":44,"turns":4},{"damage":14,"enemies":"4 Shapes","floor":45,"turns":3},{"damage":0,"enemies":"3 Darklings","floor":48,"turns":2},{"damage":3,"enemies":"Awakened One","floor":50,"turns":3}],"event_choices":[{"event_name":"The Cleric","player_choice":"Card Removal","floor":2,"damage_taken":0},{"event_name":"Addict","player_choice":"Obtained Relic","floor":21,"damage_taken":0},{"event_name":"Forgotten Altar","player_choice":"Shed Blood","floor":22,"damage_taken":0},{"event_name":"Mysterious Sphere","player_choice":"Fight","floor":36,"damage_taken":0}],"boss_relics":[{"not_picked":["Black Blood","Velvet Choker"],"picked":"Pandora\u0027s Box"},{"not_picked":["Philosopher\u0027s Stone","White Beast Statue"],"picked":"Question Card"}],"potions_floor_spawned":[1,7,11,12,14,25,30,33,36,37,42,44],"seed_played":"-7251865991567561136","ascension_level":1,"is_trial":false}