{"gold_per_floor":[13,13,31,51,68,68,96,96,96,96,127,146,164,29,29,124,124,134,134,148,148,158,158,175,21,45,45,62,80,80],"floor_reached":30,"playtime":1372,"items_purged":[],"score":317,"play_id":"de3202c5-044f-41b3-b5a5-49555f8663f2","local_time":"20190211103806","is_ascension_mode":true,"campfire_choices":[{"data":"Armaments","floor":6,"key":"SMITH"},{"data":"Metallicize","floor":8,"key":"SMITH"},{"data":"Bash","floor":10,"key":"SMITH"},{"floor":15,"key":"REST"},{"floor":23,"key":"REST"},{"floor":27,"key":"REST"}],"neow_cost":"NO_GOLD","seed_source_timestamp":2737435909582611,"circlet_count":0,"master_deck":["Strike_R","Strike_R","Strike_R","Strike_R","Strike_R","Defend_R","Defend_R","Defend_R","Defend_R","Bash+1","Metallicize+1","Disarm","Armaments+1","Flex","Dark Embrace","Pommel Strike","Rampage","Iron Wave","Double Tap","Fiend Fire","Sentinel","Spot Weakness","Whirlwind","Thunderclap","Wild Strike","Sever Soul"],"relics":["Burning Blood","Gambling Chip","Potion Belt","Paper Frog","Centennial Puzzle","Strawberry","Philosopher\u0027s Stone","Oddly Smooth Stone","Pen Nib"],"potions_floor_usage":[16,18,19,24],"damage_taken":[{"damage":1,"enemies":"Cultist","floor":1,"turns":3},{"damage":0,"enemies":"2 Louse","floor":3,"turns":4},{"damage":0,"enemies":"Small Slimes","floor":4,"turns":4},{"damage":15,"enemies":"Exordium Thugs","floor":5,"turns":6},{"damage":28,"enemies":"Gremlin Nob","floor":7,"turns":5},{"damage":33,"enemies":"3 Sentries","floor":11,"turns":13},{"damage":11,"enemies":"Gremlin Gang","floor":12,"turns":4},{"damage":4,"enemies":"2 Fungi Beasts","floor":13,"turns":4},{"damage":10,"enemies":"Hexaghost","floor":16,"turns":10},{"damage":39,"enemies":"3 Byrds","floor":18,"turns":6},{"damage":22,"enemies":"Colosseum Slavers","floor":19,"turns":4},{"damage":20,"enemies":"2 Thieves","floor":20,"turns":3},{"damage":27,"enemies":"Chosen and Byrds","floor":22,"turns":7},{"damage":47,"enemies":"Sentry and Sphere","floor":24,"turns":7},{"damage":14,"enemies":"Cultist and Chosen","floor":28,"turns":4},{"damage":11,"enemies":"Snake Plant","floor":29,"turns":2},{"damage":22,"enemies":"Shelled Parasite and Fungi","floor":30,"turns":2}],"seed_played":"-4493079317898945369","potions_obtained":[{"floor":1,"key":"SpeedPotion"},{"floor":5,"key":"PowerPotion"},{"floor":7,"key":"Swift Potion"},{"floor":13,"key":"AttackPotion"},{"floor":18,"key":"Block Potion"},{"floor":20,"key":"Strength Potion"},{"floor":22,"key":"PowerPotion"}],"is_trial":false,"path_per_floor":["M","?","M","M","M","R","E","R","T","R","E","M","M","$","R","B",null,"M","?","M","?","M","R","M","$","T","R","M","M","M"],"character_chosen":"IRONCLAD","items_purchased":["Double Tap","Oddly Smooth Stone"],"campfire_rested":3,"item_purchase_floors":[14,25],"current_hp_per_floor":[77,77,80,80,71,71,49,49,49,49,29,24,26,26,52,48,77,44,28,14,43,22,48,7,7,7,33,25,20,0],"gold":80,"neow_bonus":"ONE_RARE_RELIC","is_prod":false,"is_daily":false,"chose_seed":false,"campfire_upgraded":3,"win_rate":0,"timestamp":1549910286,"path_taken":["M","?","?","M","M","R","E","R","T","R","E","?","M","$","R","BOSS","M","?","M","?","M","R","M","$","T","R","M","?","?"],"build_version":"2019-01-23","purchased_purges":0,"victory":false,"max_hp_per_floor":[80,80,80,80,80,80,80,80,80,80,87,87,87,87,87,87,87,87,87,87,87,87,87,87,87,87,87,87,87,87],"card_choices":[{"not_picked":["Heavy Blade","Headbutt"],"picked":"Metallicize","floor":1},{"not_picked":["Seeing Red","Havoc"],"picked":"Disarm","floor":3},{"not_picked":["Rupture","Warcry"],"picked":"Armaments","floor":4},{"not_picked":["Combust","Clash"],"picked":"Flex","floor":5},{"not_picked":["Fire Breathing","Hemokinesis"],"picked":"Dark Embrace","floor":7},{"not_picked":["Fire Breathing","Armaments"],"picked":"Pommel Strike","floor":11},{"not_picked":["Heavy Blade","Battle Trance"],"picked":"Rampage","floor":12},{"not_picked":["Anger","Headbutt"],"picked":"Iron Wave","floor":13},{"not_picked":["Berserk","Brutality"],"picked":"Fiend Fire","floor":16},{"not_picked":["Sever Soul","Battle Trance"],"picked":"Sentinel","floor":18},{"not_picked":["True Grit","Sword Boomerang"],"picked":"Spot Weakness","floor":20},{"not_picked":["Clothesline+1","Wild Strike+1"],"picked":"Whirlwind","floor":22},{"not_picked":["Entrench","Warcry"],"picked":"Thunderclap","floor":24},{"not_picked":["Thunderclap+1","Body Slam"],"picked":"Wild Strike","floor":28},{"not_picked":["Blood for Blood","Anger"],"picked":"Sever Soul","floor":29}],"player_experience":279330,"relics_obtained":[{"floor":7,"key":"Paper Frog"},{"floor":9,"key":"Centennial Puzzle"},{"floor":11,"key":"Strawberry"},{"floor":26,"key":"Pen Nib"}],"event_choices":[{"damage_healed":0,"gold_gain":0,"player_choice":"Gave Potion","damage_taken":0,"relics_obtained":["Potion Belt"],"max_hp_gain":0,"max_hp_loss":0,"event_name":"WeMeetAgain","floor":2,"gold_loss":0},{"damage_healed":0,"gold_gain":0,"player_choice":"Fight","damage_taken":0,"max_hp_gain":0,"max_hp_loss":0,"event_name":"Colosseum","floor":19,"gold_loss":0},{"damage_healed":0,"gold_gain":0,"player_choice":"Fled From Nobs","damage_taken":0,"max_hp_gain":0,"max_hp_loss":0,"event_name":"Colosseum","floor":19,"gold_loss":0},{"damage_healed":29,"gold_gain":0,"player_choice":"Heal","damage_taken":0,"max_hp_gain":0,"max_hp_loss":0,"event_name":"The Library","floor":21,"gold_loss":0}],"is_beta":false,"boss_relics":[{"not_picked":["Astrolabe","Runic Cube"],"picked":"Philosopher\u0027s Stone"}],"items_purged_floors":[],"is_endless":false,"potions_floor_spawned":[1,5,7,13,18,20,22],"killed_by":"Shelled Parasite and Fungi","ascension_level":6}