{"gold_per_floor":[115,33,33,45,68,68,68,88,88,17,17,17,17,37,37,37],"floor_reached":16,"playtime":752,"items_purged":[],"score":88,"play_id":"ead927a9-d127-4f6b-9de7-7ef98657dd9c","local_time":"20190210230833","is_ascension_mode":false,"campfire_choices":[{"floor":6,"key":"REST"},{"floor":13,"key":"REST"},{"data":"Barricade","floor":15,"key":"SMITH"}],"neow_cost":"PERCENT_DAMAGE","seed_source_timestamp":34323164049957,"circlet_count":0,"master_deck":["Strike_R","Strike_R","Strike_R","Strike_R","Defend_R+1","Defend_R","Defend_R","Defend_R","Bash+1","Barricade+1","Metallicize","True Grit","Armaments","Dual Wield","Armaments"],"relics":["Burning Blood","Bag of Preparation","Bottled Flame"],"potions_floor_usage":[16,16],"damage_taken":[{"damage":22,"enemies":"Jaw Worm","floor":1,"turns":4},{"damage":0,"enemies":"Cultist","floor":4,"turns":4},{"damage":9,"enemies":"Small Slimes","floor":8,"turns":4},{"damage":12,"enemies":"Blue Slaver","floor":14,"turns":9},{"damage":66,"enemies":"Hexaghost","floor":16,"turns":23}],"seed_played":"8588885561139154861","potions_obtained":[{"floor":4,"key":"SkillPotion"},{"floor":8,"key":"Explosive Potion"},{"floor":14,"key":"SkillPotion"}],"is_trial":false,"path_per_floor":["M","$","?","M","T","R","$","M","T","$","$","?","R","M","R","B"],"character_chosen":"IRONCLAD","items_purchased":["Metallicize","True Grit","Dual Wield"],"campfire_rested":2,"item_purchase_floors":[2,2,10],"current_hp_per_floor":[40,40,24,30,30,54,54,51,51,51,51,44,68,62,62,0],"gold":37,"neow_bonus":"THREE_RARE_CARDS","is_prod":false,"is_daily":false,"chose_seed":false,"campfire_upgraded":1,"win_rate":0,"timestamp":1549858113,"path_taken":["M","$","?","M","?","R","?","?","T","?","$","?","R","M","R","BOSS"],"build_version":"2019-01-23","purchased_purges":0,"victory":false,"max_hp_per_floor":[80,80,80,80,80,80,80,80,80,80,80,80,80,80,80,80],"card_choices":[{"not_picked":["Brutality","Limit Break"],"picked":"Barricade","floor":0},{"not_picked":["Thunderclap","Combust","Wild Strike"],"picked":"SKIP","floor":1},{"not_picked":["Headbutt","Shockwave","Iron Wave"],"picked":"SKIP","floor":4},{"not_picked":["Carnage","Twin Strike"],"picked":"Armaments","floor":8},{"not_picked":["Uppercut","Perfected Strike"],"picked":"Armaments","floor":14}],"player_experience":1026684,"relics_obtained":[{"floor":5,"key":"Bag of Preparation"},{"floor":9,"key":"Bottled Flame"}],"event_choices":[{"damage_healed":0,"gold_gain":0,"player_choice":"Entered Light","damage_taken":16,"max_hp_gain":0,"max_hp_loss":0,"event_name":"Shining Light","floor":3,"gold_loss":0,"cards_upgraded":["Defend_R","Bash"]},{"cards_removed":["Strike_R"],"damage_healed":0,"gold_gain":0,"player_choice":"Card Removal","damage_taken":7,"max_hp_gain":0,"max_hp_loss":0,"event_name":"Golden Wing","floor":12,"gold_loss":0}],"is_beta":false,"boss_relics":[],"items_purged_floors":[],"is_endless":false,"potions_floor_spawned":[4,8,14],"killed_by":"Hexaghost","ascension_level":0}