{"gold_per_floor":[112,112,126,138,138,172,172,172,172,132,142,142,160,180,180,282,282,300,319,116,130,149,179,179,129,177,187,187,220,232,172,172,270,270,281,281,301,43,60,60,78,104,130,130,29,58,58,77,77,77],"floor_reached":51,"playtime":2927,"items_purged":[],"score":966,"play_id":"751f5cd8-d536-4a7f-99af-cbe1d82f95e0","local_time":"20190301135115","is_ascension_mode":true,"campfire_choices":[{"floor":8,"key":"REST"},{"floor":12,"key":"REST"},{"floor":15,"key":"REST"},{"floor":24,"key":"REST"},{"floor":30,"key":"REST"},{"data":"Storm","floor":32,"key":"SMITH"},{"floor":40,"key":"REST"},{"floor":44,"key":"REST"},{"floor":47,"key":"REST"},{"data":"Storm","floor":49,"key":"SMITH"}],"neow_cost":"NONE","seed_source_timestamp":1280915940575700,"circlet_count":0,"master_deck":["Strike_B","Strike_B","Defend_B","Defend_B","Defend_B","Defend_B","Zap","Dualcast","FTL","Static Discharge","Reinforced Body","Storm","Heatsinks","Go for the Eyes","Conserve Battery","Biased Cognition","Core Surge","Skim","Lockon","Rebound+1","Aggregate+1","Melter+1","Turbo+1","Storm+1","Amplify","Beam Cell+1","Storm+1","Ball Lightning","Stack","Barrage+1","Loop+1","Conserve Battery","Self Repair+1"],"relics":["FrozenCore","NeowsBlessing","Shuriken","Mummified Hand","Bottled Flame","Runic Capacitor","Symbiotic Virus","Ancient Tea Set","MawBank","Runic Pyramid","Frozen Egg 2","DataDisk","Vajra","Potion Belt"],"potions_floor_usage":[6,14,16,21,21,23,27,42],"damage_taken":[{"damage":0,"enemies":"2 Louse","floor":1,"turns":1},{"damage":0,"enemies":"Cultist","floor":3,"turns":1},{"damage":0,"enemies":"Small Slimes","floor":4,"turns":1},{"damage":35,"enemies":"Lagavulin","floor":6,"turns":5},{"damage":8,"enemies":"Blue Slaver","floor":11,"turns":3},{"damage":3,"enemies":"Large Slime","floor":13,"turns":6},{"damage":12,"enemies":"Exordium Thugs","floor":14,"turns":4},{"damage":33,"enemies":"Hexaghost","floor":16,"turns":9},{"damage":5,"enemies":"Shell Parasite","floor":18,"turns":4},{"damage":3,"enemies":"Chosen","floor":19,"turns":4},{"damage":7,"enemies":"Centurion and Healer","floor":21,"turns":6},{"damage":18,"enemies":"Shelled Parasite and Fungi","floor":22,"turns":5},{"damage":30,"enemies":"Gremlin Leader","floor":23,"turns":5},{"damage":24,"enemies":"Snake Plant","floor":27,"turns":4},{"damage":45,"enemies":"Slavers","floor":29,"turns":5},{"damage":53,"enemies":"Automaton","floor":33,"turns":8},{"damage":2,"enemies":"Orb Walker","floor":35,"turns":3},{"damage":29,"enemies":"3 Darklings","floor":37,"turns":4},{"damage":0,"enemies":"Maw","floor":39,"turns":5},{"damage":0,"enemies":"Sphere and 2 Shapes","floor":41,"turns":3},{"damage":21,"enemies":"Nemesis","floor":42,"turns":5},{"damage":32,"enemies":"Reptomancer","floor":46,"turns":4},{"damage":5,"enemies":"Transient","floor":48,"turns":5},{"damage":51,"enemies":"Time Eater","floor":50,"turns":7}],"seed_played":"-5790108372271633182","potions_obtained":[{"floor":1,"key":"FearPotion"},{"floor":10,"key":"LiquidBronze"},{"floor":10,"key":"Fire Potion"},{"floor":10,"key":"SmokeBomb"},{"floor":11,"key":"Block Potion"},{"floor":13,"key":"Regen Potion"},{"floor":18,"key":"Fire Potion"},{"floor":19,"key":"LiquidBronze"},{"floor":22,"key":"SteroidPotion"},{"floor":23,"key":"GamblersBrew"},{"floor":35,"key":"Ancient Potion"},{"floor":37,"key":"Energy Potion"}],"is_trial":false,"path_per_floor":["M","?","M","M","?","E","T","R","T","?","M","R","M","M","R","B",null,"M","M","$","M","M","E","R","?","T","M","?","E","R","$","R","B",null,"M","$","M","$","M","R","M","E","T","R","$","E","R","M","R","B",null],"character_chosen":"DEFECT","items_purchased":["Runic Capacitor","Storm","Frozen Egg 2","Loop+1","Conserve Battery"],"campfire_rested":8,"item_purchase_floors":[20,31,38,45,45],"current_hp_per_floor":[68,68,68,68,61,26,26,48,48,48,40,62,59,47,69,36,65,60,57,57,59,41,11,33,33,33,9,85,40,65,65,65,12,67,65,65,36,36,36,61,61,40,40,65,65,33,58,63,63,32],"gold":77,"neow_bonus":"THREE_ENEMY_KILL","is_prod":false,"is_daily":false,"chose_seed":false,"campfire_upgraded":2,"win_rate":0,"timestamp":1551466275,"path_taken":["M","?","?","?","?","E","?","R","T","?","M","R","M","?","R","BOSS","M","M","$","M","M","E","R","?","T","?","?","E","R","$","R","BOSS","M","$","?","$","M","R","M","E","T","R","$","E","R","M","R","BOSS"],"build_version":"2019-01-23","purchased_purges":0,"victory":true,"max_hp_per_floor":[75,75,75,75,75,75,75,75,75,75,75,75,75,75,75,75,75,75,75,75,75,75,75,75,75,75,75,85,85,85,85,85,85,85,85,85,85,85,85,85,85,85,85,85,85,85,85,85,85,85],"card_choices":[{"not_picked":["Leap","Redo"],"picked":"FTL","floor":1},{"not_picked":["Leap","Coolheaded"],"picked":"Reinforced Body","floor":3},{"not_picked":["Reinforced Body","Stack"],"picked":"Storm","floor":4},{"not_picked":["FTL","Chaos"],"picked":"Heatsinks","floor":6},{"not_picked":["Steam","Blizzard"],"picked":"Go for the Eyes","floor":11},{"not_picked":["Blizzard","FTL"],"picked":"Conserve Battery","floor":13},{"not_picked":["Chill","Storm"],"picked":"Biased Cognition","floor":14},{"not_picked":["Rainbow","Fission"],"picked":"Core Surge","floor":16},{"not_picked":["Turbo","Streamline"],"picked":"Skim","floor":18},{"not_picked":["Gash","Rebound"],"picked":"Lockon","floor":19},{"not_picked":["Beam Cell","Gash+1"],"picked":"Rebound+1","floor":21},{"not_picked":["Gash","Doom and Gloom"],"picked":"Biased Cognition","floor":22},{"not_picked":["Skim","Cold Snap"],"picked":"Aggregate+1","floor":23},{"not_picked":["Sunder","Cold Snap"],"picked":"Melter+1","floor":27},{"not_picked":["Streamline","Sweeping Beam+1"],"picked":"Turbo+1","floor":29},{"not_picked":["Fission","Seek"],"picked":"Amplify","floor":33},{"not_picked":["Hologram","Blizzard"],"picked":"Beam Cell+1","floor":35},{"not_picked":["Steam Power","Streamline+1"],"picked":"Storm","floor":37},{"not_picked":["Aggregate+1","Sweeping Beam"],"picked":"Ball Lightning","floor":39},{"not_picked":["Hologram+1","Fusion+1"],"picked":"Stack","floor":41},{"not_picked":["Gash","Cold Snap"],"picked":"Barrage+1","floor":42},{"not_picked":["Compile Driver+1","BootSequence+1"],"picked":"Self Repair+1","floor":46},{"not_picked":["Lockon+1","Rip and Tear","Compile Driver"],"picked":"SKIP","floor":48}],"player_experience":562330,"relics_obtained":[{"floor":6,"key":"Shuriken"},{"floor":7,"key":"Mummified Hand"},{"floor":9,"key":"Bottled Flame"},{"floor":23,"key":"Symbiotic Virus"},{"floor":26,"key":"Ancient Tea Set"},{"floor":29,"key":"MawBank"},{"floor":42,"key":"DataDisk"},{"floor":43,"key":"Vajra"},{"floor":46,"key":"Potion Belt"}],"event_choices":[{"damage_healed":0,"gold_gain":0,"cards_transformed":["Strike_B"],"player_choice":"Transformed","damage_taken":0,"max_hp_gain":0,"max_hp_loss":0,"event_name":"Transmorgrifier","floor":2,"gold_loss":0,"cards_obtained":["Static Discharge"]},{"cards_removed":["Strike_B"],"damage_healed":0,"gold_gain":0,"player_choice":"Card Removal","damage_taken":7,"max_hp_gain":0,"max_hp_loss":0,"event_name":"Golden Wing","floor":5,"gold_loss":0},{"damage_healed":0,"gold_gain":0,"player_choice":"Bought 3 Potions","damage_taken":0,"max_hp_gain":0,"max_hp_loss":0,"event_name":"The Woman in Blue","floor":10,"gold_loss":0},{"damage_healed":0,"gold_gain":0,"player_choice":"Bet on Murderer","damage_taken":0,"max_hp_gain":0,"max_hp_loss":0,"event_name":"The Joust","floor":25,"gold_loss":50},{"cards_removed":["Biased Cognition"],"damage_healed":66,"gold_gain":0,"player_choice":"Offered Rare","damage_taken":0,"max_hp_gain":10,"max_hp_loss":0,"event_name":"Bonfire Elementals","floor":28,"gold_loss":0}],"is_beta":false,"boss_relics":[{"not_picked":["Fusion Hammer","White Beast Statue"],"picked":"FrozenCore"},{"not_picked":["Black Star","Velvet Choker"],"picked":"Runic Pyramid"}],"items_purged_floors":[],"is_endless":false,"potions_floor_spawned":[1,11,13,18,19,22,23,35,37,39],"ascension_level":7}