{"gold_per_floor":[114,132,145,145,145,173,143,163,163,163,196,196,231,261,261,366,366,381,394,93,109,208,208,240,240,240,240,273,273,302,332,332,433,433,443,443,454,474,474,502,502,537,537,234,260,15,29,29,29,29],"floor_reached":51,"playtime":4343,"items_purged":[],"score":1096,"play_id":"af1e621c-656d-43be-b35e-3b2b7e72801c","local_time":"20180907234331","is_ascension_mode":true,"campfire_choices":[{"floor":12,"key":"REST"},{"floor":15,"key":"REST"},{"data":"1","floor":23,"key":"LIFT"},{"floor":25,"key":"REST"},{"data":"2","floor":27,"key":"LIFT"},{"floor":32,"key":"REST"},{"data":"3","floor":41,"key":"LIFT"},{"floor":49,"key":"REST"}],"neow_cost":"PERCENT_DAMAGE","seed_source_timestamp":82838339796322,"circlet_count":0,"master_deck":["Defend_G","Defend_G","Defend_G","Defend_G+1","Defend_G","Strike_G","Strike_G","Strike_G","Strike_G","Survivor","Neutralize","Blade Dance","Cloak And Dagger","Crippling Poison","Endless Agony","Backstab","Infinite Blades","Calculated Gamble","Venomology+1","Backstab+1","Cloak And Dagger","Finesse","Violence","Flying Knee+1","Accuracy","Writhe","Cloak And Dagger+1","Envenom","Bane+1","Finisher+1","Footwork+1"],"relics":["Ring of the Serpent","Dead Branch","Bronze Scales","Matryoshka","Thread and Needle","Girya","Tiny Chest","WingedGreaves","Molten Egg 2","War Paint","Incense Burner","Snake Skull","Blue Candle","PreservedInsect","Mummified Hand","Busted Crown","Paper Crane","Torii","Happy Flower","Singing Bowl","Turnip","Lantern","Shuriken"],"potions_floor_usage":[6,11,11,11,11,16,19,19,21,24,24,24,24,28,28,28,31,33,33,38,42,45,47,50,50,50],"damage_taken":[{"damage":0,"enemies":"2 Louse","floor":1,"turns":5},{"damage":1,"enemies":"Cultist","floor":2,"turns":3},{"damage":2,"enemies":"Small Slimes","floor":3,"turns":3},{"damage":34,"enemies":"Lagavulin","floor":6,"turns":8},{"damage":5,"enemies":"Exordium Wildlife","floor":8,"turns":3},{"damage":2,"enemies":"Gremlin Nob","floor":11,"turns":4},{"damage":5,"enemies":"Lagavulin","floor":13,"turns":4},{"damage":12,"enemies":"Hexaghost","floor":16,"turns":9},{"damage":0,"enemies":"Chosen","floor":18,"turns":3},{"damage":0,"enemies":"Spheric Guardian","floor":19,"turns":4},{"damage":17,"enemies":"Snake Plant","floor":21,"turns":4},{"damage":14,"enemies":"Slavers","floor":24,"turns":4},{"damage":0,"enemies":"Gremlin Leader","floor":28,"turns":5},{"damage":0,"enemies":"Slavers","floor":30,"turns":3},{"damage":4,"enemies":"Gremlin Leader","floor":31,"turns":4},{"damage":17,"enemies":"Champ","floor":33,"turns":7},{"damage":14,"enemies":"3 Darklings","floor":35,"turns":3},{"damage":0,"enemies":"Orb Walker","floor":37,"turns":2},{"damage":0,"enemies":"Transient","floor":38,"turns":5},{"damage":1,"enemies":"2 Orb Walkers","floor":40,"turns":3},{"damage":1,"enemies":"Giant Head","floor":42,"turns":4},{"damage":0,"enemies":"2 Orb Walkers","floor":45,"turns":2},{"damage":0,"enemies":"3 Darklings","floor":47,"turns":2},{"damage":13,"enemies":"Donu and Deca","floor":50,"turns":4}],"seed_played":"2862271850223823728","potions_obtained":[{"floor":1,"key":"Energy Potion"},{"floor":6,"key":"Ancient Potion"},{"floor":7,"key":"EssenceOfSteel"},{"floor":7,"key":"Strength Potion"},{"floor":8,"key":"EssenceOfSteel"},{"floor":11,"key":"Ancient Potion"},{"floor":16,"key":"Ancient Potion"},{"floor":18,"key":"Block Potion"},{"floor":21,"key":"Explosive Potion"},{"floor":24,"key":"Weak Potion"},{"floor":31,"key":"AttackPotion"},{"floor":35,"key":"Fire Potion"}],"is_trial":false,"path_per_floor":["M","M","M","?","?","E","?","M","T","?","E","R","E","T","R","B",null,"M","M","$","M","?","R","E","R","T","R","E","?","E","E","R","B",null,"M","?","M","M","?","E","R","E","T","$","E","$","M","$","R","B"],"character_chosen":"THE_SILENT","items_purchased":["Finesse","Violence","Turnip","Shuriken"],"campfire_rested":5,"item_purchase_floors":[20,20,44,46],"current_hp_per_floor":[49,48,46,46,46,12,12,7,7,7,5,26,21,21,42,30,60,60,60,60,43,43,43,29,50,50,50,50,50,50,46,67,50,65,51,51,51,51,51,50,50,49,49,49,51,51,53,53,74,61],"gold":29,"neow_bonus":"ONE_RARE_RELIC","is_prod":false,"is_daily":false,"chose_seed":false,"campfire_upgraded":0,"win_rate":0,"timestamp":1536353011,"path_taken":["M","M","M","?","?","E","?","M","T","?","E","R","E","?","R","BOSS","M","M","$","M","?","R","E","R","T","R","E","?","E","E","R","BOSS","M","?","?","M","?","E","R","E","T","$","E","?","?","$","R","BOSS"],"build_version":"2018-09-06","purchased_purges":0,"victory":true,"max_hp_per_floor":[70,70,70,70,70,70,70,70,70,70,70,70,70,70,70,70,70,70,70,70,70,70,70,70,70,70,70,70,70,70,70,70,70,70,70,70,70,70,70,70,70,70,70,70,72,72,74,74,74,74],"card_choices":[{"not_picked":["Prepared","Underhanded Strike"],"picked":"Blade Dance","floor":1},{"not_picked":["Underhanded Strike","Quick Slash"],"picked":"Cloak And Dagger","floor":2},{"not_picked":["Dagger Spray","Eviscerate"],"picked":"Crippling Poison","floor":3},{"not_picked":["Skewer","Outmaneuver"],"picked":"Endless Agony","floor":6},{"not_picked":["Choke","Slice"],"picked":"Backstab","floor":8},{"not_picked":["Choke","Blade Dance"],"picked":"Infinite Blades","floor":11},{"not_picked":["Quick Slash","Malaise"],"picked":"Calculated Gamble","floor":13},{"not_picked":["After Image","Night Terror"],"picked":"Venomology","floor":16},{"not_picked":["Underhanded Strike","Finisher+1"],"picked":"Backstab+1","floor":18},{"not_picked":["Backflip","Heel Hook"],"picked":"Cloak And Dagger","floor":19},{"not_picked":["Dodge and Roll","Quick Slash","Dagger Spray"],"picked":"SKIP","floor":21},{"not_picked":["Outmaneuver","Grand Finale"],"picked":"Flying Knee","floor":24},{"not_picked":["Well Laid Plans","Dagger Spray+1"],"picked":"Accuracy","floor":28},{"not_picked":["All Out Attack+1","Reflex"],"picked":"Cloak And Dagger+1","floor":30},{"not_picked":["Blur","Dagger Throw+1"],"picked":"Blade Dance","floor":31},{"not_picked":["Die Die Die+1","A Thousand Cuts"],"picked":"Envenom","floor":33},{"not_picked":["Choke+1"],"picked":"SKIP","floor":35},{"not_picked":["Dodge and Roll"],"picked":"SKIP","floor":37},{"not_picked":[],"picked":"Bane+1","floor":38},{"not_picked":[],"picked":"Finisher+1","floor":40},{"not_picked":[],"picked":"Footwork+1","floor":42},{"not_picked":["Quick Slash+1"],"picked":"Singing Bowl","floor":45},{"not_picked":["Underhanded Strike+1"],"picked":"Singing Bowl","floor":47}],"player_experience":99732,"relics_obtained":[{"floor":6,"key":"Bronze Scales"},{"floor":9,"key":"Matryoshka"},{"floor":11,"key":"Thread and Needle"},{"floor":13,"key":"Girya"},{"floor":14,"key":"Tiny Chest"},{"floor":14,"key":"WingedGreaves"},{"floor":24,"key":"Molten Egg 2"},{"floor":26,"key":"War Paint"},{"floor":26,"key":"Incense Burner"},{"floor":28,"key":"Snake Skull"},{"floor":30,"key":"PreservedInsect"},{"floor":31,"key":"Mummified Hand"},{"floor":40,"key":"Torii"},{"floor":42,"key":"Happy Flower"},{"floor":43,"key":"Singing Bowl"},{"floor":45,"key":"Lantern"}],"event_choices":[{"event_name":"Bonfire Elementals","player_choice":"BASIC","floor":4,"damage_taken":0},{"event_name":"Scrap Ooze","player_choice":"unsuccessful","floor":5,"damage_taken":0},{"event_name":"The Woman in Blue","player_choice":"Bought 2 Potions","floor":7,"damage_taken":0},{"event_name":"Shining Light","player_choice":"Ignored","floor":10,"damage_taken":0},{"event_name":"Nest","player_choice":"Stole From Cult","floor":22,"damage_taken":0},{"event_name":"The Mausoleum","player_choice":"Yes","floor":29,"damage_taken":0},{"event_name":"WeMeetAgain","player_choice":"Potion","floor":36,"damage_taken":0},{"event_name":"Falling","player_choice":"Removed Skill","floor":39,"damage_taken":0}],"is_beta":false,"boss_relics":[{"not_picked":["Calling Bell","Lizard Tail"],"picked":"Ring of the Serpent"},{"not_picked":["Velvet Choker","Snecko Eye"],"picked":"Busted Crown"}],"items_purged_floors":[],"is_endless":false,"potions_floor_spawned":[1,6,8,11,16,18,21,24,31,35,42,45],"ascension_level":5}