{"path_per_floor":["M","M","M","$","M","E","M","M","T","R","M","?","M","M","R","B",null,"M"],"character_chosen":"IRONCLAD","items_purchased":["Iron Wave"],"gold_per_floor":[117,137,152,28,48,75,90,100,174,174,184,184,200,216,216,311,311,329],"floor_reached":19,"campfire_rested":1,"playtime":1373,"current_hp_per_floor":[74,80,67,67,57,38,37,35,35,35,41,61,47,49,73,21,65,32],"items_purged":["Defend_R"],"gold":329,"play_id":"7f7792e1-0b74-4407-8933-eb6b6f62b235","is_prod":false,"is_daily":false,"is_ascension_mode":true,"campfire_upgraded":1,"path_taken":["M","M","M","$","M","E","M","M","T","R","M","?","?","M","R","BOSS","M","M"],"build_version":"2018-02-01-PROD3","purchased_purges":1,"victory":false,"master_deck":["Strike_R","Strike_R","Strike_R","Strike_R","Strike_R","Defend_R","Defend_R","Bash","Whirlwind+1","Iron Wave","Spot Weakness","True Grit","Rampage","Parasite","Pommel Strike","Pommel Strike"],"max_hp_per_floor":[80,80,80,80,80,80,80,80,80,80,80,80,80,80,80,80,80,80],"relics":["Burning Blood","The Courier","Blue Candle","Orrery"],"card_choices":[{"not_picked":["Thunderclap","Disarm"],"picked":"Whirlwind"},{"not_picked":["Warcry","Inflame"],"picked":"Spot Weakness"},{"not_picked":["Sentinel","Flame Barrier"],"picked":"True Grit"},{"not_picked":["Body Slam","Uppercut"],"picked":"Rampage"},{"not_picked":["Infernal Blade","Sword Boomerang"],"picked":"Pommel Strike"},{"not_picked":["Armaments","Ghostly Armor"],"picked":"Pommel Strike"}],"player_experience":204348,"potions_floor_usage":[6,11,16,19],"damage_taken":[{"damage":12,"enemies":"Jaw Worm","floor":1,"turns":3},{"damage":0,"enemies":"2 Louse","floor":2,"turns":1},{"damage":19,"enemies":"Blue Slaver","floor":3,"turns":4},{"damage":16,"enemies":"Looter","floor":5,"turns":4},{"damage":25,"enemies":"Gremlin Nob","floor":6,"turns":4},{"damage":7,"enemies":"Large Slime","floor":7,"turns":5},{"damage":8,"enemies":"2 Fungi Beasts","floor":8,"turns":3},{"damage":0,"enemies":"Gremlin Gang","floor":11,"turns":3},{"damage":20,"enemies":"3 Louse","floor":13,"turns":3},{"damage":4,"enemies":"2 Fungi Beasts","floor":14,"turns":3},{"damage":58,"enemies":"The Guardian","floor":16,"turns":11},{"damage":39,"enemies":"Spheric Guardian","floor":18,"turns":5},{"damage":46,"enemies":"Chosen","floor":19,"turns":5}],"event_choices":[{"event_name":"Mushrooms","player_choice":"Healed and dodged fight","floor":12,"damage_taken":0}],"boss_relics":[{"not_picked":["Calling Bell","Black Star"],"picked":"Orrery"}],"potions_floor_spawned":[2,5,6,7,18],"seed_played":"8665124336008657280","killed_by":"Chosen","ascension_level":5,"is_trial":false}