{"gold_per_floor":[116,116,116,134,5,5,5,45,120,120,145,145,170,183,183,183],"floor_reached":16,"playtime":765,"items_purged":["Injury"],"score":181,"play_id":"deb21f4b-92cf-41ac-bbcd-e8c387d3100e","local_time":"20181129003340","is_ascension_mode":true,"campfire_choices":[{"data":"Outmaneuver","floor":6,"key":"SMITH"},{"data":"Escape Plan","floor":10,"key":"SMITH"},{"floor":15,"key":"REST"}],"neow_cost":"NONE","seed_source_timestamp":1285701034277411,"circlet_count":0,"master_deck":["Defend_G","Defend_G","Defend_G","Defend_G","Defend_G","Strike_G","Strike_G","Strike_G","Strike_G+1","Strike_G","Survivor","Neutralize+1","Backflip+1","Heel Hook","Outmaneuver+1","Escape Plan+1","Prepared+1","Dagger Throw","Flying Knee"],"special_seed":0,"relics":["Ring of the Snake","NeowsBlessing","Golden Idol","Regal Pillow","Blue Candle"],"potions_floor_usage":[16,16,16],"damage_taken":[{"damage":0.0,"enemies":"Jaw Worm","floor":1.0,"turns":1.0},{"damage":0.0,"enemies":"2 Louse","floor":4.0,"turns":1.0},{"damage":0,"enemies":"Lagavulin","floor":8,"turns":1},{"damage":1,"enemies":"Small Slimes","floor":11,"turns":4},{"damage":14,"enemies":"Exordium Thugs","floor":13,"turns":5},{"damage":0,"enemies":"Large Slime","floor":14,"turns":8},{"damage":81,"enemies":"Slime Boss","floor":16,"turns":13}],"seed_played":"-2164595962161725549","potions_obtained":[{"floor":1.0,"key":"SteroidPotion"},{"floor":8,"key":"Dexterity Potion"},{"floor":11,"key":"EssenceOfSteel"}],"is_trial":false,"path_per_floor":["M","?","?","M","$","R","?","E","T","R","M","?","M","M","R","B"],"character_chosen":"THE_SILENT","items_purchased":["Outmaneuver"],"campfire_rested":1,"item_purchase_floors":[5],"current_hp_per_floor":[63,63,63,63,63,63,63,63,63,63,62,48,34,34,70,0],"gold":183,"neow_bonus":"THREE_ENEMY_KILL","is_prod":false,"is_daily":false,"chose_seed":false,"campfire_upgraded":2,"win_rate":0,"timestamp":1543469620,"path_taken":["M","?","?","M","$","R","?","E","T","R","?","?","M","M","R","BOSS"],"build_version":"2018-11-15","purchased_purges":1,"victory":false,"max_hp_per_floor":[70,70,70,70,70,70,70,70,70,70,70,70,70,70,70,70],"card_choices":[{"not_picked":["Well Laid Plans","Masterful Stab"],"picked":"Backflip","floor":1.0},{"not_picked":["Dash","Bane"],"picked":"Heel Hook","floor":4.0},{"not_picked":["Calculated Gamble","Blur"],"picked":"Escape Plan","floor":8},{"not_picked":["Endless Agony","Slice"],"picked":"Prepared","floor":11},{"not_picked":["Slice","PiercingWail"],"picked":"Dagger Throw","floor":13},{"not_picked":["Underhanded Strike","Masterful Stab"],"picked":"Flying Knee","floor":14}],"player_experience":841446,"relics_obtained":[{"floor":8,"key":"Regal Pillow"},{"floor":9,"key":"Blue Candle"}],"event_choices":[{"damage_healed":0.0,"max_hp_gain":0.0,"max_hp_loss":0.0,"gold_gain":0.0,"event_name":"Living Wall","player_choice":"Grow","floor":2.0,"gold_loss":0.0,"damage_taken":0.0,"cards_upgraded":["Backflip"]},{"damage_healed":0.0,"max_hp_gain":0.0,"max_hp_loss":0.0,"gold_gain":0.0,"event_name":"Golden Idol","player_choice":"Take Wound","floor":3.0,"gold_loss":0.0,"damage_taken":0.0,"relics_obtained":["Golden Idol"],"cards_obtained":["Injury"]},{"damage_healed":0,"gold_gain":0,"player_choice":"Forge","damage_taken":0,"max_hp_gain":0,"max_hp_loss":0,"event_name":"Accursed Blacksmith","floor":7,"gold_loss":0,"cards_upgraded":["Neutralize"]},{"damage_healed":0,"gold_gain":0,"player_choice":"Entered Light","damage_taken":14,"max_hp_gain":0,"max_hp_loss":0,"event_name":"Shining Light","floor":12,"gold_loss":0,"cards_upgraded":["Strike_G","Prepared"]}],"is_beta":false,"boss_relics":[],"items_purged_floors":[5],"is_endless":false,"potions_floor_spawned":[1,8,11,14],"killed_by":"Slime Boss","ascension_level":9}