{"gold_per_floor":[110,110,126,141,91,125,136,156,179,179,196,259,50,60,60,155,155,170,108,108,108,108,135,135,49,100,118,118],"floor_reached":28,"playtime":1515,"items_purged":[],"score":298,"play_id":"f7658d76-695a-453a-b639-c1c9326af7f0","local_time":"20181202114535","is_ascension_mode":true,"campfire_choices":[{"floor":15,"key":"REST"},{"data":"Neutralize","floor":24,"key":"SMITH"}],"neow_cost":"NONE","seed_source_timestamp":739501853687794,"circlet_count":0,"master_deck":["Defend_G","Defend_G","Defend_G","Defend_G","Strike_G+1","Strike_G","Strike_G","Strike_G","Survivor","Neutralize+1","Acrobatics","Crippling Poison","Calculated Gamble","Backstab","Dash+1","Unload","Dash","Burst","Poisoned Stab","A Thousand Cuts+1","Acrobatics+1","Caltrops+1","Poisoned Stab","Normality","Distraction","Noxious Fumes+1","Dash","Pain","Distraction"],"relics":["Ring of the Snake","NeowsBlessing","The Courier","Whetstone","Frozen Egg 2","Tiny Chest","Ornamental Fan","Cursed Key","Orichalcum","Oddly Smooth Stone","Bag of Marbles"],"potions_floor_usage":[6,8,16,18,27],"damage_taken":[{"damage":0,"enemies":"Cultist","floor":1,"turns":1},{"damage":0,"enemies":"Small Slimes","floor":3,"turns":1},{"damage":0,"enemies":"Jaw Worm","floor":4,"turns":1},{"damage":39,"enemies":"3 Sentries","floor":6,"turns":12},{"damage":4,"enemies":"Blue Slaver","floor":7,"turns":5},{"damage":7,"enemies":"Large Slime","floor":8,"turns":6},{"damage":1,"enemies":"3 Louse","floor":11,"turns":2},{"damage":13,"enemies":"Gremlin Nob","floor":12,"turns":5},{"damage":1,"enemies":"Gremlin Gang","floor":14,"turns":4},{"damage":15,"enemies":"Hexaghost","floor":16,"turns":9},{"damage":4,"enemies":"Spheric Guardian","floor":18,"turns":5},{"damage":60,"enemies":"Gremlin Leader","floor":23,"turns":7},{"damage":2,"enemies":"2 Thieves","floor":27,"turns":3},{"damage":19,"enemies":"Book of Stabbing","floor":28,"turns":3}],"seed_played":"-7444026782923100875","potions_obtained":[{"floor":3,"key":"LiquidBronze"},{"floor":7,"key":"Fire Potion"},{"floor":11,"key":"Poison Potion"},{"floor":16,"key":"LiquidBronze"},{"floor":23,"key":"Poison Potion"}],"is_trial":false,"path_per_floor":["M","?","M","M","?","E","M","M","T","T","M","E","$","M","R","B",null,"M","$","?","T","?","E","R","$","T","M","E"],"character_chosen":"THE_SILENT","items_purchased":["Ornamental Fan","Caltrops+1","Noxious Fumes+1","Dash"],"campfire_rested":1,"item_purchase_floors":[13,19,25,25],"current_hp_per_floor":[70,70,70,70,70,31,27,20,20,20,19,6,6,5,26,11,70,66,66,66,66,70,10,10,10,10,8,0],"gold":118,"neow_bonus":"THREE_ENEMY_KILL","is_prod":false,"is_daily":false,"chose_seed":false,"campfire_upgraded":1,"win_rate":0,"timestamp":1543769135,"path_taken":["M","?","M","?","?","E","M","M","T","?","M","E","?","M","R","BOSS","M","$","?","?","?","E","R","$","T","M","E"],"build_version":"2018-11-15","purchased_purges":0,"victory":false,"max_hp_per_floor":[70,70,70,70,70,70,70,70,70,70,70,70,70,70,70,70,70,70,70,70,70,70,70,70,70,70,70,70],"card_choices":[{"not_picked":["Prepared","Dagger Throw"],"picked":"Acrobatics","floor":1},{"not_picked":["Blade Dance","Setup"],"picked":"Crippling Poison","floor":3},{"not_picked":["Backflip","Sucker Punch"],"picked":"Calculated Gamble","floor":4},{"not_picked":["Flying Knee","Outmaneuver"],"picked":"Backstab","floor":6},{"not_picked":["Calculated Gamble","Poisoned Stab"],"picked":"Dash","floor":7},{"not_picked":["Prepared","Cloak And Dagger"],"picked":"Unload","floor":8},{"not_picked":["Eviscerate","Deflect"],"picked":"Dash","floor":11},{"not_picked":["Eviscerate","Skewer"],"picked":"Burst","floor":12},{"not_picked":["PiercingWail","Acrobatics"],"picked":"Poisoned Stab","floor":14},{"not_picked":["Grand Finale","Die Die Die"],"picked":"A Thousand Cuts+1","floor":16},{"not_picked":["All Out Attack","PiercingWail"],"picked":"Acrobatics+1","floor":18},{"not_picked":["Backflip","Setup+1"],"picked":"Distraction","floor":23},{"not_picked":["Blur","Predator"],"picked":"Distraction","floor":27}],"player_experience":242768,"relics_obtained":[{"floor":6,"key":"The Courier"},{"floor":9,"key":"Whetstone"},{"floor":10,"key":"Frozen Egg 2"},{"floor":12,"key":"Tiny Chest"},{"floor":21,"key":"Orichalcum"},{"floor":23,"key":"Oddly Smooth Stone"},{"floor":26,"key":"Bag of Marbles"}],"event_choices":[{"cards_removed":["Strike_G"],"damage_healed":0,"gold_gain":0,"player_choice":"Offered Basic","damage_taken":0,"max_hp_gain":0,"max_hp_loss":0,"event_name":"Bonfire Elementals","floor":2,"gold_loss":0},{"cards_removed":["Defend_G"],"damage_healed":0,"gold_gain":0,"player_choice":"Card Removal","damage_taken":0,"max_hp_gain":0,"max_hp_loss":0,"event_name":"The Cleric","floor":5,"gold_loss":50},{"damage_healed":0,"gold_gain":0,"player_choice":"Read","damage_taken":0,"max_hp_gain":0,"max_hp_loss":0,"event_name":"The Library","floor":20,"gold_loss":0,"cards_obtained":["Poisoned Stab"]},{"damage_healed":4,"gold_gain":0,"player_choice":"Full Heal","damage_taken":0,"max_hp_gain":0,"max_hp_loss":0,"event_name":"Wheel of Change","floor":22,"gold_loss":0}],"is_beta":false,"boss_relics":[{"not_picked":["Runic Dome","Empty Cage"],"picked":"Cursed Key"}],"items_purged_floors":[],"is_endless":false,"potions_floor_spawned":[3,7,11,16,23],"killed_by":"Book of Stabbing","ascension_level":4}