{"path_per_floor":["M","?","M","M","$","M","R","$","T","M","R","$","M","M","R","B",null,"M","$","M","M","$","?","?"],"character_chosen":"DEFECT","items_purchased":["Darkness","Static Discharge","Capacitor","Buffer"],"gold_per_floor":[113,113,132,149,4,18,18,18,45,64,64,11,29,41,41,142,142,156,81,99,113,35,35,35,35],"floor_reached":25,"campfire_rested":1,"playtime":2370,"current_hp_per_floor":[75,60,60,60,60,52,52,52,52,46,46,46,43,34,56,41,75,34,34,23,1,1,1,1,0],"items_purged":["Strike_B"],"gold":35,"score":195,"play_id":"caeac432-f0db-49e9-882a-e58440115225","local_time":"20180427135305","is_prod":false,"is_daily":false,"chose_seed":false,"is_ascension_mode":false,"campfire_upgraded":2,"timestamp":1524851585,"path_taken":["M","?","M","M","$","M","R","$","T","M","R","$","M","M","R","BOSS","M","$","M","M","$","?","?","M"],"build_version":"2018-04-26v2","seed_source_timestamp":1120083225316269,"purchased_purges":1,"victory":false,"master_deck":["Strike_B","Strike_B+1","Strike_B+1","Defend_B","Defend_B","Defend_B","Defend_B","Zap","Dualcast","Sunder+1","Hello World","Static Discharge","Darkness","Static Discharge","Capacitor+1","Ball Lightning","Capacitor","Flux Capacitor","Cold Snap","Genetic Algorithm","Machine Learning","Defragment","Barrage+1","Impulse","Buffer"],"max_hp_per_floor":[75,75,75,75,75,75,75,75,75,75,75,75,75,75,75,75,75,75,75,75,75,75,75,75,75],"relics":["Cracked Core","NeowsBlessing","Dream Catcher","Cursed Key"],"card_choices":[{"not_picked":["Melter","Turbo"],"picked":"Sunder","floor":1},{"not_picked":["Conserve Battery","Rebound"],"picked":"Hello World","floor":3},{"not_picked":["Rebound","Hologram"],"picked":"Static Discharge","floor":4},{"not_picked":["Hologram","Rebound"],"picked":"Capacitor","floor":6},{"not_picked":["Sweeping Beam","Go for the Eyes"],"picked":"Ball Lightning","floor":10},{"not_picked":["Leap","Impulse"],"picked":"Flux Capacitor","floor":13},{"not_picked":["Biased Cognition","Streamline"],"picked":"Cold Snap","floor":14},{"not_picked":["Glacier","Streamline"],"picked":"Genetic Algorithm","floor":15},{"not_picked":["All For One","Biased Cognition"],"picked":"Machine Learning","floor":16},{"not_picked":["Ball Lightning","Sweeping Beam"],"picked":"Defragment","floor":18},{"not_picked":["Glacier","Genetic Algorithm"],"picked":"Barrage","floor":20},{"not_picked":["Cold Snap","Doom and Gloom"],"picked":"Impulse","floor":21}],"player_experience":15547,"potions_floor_usage":[6,16,16,20],"damage_taken":[{"damage":0,"enemies":"Cultist","floor":1,"turns":1},{"damage":0,"enemies":"Small Slimes","floor":3,"turns":1},{"damage":0,"enemies":"Jaw Worm","floor":4,"turns":1},{"damage":8,"enemies":"Exordium Wildlife","floor":6,"turns":4},{"damage":6,"enemies":"Red Slaver","floor":10,"turns":3},{"damage":3,"enemies":"2 Fungi Beasts","floor":13,"turns":4},{"damage":9,"enemies":"Blue Slaver","floor":14,"turns":5},{"damage":15,"enemies":"Hexaghost","floor":16,"turns":9},{"damage":41,"enemies":"2 Thieves","floor":18,"turns":4},{"damage":11,"enemies":"Chosen","floor":20,"turns":4},{"damage":22,"enemies":"3 Cultists","floor":21,"turns":4},{"damage":10,"enemies":"Chosen and Byrds","floor":25,"turns":2}],"event_choices":[{"event_name":"Shining Light","player_choice":"Entered Light","floor":2,"damage_taken":0},{"event_name":"Drug Dealer","player_choice":"Ignored","floor":23,"damage_taken":0},{"event_name":"Vampires","player_choice":"Ignored","floor":24,"damage_taken":0}],"boss_relics":[{"not_picked":["Orrery","Eternal Feather"],"picked":"Cursed Key"}],"potions_floor_spawned":[1,4,13,14],"seed_played":"4608969999653729771","killed_by":"Chosen and Byrds","ascension_level":0,"is_trial":false}