{"gold_per_floor":[111,38,38,213,227,252,136,164,164,164,182,214,231,248,248,352,352,364,378,63,63,63,88,88,98,123,39,52,72,72,103,103,201,201,216,216,231,231,138,138],"floor_reached":40,"playtime":3067,"items_purged":["Shame","Parasite","Injury"],"score":766,"play_id":"92d75153-9e00-49b1-9ebe-ebeae37570a5","local_time":"20190303134555","is_ascension_mode":true,"campfire_choices":[{"data":"Noxious Fumes","floor":15,"key":"SMITH"},{"floor":24,"key":"REST"},{"floor":30,"key":"REST"},{"data":"Noxious Fumes","floor":32,"key":"SMITH"}],"neow_cost":"NONE","seed_source_timestamp":1453267232172400,"circlet_count":0,"master_deck":["AscendersBane","Defend_G","Defend_G","Defend_G","Defend_G","Defend_G","Strike_G","Strike_G","Strike_G","Strike_G+1","Strike_G","Survivor","Neutralize","Acrobatics+1","Noxious Fumes+1","Infinite Blades","Crippling Poison","Accuracy","Dash","Well Laid Plans","PiercingWail","Cloak And Dagger","Backflip","Catalyst","Doppelganger","Noxious Fumes+1","Footwork","Blur+1","Footwork","Deadly Poison","Corpse Explosion","Footwork+1","Accuracy"],"relics":["Ring of the Snake","NeowsBlessing","Matryoshka","Meat on the Bone","Potion Belt","Bottled Tornado","Pantograph","Calling Bell","Bronze Scales","Singing Bowl","Dead Branch","Membership Card","Smiling Mask","Oddly Smooth Stone","Snake Skull","Orichalcum","Cursed Key","Letter Opener"],"potions_floor_usage":[12,13,18,19,23,23,23,23,29,29,40,40],"damage_taken":[{"damage":0,"enemies":"Cultist","floor":1,"turns":1},{"damage":0,"enemies":"2 Louse","floor":5,"turns":1},{"damage":0,"enemies":"3 Sentries","floor":6,"turns":2},{"damage":26,"enemies":"Lagavulin","floor":8,"turns":9},{"damage":4,"enemies":"Small Slimes","floor":11,"turns":4},{"damage":16,"enemies":"3 Sentries","floor":12,"turns":6},{"damage":1,"enemies":"Blue Slaver","floor":13,"turns":5},{"damage":4,"enemies":"Red Slaver","floor":14,"turns":5},{"damage":51,"enemies":"Slime Boss","floor":16,"turns":9},{"damage":9,"enemies":"Spheric Guardian","floor":18,"turns":5},{"damage":28,"enemies":"2 Thieves","floor":19,"turns":5},{"damage":20,"enemies":"Gremlin Leader","floor":23,"turns":7},{"damage":12,"enemies":"Centurion and Healer","floor":25,"turns":7},{"damage":14,"enemies":"Sentry and Sphere","floor":28,"turns":5},{"damage":22,"enemies":"Shelled Parasite and Fungi","floor":29,"turns":6},{"damage":21,"enemies":"Book of Stabbing","floor":31,"turns":8},{"damage":3,"enemies":"Champ","floor":33,"turns":7},{"damage":4,"enemies":"Orb Walker","floor":35,"turns":4},{"damage":19,"enemies":"3 Darklings","floor":37,"turns":4},{"damage":64,"enemies":"Nemesis","floor":40,"turns":7}],"seed_played":"6033197892163110809","potions_obtained":[{"floor":8,"key":"Swift Potion"},{"floor":11,"key":"SmokeBomb"},{"floor":12,"key":"GhostInAJar"},{"floor":14,"key":"Dexterity Potion"},{"floor":16,"key":"FearPotion"},{"floor":19,"key":"SteroidPotion"},{"floor":22,"key":"EssenceOfSteel"},{"floor":22,"key":"AttackPotion"},{"floor":23,"key":"SpeedPotion"},{"floor":28,"key":"Weak Potion"},{"floor":35,"key":"GamblersBrew"}],"is_trial":false,"path_per_floor":["M","$","?","?","M","E","$","E","T","?","M","E","M","M","R","B",null,"M","M","$","?","?","E","R","M","T","$","M","M","R","E","R","B",null,"M","T","M","?","$","E"],"character_chosen":"THE_SILENT","items_purchased":["Noxious Fumes","Accuracy","Dash","Membership Card","Footwork","EssenceOfSteel","Footwork","Accuracy","AttackPotion"],"campfire_rested":2,"item_purchase_floors":[2,7,7,20,20,20,27,39,39],"current_hp_per_floor":[63,63,49,49,49,49,49,23,23,16,24,20,31,39,39,25,59,50,36,36,36,36,30,52,40,40,40,40,30,51,44,44,66,73,71,71,52,52,52,0],"gold":138,"neow_bonus":"THREE_ENEMY_KILL","is_prod":false,"is_daily":false,"chose_seed":false,"campfire_upgraded":2,"win_rate":0,"timestamp":1551638755,"path_taken":["M","?","?","?","M","E","$","E","T","?","M","E","M","M","R","BOSS","M","M","$","?","?","E","R","M","T","$","M","M","R","E","R","BOSS","M","?","M","?","$","E"],"build_version":"2019-01-23","purchased_purges":3,"victory":false,"max_hp_per_floor":[70,70,70,70,70,70,70,70,70,70,70,70,70,70,70,70,70,70,72,72,72,72,74,74,74,74,71,73,73,73,75,75,75,75,77,77,77,77,77,77],"card_choices":[{"not_picked":["Dagger Throw","Finisher"],"picked":"Acrobatics","floor":1},{"not_picked":["Backflip","Quick Slash"],"picked":"Infinite Blades","floor":5},{"not_picked":["Skewer","Prepared"],"picked":"Crippling Poison","floor":6},{"not_picked":["Bane","Glass Knife"],"picked":"Well Laid Plans","floor":8},{"not_picked":["Underhanded Strike","Infinite Blades"],"picked":"PiercingWail","floor":11},{"not_picked":["Sucker Punch","Wraith Form v2"],"picked":"Cloak And Dagger","floor":12},{"not_picked":["Infinite Blades","Underhanded Strike"],"picked":"Backflip","floor":13},{"not_picked":["Prepared","Flechettes"],"picked":"Catalyst","floor":14},{"not_picked":["Wraith Form v2","Night Terror"],"picked":"Doppelganger","floor":16},{"not_picked":["Reflex","Acrobatics"],"picked":"Noxious Fumes","floor":18},{"not_picked":["Sucker Punch+1","Prepared+1","Slice"],"picked":"Singing Bowl","floor":19},{"not_picked":["All Out Attack+1","Masterful Stab","Dagger Throw+1"],"picked":"Singing Bowl","floor":23},{"not_picked":["Corpse Explosion","Blade Dance"],"picked":"Blur+1","floor":25},{"not_picked":["Caltrops+1","Blade Dance","Poisoned Stab"],"picked":"Singing Bowl","floor":28},{"not_picked":["Predator+1","Slice"],"picked":"Deadly Poison","floor":29},{"not_picked":["Deflect+1","Skewer","All Out Attack+1"],"picked":"Singing Bowl","floor":31},{"not_picked":["After Image","Phantasmal Killer"],"picked":"Corpse Explosion","floor":33},{"not_picked":["Flying Knee+1","Acrobatics+1","Quick Slash+1"],"picked":"Singing Bowl","floor":35},{"not_picked":["Bane","Backflip+1"],"picked":"Footwork+1","floor":37}],"player_experience":576264,"relics_obtained":[{"floor":6,"key":"Matryoshka"},{"floor":8,"key":"Meat on the Bone"},{"floor":9,"key":"Potion Belt"},{"floor":9,"key":"Bottled Tornado"},{"floor":12,"key":"Pantograph"},{"floor":17,"key":"Bronze Scales"},{"floor":17,"key":"Singing Bowl"},{"floor":17,"key":"Dead Branch"},{"floor":23,"key":"Smiling Mask"},{"floor":26,"key":"Oddly Smooth Stone"},{"floor":26,"key":"Snake Skull"},{"floor":31,"key":"Orichalcum"},{"floor":36,"key":"Letter Opener"}],"event_choices":[{"damage_healed":0,"gold_gain":0,"player_choice":"Entered Light","damage_taken":14,"max_hp_gain":0,"max_hp_loss":0,"event_name":"Shining Light","floor":3,"gold_loss":0,"cards_upgraded":["Acrobatics","Strike_G"]},{"damage_healed":0,"gold_gain":175,"player_choice":"AGREE","damage_taken":0,"max_hp_gain":0,"max_hp_loss":0,"event_name":"Liars Game","floor":4,"gold_loss":0,"cards_obtained":["Doubt"]},{"cards_removed":["Doubt"],"damage_healed":0,"gold_gain":0,"player_choice":"Card Removal","damage_taken":7,"max_hp_gain":0,"max_hp_loss":0,"event_name":"Golden Wing","floor":10,"gold_loss":0},{"cards_removed":["Regret"],"damage_healed":0,"gold_gain":0,"player_choice":"Elegance","damage_taken":0,"max_hp_gain":0,"max_hp_loss":0,"event_name":"Back to Basics","floor":21,"gold_loss":0},{"damage_healed":0,"gold_gain":0,"player_choice":"Got Potions","damage_taken":0,"max_hp_gain":0,"max_hp_loss":0,"event_name":"Lab","floor":22,"gold_loss":0},{"damage_healed":0,"gold_gain":0,"player_choice":"Ignored","damage_taken":0,"max_hp_gain":0,"max_hp_loss":0,"event_name":"SecretPortal","floor":38,"gold_loss":0}],"is_beta":false,"boss_relics":[{"not_picked":["Ectoplasm","Fusion Hammer"],"picked":"Calling Bell"},{"not_picked":["Empty Cage","Astrolabe"],"picked":"Cursed Key"}],"items_purged_floors":[20,27,39],"is_endless":false,"potions_floor_spawned":[8,11,12,14,16,19,23,28,35],"killed_by":"Nemesis","ascension_level":11}