{"path_per_floor":["M","M","?","$","M","R","?","M","T","R","M","E","M","?","R","B",null,"M","?","$","M","?","R"],"character_chosen":"IRONCLAD","items_purchased":["Inflame","Flex","Anchor"],"gold_per_floor":[118,132,132,7,19,19,42,62,85,85,99,133,148,148,148,245,245,262,187,30,48,48,48],"floor_reached":24,"campfire_rested":1,"playtime":3306,"current_hp_per_floor":[79,70,70,70,72,72,54,45,45,45,51,36,42,42,42,24,80,44,44,44,29,29,53],"items_purged":[],"gold":48,"score":235,"play_id":"8ecd8f27-ea47-46f4-a0bb-22234d3a24f0","local_time":"20180320195944","is_prod":false,"is_daily":false,"is_ascension_mode":true,"campfire_upgraded":3,"timestamp":1521590384,"path_taken":["M","M","?","$","M","R","?","M","T","R","?","E","?","?","R","BOSS","M","?","$","M","?","R","E"],"build_version":"2018-03-15v3","purchased_purges":0,"victory":false,"master_deck":["Strike_R","Strike_R","Strike_R","Strike_R","Strike_R","Defend_R","Defend_R","Defend_R","Defend_R","Bash","Bloodletting","Flex","Inflame+1","Flex","Rampage+1","Heavy Blade+1","Inflame+1","Sword Boomerang","Demon Form","Warcry"],"max_hp_per_floor":[80,80,80,80,80,80,80,80,80,80,80,80,80,80,80,80,80,80,80,80,80,80,80],"relics":["Burning Blood","Pen Nib","Odd Mushroom","Omamori","Vajra","Sozu","Anchor"],"card_choices":[{"not_picked":["Havoc","Searing Blow"],"picked":"Bloodletting"},{"not_picked":["Wild Strike","Dual Wield"],"picked":"Flex"},{"not_picked":["Clothesline","Cleave"],"picked":"Rampage"},{"not_picked":["Feed","Second Wind"],"picked":"Heavy Blade"},{"not_picked":["Headbutt","Armaments"],"picked":"Inflame"},{"not_picked":["Thunderclap","Flame Barrier"],"picked":"Sword Boomerang"},{"not_picked":["Exhume","Juggernaut"],"picked":"Demon Form"},{"not_picked":["Flame Barrier","Wild Strike"],"picked":"Warcry"}],"player_experience":299210,"potions_floor_usage":[13,16,16],"damage_taken":[{"damage":7,"enemies":"Small Slimes","floor":1,"turns":4},{"damage":15,"enemies":"2 Louse","floor":2,"turns":3},{"damage":4,"enemies":"Cultist","floor":5,"turns":3},{"damage":24,"enemies":"The Mushroom Lair","floor":7,"turns":5},{"damage":15,"enemies":"2 Fungi Beasts","floor":8,"turns":4},{"damage":0,"enemies":"Large Slime","floor":11,"turns":2},{"damage":21,"enemies":"Gremlin Nob","floor":12,"turns":4},{"damage":0,"enemies":"3 Louse","floor":13,"turns":1},{"damage":39,"enemies":"Hexaghost","floor":16,"turns":7},{"damage":42,"enemies":"Shell Parasite","floor":18,"turns":5},{"damage":21,"enemies":"Chosen","floor":21,"turns":3},{"damage":60,"enemies":"Slavers","floor":24,"turns":4}],"event_choices":[{"event_name":"Big Fish","player_choice":"Box","floor":3,"damage_taken":0},{"event_name":"Mushrooms","player_choice":"Fought Mushrooms","floor":7,"damage_taken":0},{"event_name":"Living Wall","player_choice":"Grow","floor":14,"damage_taken":0},{"event_name":"Beggar","player_choice":"Gave Gold","floor":19,"damage_taken":0},{"event_name":"Vampires","player_choice":"Ignored","floor":22,"damage_taken":0}],"boss_relics":[{"not_picked":["Black Blood","Runic Pyramid"],"picked":"Sozu"}],"potions_floor_spawned":[1,5,11,21],"seed_played":"-5115146448267850364","killed_by":"Slavers","ascension_level":4,"is_trial":false}