{"gold_per_floor":[109,120,120,137,147,176,196,211,211,211,272,272,272],"floor_reached":13,"playtime":585,"items_purged":[],"score":136,"play_id":"e56c2d8c-db86-446c-8a59-709ddcbc9d02","local_time":"20181227124429","is_ascension_mode":true,"campfire_choices":[{"floor":10,"key":"REST"}],"neow_cost":"NONE","seed_source_timestamp":78437457185569,"circlet_count":0,"master_deck":["Defend_G","Defend_G","Defend_G","Defend_G","Defend_G","Strike_G","Strike_G","Strike_G","Strike_G","Strike_G","Survivor","Neutralize","Backstab+1","Blade Dance","Backflip","Envenom","Dash","Deflect","Tools of the Trade"],"relics":["Ring of the Snake","Omamori","Paper Crane","Regal Pillow","Tiny Chest"],"potions_floor_usage":[2,4,13],"damage_taken":[{"damage":4,"enemies":"Small Slimes","floor":1,"turns":5},{"damage":0,"enemies":"2 Louse","floor":2,"turns":3},{"damage":0,"enemies":"Jaw Worm","floor":4,"turns":1},{"damage":0,"enemies":"3 Louse","floor":5,"turns":3},{"damage":33,"enemies":"Gremlin Nob","floor":6,"turns":5},{"damage":0,"enemies":"Exordium Wildlife","floor":7,"turns":6},{"damage":4,"enemies":"Looter","floor":8,"turns":3},{"damage":31,"enemies":"Lagavulin","floor":11,"turns":9},{"damage":56,"enemies":"Gremlin Nob","floor":13,"turns":5}],"seed_played":"-1865407537686867961","potions_obtained":[{"floor":1,"key":"SneckoOil"},{"floor":2,"key":"Fire Potion"},{"floor":11,"key":"SpeedPotion"}],"is_trial":false,"path_per_floor":["M","M","?","M","M","E","M","M","T","R","E","?","E"],"character_chosen":"THE_SILENT","items_purchased":[],"campfire_rested":1,"item_purchase_floors":[],"current_hp_per_floor":[59,59,59,59,59,26,26,22,22,58,27,27,0],"gold":272,"neow_bonus":"RANDOM_COMMON_RELIC","is_prod":false,"is_daily":false,"chose_seed":false,"campfire_upgraded":0,"win_rate":0,"timestamp":1545907469,"path_taken":["M","M","?","M","M","E","M","M","T","R","E","?","E"],"build_version":"2018-12-20","purchased_purges":0,"victory":false,"max_hp_per_floor":[70,70,70,70,70,70,70,70,70,70,70,70,70],"card_choices":[{"not_picked":["Skewer","Riddle With Holes"],"picked":"Backstab","floor":1},{"not_picked":["Underhanded Strike","Dagger Throw"],"picked":"Blade Dance","floor":2},{"not_picked":["Dagger Spray","Dodge and Roll"],"picked":"Backflip","floor":4},{"not_picked":["Underhanded Strike","Dagger Spray"],"picked":"Envenom","floor":5},{"not_picked":["Infinite Blades","Terror"],"picked":"Dash","floor":6},{"not_picked":["PiercingWail","Flechettes","Underhanded Strike"],"picked":"SKIP","floor":7},{"not_picked":["Poisoned Stab","Accuracy"],"picked":"Deflect","floor":8},{"not_picked":["Dagger Spray","PiercingWail"],"picked":"Tools of the Trade","floor":11}],"player_experience":217057,"relics_obtained":[{"floor":6,"key":"Paper Crane"},{"floor":9,"key":"Regal Pillow"},{"floor":11,"key":"Tiny Chest"}],"event_choices":[{"damage_healed":0,"gold_gain":0,"player_choice":"Grow","damage_taken":0,"max_hp_gain":0,"max_hp_loss":0,"event_name":"Living Wall","floor":3,"gold_loss":0,"cards_upgraded":["Backstab"]},{"damage_healed":0,"gold_gain":0,"player_choice":"Ignored","damage_taken":0,"max_hp_gain":0,"max_hp_loss":0,"event_name":"Shining Light","floor":12,"gold_loss":0}],"is_beta":false,"boss_relics":[],"items_purged_floors":[],"is_endless":false,"potions_floor_spawned":[1,2,11],"killed_by":"Gremlin Nob","ascension_level":8}