{"path_per_floor":["M","$","?","M","?","R","$","E","T","?","M","?","R","M","R","B",null,"M","?","?","?","?","R","M","$","T","R","M","R","M"],"character_chosen":"IRONCLAD","items_purchased":["Shrug It Off","True Grit","Spot Weakness","Membership Card","Metallicize","Strawberry","Metallicize"],"gold_per_floor":[113,19,194,207,307,307,13,38,38,38,51,78,78,98,98,200,200,216,216,216,216,166,166,183,6,6,6,20,20,30],"floor_reached":31,"campfire_rested":0,"playtime":3251,"current_hp_per_floor":[80,80,80,80,80,80,80,80,80,80,80,54,54,54,54,59,80,73,73,73,65,65,73,48,55,55,63,41,49,19],"items_purged":[],"gold":30,"score":307,"play_id":"6532fa0c-56ad-40c8-aab5-9b6857194de3","local_time":"20180313232508","is_prod":false,"is_daily":false,"is_ascension_mode":true,"campfire_upgraded":6,"timestamp":1520997908,"path_taken":["M","$","?","?","?","R","$","E","T","?","M","?","R","M","R","BOSS","M","?","?","?","?","R","M","$","T","R","M","R","M","M"],"build_version":"2018-03-09","purchased_purges":0,"victory":false,"master_deck":["Strike_R","Strike_R","Strike_R","Strike_R","Strike_R","Defend_R","Defend_R","Defend_R","Defend_R","Bash","Pummel","Shrug It Off","True Grit+1","Spot Weakness+1","Metallicize","Pummel+1","Heavy Blade+1","Dual Wield","Limit Break+1","Heavy Blade+1","Metallicize"],"max_hp_per_floor":[80,80,80,80,80,80,80,80,80,80,80,80,80,80,80,80,80,80,80,80,80,80,80,80,87,87,87,87,87,87],"relics":["Burning Blood","NeowsBlessing","Membership Card","Torii","Ginger","Odd Mushroom","Eternal Feather","Strawberry","Ice Cream"],"card_choices":[{"not_picked":["Iron Wave","Shrug It Off"],"picked":"Pummel"},{"not_picked":["Clash","Shrug It Off"],"picked":"Pummel"},{"not_picked":["Searing Blow","Ghostly Armor"],"picked":"Heavy Blade"},{"not_picked":["Body Slam","Cleave"],"picked":"Dual Wield"},{"not_picked":["Exhume","Berserk"],"picked":"Limit Break"}],"player_experience":258995,"potions_floor_usage":[16,16,30,30,31],"damage_taken":[{"damage":0,"enemies":"Jaw Worm","floor":1,"turns":1},{"damage":0,"enemies":"Cultist","floor":4,"turns":1},{"damage":0,"enemies":"Gremlin Nob","floor":8,"turns":1},{"damage":1,"enemies":"Small Slimes","floor":11,"turns":4},{"damage":32,"enemies":"The Mushroom Lair","floor":12,"turns":5},{"damage":6,"enemies":"Red Slaver","floor":14,"turns":4},{"damage":16,"enemies":"Hexaghost","floor":16,"turns":8},{"damage":13,"enemies":"Chosen","floor":18,"turns":5},{"damage":31,"enemies":"3 Byrds","floor":24,"turns":6},{"damage":28,"enemies":"Snecko","floor":28,"turns":6},{"damage":36,"enemies":"Snake Plant","floor":30,"turns":7},{"damage":20,"enemies":"Cultist and Chosen","floor":31,"turns":5}],"event_choices":[{"event_name":"Liars Game","player_choice":"agreed","floor":3,"damage_taken":0},{"event_name":"Golden Shrine","player_choice":"Pray","floor":5,"damage_taken":0},{"event_name":"Fountain of Cleansing","player_choice":"Removed Curse","floor":10,"damage_taken":0},{"event_name":"Mushrooms","player_choice":"Fought Mushrooms","floor":12,"damage_taken":0},{"event_name":"The Lab","player_choice":"Got Potions","floor":19,"damage_taken":0},{"event_name":"Match and Keep!","player_choice":"1 cards matched","floor":20,"damage_taken":0},{"event_name":"Knowing Skull","player_choice":"","floor":21,"damage_taken":0},{"event_name":"The Joust","player_choice":"Bet on Murderer","floor":22,"damage_taken":0}],"boss_relics":[{"not_picked":["Philosopher\u0027s Stone","Pandora\u0027s Box"],"picked":"Eternal Feather"}],"potions_floor_spawned":[4,8,14,28,30],"seed_played":"-6727526553491577575","killed_by":"Cultist and Chosen","ascension_level":4,"is_trial":false}