{"gold_per_floor":[146,158,170,245,256,256,206,222,222,222,242,242,242],"floor_reached":13,"playtime":450,"items_purged":[],"score":77,"play_id":"00e5cb35-8361-4436-bb00-3079c9ff25cd","local_time":"20190223212920","is_ascension_mode":false,"campfire_choices":[{"data":"Barrage","floor":6,"key":"SMITH"},{"data":"Compile Driver","floor":10,"key":"SMITH"}],"neow_cost":"NONE","seed_source_timestamp":782005503018493,"circlet_count":0,"master_deck":["Strike_B","Strike_B","Strike_B","Defend_B","Defend_B","Defend_B","Defend_B","Zap","Dualcast","Barrage+1","Turbo","Tempest","Compile Driver+1","Coolheaded","Defragment"],"relics":["Cracked Core","Tiny Chest","Shuriken"],"potions_floor_usage":[],"damage_taken":[{"damage":0,"enemies":"2 Louse","floor":1,"turns":2},{"damage":1,"enemies":"Small Slimes","floor":2,"turns":3},{"damage":3,"enemies":"Jaw Worm","floor":3,"turns":3},{"damage":10,"enemies":"Exordium Wildlife","floor":5,"turns":3},{"damage":4,"enemies":"Blue Slaver","floor":8,"turns":4},{"damage":28,"enemies":"Exordium Thugs","floor":11,"turns":4},{"damage":23,"enemies":"Gremlin Gang","floor":13,"turns":2}],"seed_played":"-8008666732497228987","potions_obtained":[{"floor":3,"key":"Strength Potion"},{"floor":5,"key":"Ancient Potion"}],"is_trial":false,"path_per_floor":["M","M","M","?","M","R","?","M","T","R","M","?","M"],"character_chosen":"DEFECT","items_purchased":[],"campfire_rested":0,"item_purchase_floors":[],"current_hp_per_floor":[75,74,71,60,50,50,50,46,46,46,18,18,0],"gold":242,"neow_bonus":"RANDOM_COMMON_RELIC","is_prod":false,"is_daily":false,"chose_seed":false,"campfire_upgraded":2,"win_rate":0,"timestamp":1550975360,"path_taken":["M","M","M","?","M","R","?","M","T","R","M","?","M"],"build_version":"2019-01-23","purchased_purges":0,"victory":false,"max_hp_per_floor":[75,75,75,75,75,75,75,75,75,75,75,75,75],"card_choices":[{"not_picked":["Sweeping Beam","Melter"],"picked":"Barrage","floor":1},{"not_picked":["Steam","Go for the Eyes"],"picked":"Turbo","floor":2},{"not_picked":["Steam Power","Auto Shields"],"picked":"Tempest","floor":3},{"not_picked":["Undo","Turbo"],"picked":"Compile Driver","floor":5},{"not_picked":["Turbo","Leap"],"picked":"Coolheaded","floor":8},{"not_picked":["Reprogram","Rebound"],"picked":"Defragment","floor":11}],"player_experience":1088681,"relics_obtained":[{"floor":9,"key":"Shuriken"}],"event_choices":[{"damage_healed":0,"gold_gain":75,"player_choice":"Gather Gold","damage_taken":11,"max_hp_gain":0,"max_hp_loss":0,"event_name":"World of Goop","floor":4,"gold_loss":0},{"cards_removed":["Strike_B"],"damage_healed":0,"gold_gain":0,"player_choice":"Card Removal","damage_taken":0,"max_hp_gain":0,"max_hp_loss":0,"event_name":"The Cleric","floor":7,"gold_loss":50},{"damage_healed":0,"gold_gain":0,"player_choice":"Searched \u00270\u0027 times","damage_taken":0,"max_hp_gain":0,"max_hp_loss":0,"event_name":"Dead Adventurer","floor":12,"gold_loss":0}],"is_beta":false,"boss_relics":[],"items_purged_floors":[],"is_endless":false,"potions_floor_spawned":[3,5],"killed_by":"Gremlin Gang","ascension_level":0}