{"gold_per_floor":[119,46,46,56,56,84,84,34,34,34,10,10,23,39,39,144,144,154,171,21,21],"floor_reached":21,"playtime":805,"items_purged":["Pain"],"score":221,"play_id":"5e14e3cf-cd95-452f-90f9-a728dc810e14","local_time":"20190201172149","is_ascension_mode":true,"campfire_choices":[{"floor":7,"key":"REST"},{"floor":12,"key":"REST"},{"data":"True Grit","floor":15,"key":"SMITH"}],"neow_cost":"TEN_PERCENT_HP_LOSS","seed_source_timestamp":1898084573821983,"circlet_count":0,"master_deck":["Strike_R","Strike_R","Strike_R","Defend_R","Defend_R","Defend_R","Bash","Trip+1","Blind","Havoc","Rampage","True Grit+1","Thunderclap","Reckless Charge","Wild Strike","Anger","Feel No Pain","Double Tap+1","Writhe","Writhe","Parasite","True Grit","Evolve","Dropkick"],"special_seed":0,"relics":["Burning Blood","Champion Belt","Ornamental Fan","WarpedTongs","Calling Bell","War Paint","Sundial","Ginger"],"potions_floor_usage":[6,19],"damage_taken":[{"damage":7.0,"enemies":"Jaw Worm","floor":1.0,"turns":3.0},{"damage":9.0,"enemies":"Cultist","floor":4.0,"turns":4.0},{"damage":49,"enemies":"3 Sentries","floor":6,"turns":11},{"damage":3,"enemies":"2 Louse","floor":13,"turns":3},{"damage":0,"enemies":"Looter","floor":14,"turns":2},{"damage":41,"enemies":"Slime Boss","floor":16,"turns":11},{"damage":46,"enemies":"3 Byrds","floor":18,"turns":9},{"damage":17,"enemies":"Shell Parasite","floor":19,"turns":7},{"damage":19,"enemies":"Chosen and Byrds","floor":21,"turns":4}],"seed_played":"3411792746501740974","potions_obtained":[{"floor":1.0,"key":"Fire Potion"},{"floor":16,"key":"SkillPotion"},{"floor":19,"key":"LiquidBronze"}],"is_trial":false,"path_per_floor":["M","$","?","M","?","E","R","?","T","?","$","R","M","M","R","B",null,"M","M","$","M"],"character_chosen":"IRONCLAD","items_purchased":["Rampage","Wild Strike","Dropkick"],"campfire_rested":2,"item_purchase_floors":[2,11,20],"current_hp_per_floor":[71,71,71,68,68,25,46,46,46,46,46,67,70,72,72,37,63,23,12,12,0],"gold":21,"neow_bonus":"RANDOM_COLORLESS_2","is_prod":false,"is_daily":false,"chose_seed":false,"campfire_upgraded":1,"win_rate":0,"timestamp":1549070509,"path_taken":["M","$","?","?","?","E","R","?","T","?","$","R","M","M","R","BOSS","M","M","?","M"],"build_version":"2019-01-23","purchased_purges":1,"victory":false,"max_hp_per_floor":[72,72,72,72,72,72,72,72,72,72,72,72,72,72,72,72,72,72,72,72,72],"card_choices":[{"not_picked":["Twin Strike","Flex"],"picked":"Havoc","floor":1.0},{"not_picked":["Flex","Body Slam"],"picked":"True Grit","floor":4.0},{"not_picked":["Havoc","Sword Boomerang"],"picked":"Reckless Charge","floor":6},{"not_picked":["Wild Strike","Cleave"],"picked":"Anger","floor":13},{"not_picked":["Battle Trance","Armaments"],"picked":"Feel No Pain","floor":14},{"not_picked":["Berserk","Barricade"],"picked":"Double Tap","floor":16},{"not_picked":["Twin Strike","Seeing Red+1"],"picked":"True Grit","floor":18},{"not_picked":["Body Slam+1","Twin Strike"],"picked":"Evolve","floor":19}],"player_experience":231426,"relics_obtained":[{"floor":6,"key":"Champion Belt"},{"floor":9,"key":"Ornamental Fan"},{"floor":17,"key":"War Paint"},{"floor":17,"key":"Sundial"},{"floor":17,"key":"Ginger"}],"event_choices":[{"cards_removed":["Strike_R"],"damage_healed":0.0,"max_hp_gain":0.0,"max_hp_loss":0.0,"gold_gain":0.0,"event_name":"Purifier","player_choice":"Purged","floor":3.0,"gold_loss":0.0,"damage_taken":0.0},{"damage_healed":0.0,"max_hp_gain":0.0,"max_hp_loss":0.0,"gold_gain":0.0,"cards_transformed":["Strike_R"],"event_name":"Living Wall","player_choice":"Change","floor":5.0,"gold_loss":0.0,"damage_taken":0.0,"cards_obtained":["Thunderclap"]},{"cards_removed":["Defend_R"],"damage_healed":0,"gold_gain":0,"player_choice":"Card Removal","damage_taken":0,"max_hp_gain":0,"max_hp_loss":0,"event_name":"The Cleric","floor":8,"gold_loss":50},{"damage_healed":0,"gold_gain":0,"player_choice":"Rummage","damage_taken":0,"relics_obtained":["WarpedTongs"],"max_hp_gain":0,"max_hp_loss":0,"event_name":"Accursed Blacksmith","floor":10,"gold_loss":0,"cards_obtained":["Pain"]}],"is_beta":false,"boss_relics":[{"not_picked":["Ectoplasm","Runic Pyramid"],"picked":"Calling Bell"}],"items_purged_floors":[20],"is_endless":false,"potions_floor_spawned":[1,16,19],"killed_by":"Chosen and Byrds","ascension_level":5}