{"gold_per_floor":[116,191,191,205,305,305,340,340,340,350,365,380,380,406,406,485,535,547,559,559],"floor_reached":20,"playtime":1233,"items_purged":[],"score":313,"play_id":"c379b935-68be-464a-90a9-f103d6159043","local_time":"20190115011247","is_ascension_mode":true,"campfire_choices":[{"floor":6.0,"key":"REST"},{"floor":8.0,"key":"REST"},{"floor":13.0,"key":"REST"},{"floor":15.0,"key":"REST"}],"neow_cost":"NONE","seed_source_timestamp":42543463131467,"circlet_count":0,"master_deck":["AscendersBane","Defend_G","Defend_G","Defend_G+1","Defend_G","Defend_G","Strike_G","Strike_G","Strike_G","Strike_G","Strike_G","Survivor+1","Neutralize","Poisoned Stab+1","Leg Sweep","Backflip","Blade Dance","Predator","Flying Knee","Caltrops","Corpse Explosion","Backstab","Backflip"],"special_seed":0,"relics":["Black Star","Bag of Marbles","Pen Nib","Bird Faced Urn","Shovel","Vajra","Tiny House"],"potions_floor_usage":[],"damage_taken":[{"damage":6.0,"enemies":"Cultist","floor":1.0,"turns":5.0},{"damage":3.0,"enemies":"Jaw Worm","floor":4.0,"turns":4.0},{"damage":27.0,"enemies":"Lagavulin","floor":7.0,"turns":11.0},{"damage":0.0,"enemies":"Small Slimes","floor":10.0,"turns":4.0},{"damage":11.0,"enemies":"Gremlin Gang","floor":11.0,"turns":7.0},{"damage":3.0,"enemies":"Blue Slaver","floor":12.0,"turns":5.0},{"damage":9.0,"enemies":"Gremlin Nob","floor":14.0,"turns":4.0},{"damage":38.0,"enemies":"The Guardian","floor":16.0,"turns":16.0},{"damage":0.0,"enemies":"Chosen","floor":18.0,"turns":4.0},{"damage":17,"enemies":"2 Thieves","floor":19,"turns":2},{"damage":42,"enemies":"Sentry and Sphere","floor":20,"turns":7}],"seed_played":"-8696620225202366847","potions_obtained":[{"floor":4.0,"key":"GamblersBrew"},{"floor":10.0,"key":"SteroidPotion"},{"floor":11.0,"key":"Weak Potion"},{"floor":17.0,"key":"Poison Potion"}],"is_trial":false,"path_per_floor":["M","?","?","M","?","R","E","R","T","M","M","M","R","E","R","B",null,"M","M","M"],"character_chosen":"THE_SILENT","items_purchased":[],"campfire_rested":4,"item_purchase_floors":[],"current_hp_per_floor":[53,42,29,26,26,45,18,37,37,37,26,23,42,33,52,16,59,59,42,0],"gold":559,"neow_bonus":"BOSS_RELIC","is_prod":false,"is_daily":false,"chose_seed":true,"campfire_upgraded":0,"win_rate":0,"timestamp":1547507567,"path_taken":["M","?","?","M","?","R","E","R","T","M","M","M","R","E","R","BOSS","M","?","M"],"build_version":"2019-01-10","purchased_purges":0,"victory":false,"max_hp_per_floor":[66,66,66,66,66,66,66,66,66,66,66,66,66,66,66,66,71,71,71,71],"card_choices":[{"not_picked":["Blade Dance","Acrobatics"],"picked":"Poisoned Stab","floor":1.0},{"not_picked":["Dodge and Roll","Bane"],"picked":"Leg Sweep","floor":4.0},{"not_picked":["Sucker Punch","Masterful Stab"],"picked":"Backflip","floor":7.0},{"not_picked":["Dodge and Roll","Skewer"],"picked":"Blade Dance","floor":10.0},{"not_picked":["Blade Dance","Storm of Steel"],"picked":"Predator","floor":11.0},{"not_picked":["Outmaneuver","Catalyst"],"picked":"Flying Knee","floor":12.0},{"not_picked":["Calculated Gamble","All Out Attack"],"picked":"Caltrops","floor":14.0},{"not_picked":["After Image","Night Terror"],"picked":"Corpse Explosion","floor":16.0},{"not_picked":["Blade Dance","Bane"],"picked":"Backstab","floor":17.0},{"not_picked":["Outmaneuver+1","Accuracy","Finisher+1"],"picked":"SKIP","floor":18.0},{"not_picked":["Calculated Gamble+1","Eviscerate"],"picked":"Backflip","floor":19}],"player_experience":289048,"relics_obtained":[{"floor":7.0,"key":"Bag of Marbles"},{"floor":7.0,"key":"Pen Nib"},{"floor":9.0,"key":"Bird Faced Urn"},{"floor":14.0,"key":"Shovel"},{"floor":14.0,"key":"Vajra"}],"event_choices":[{"damage_healed":0.0,"max_hp_gain":0.0,"max_hp_loss":0.0,"gold_gain":75.0,"event_name":"World of Goop","player_choice":"Gather Gold","floor":2.0,"gold_loss":0.0,"damage_taken":11.0},{"damage_healed":0.0,"max_hp_gain":0.0,"max_hp_loss":0.0,"gold_gain":0.0,"event_name":"Shining Light","player_choice":"Entered Light","floor":3.0,"gold_loss":0.0,"damage_taken":13.0,"cards_upgraded":["Defend_G","Survivor"]},{"damage_healed":0.0,"max_hp_gain":0.0,"max_hp_loss":0.0,"gold_gain":100.0,"event_name":"Golden Shrine","player_choice":"Pray","floor":5.0,"gold_loss":0.0,"damage_taken":0.0}],"is_beta":false,"boss_relics":[{"not_picked":["Astrolabe","Coffee Dripper"],"picked":"Tiny House"}],"items_purged_floors":[],"is_endless":false,"potions_floor_spawned":[4,10,11],"killed_by":"Sentry and Sphere","ascension_level":14}