{"path_per_floor":["M","M","?","M","?","R","M","$","T","?","R","M","E","T","R","B",null,"M","M","$","M","?","R","?","M","T","M","M","?","?","M","R"],"character_chosen":"IRONCLAD","items_purchased":["Metallicize","Flex","Inflame","Rage"],"gold_per_floor":[118,128,128,141,141,141,156,28,28,28,28,40,65,92,92,194,194,208,223,42,60,60,60,260,272,572,588,604,604,704,720,720,720],"floor_reached":33,"campfire_rested":1,"playtime":1178,"current_hp_per_floor":[78,80,80,80,80,80,77,77,77,77,77,80,71,71,71,67,77,62,62,62,44,44,44,44,44,44,31,32,32,32,40,64,0],"items_purged":["Injury"],"gold":720,"score":349,"play_id":"8a7a3262-610e-4029-a6f8-35215856a129","local_time":"20180414213418","is_prod":false,"is_daily":false,"chose_seed":false,"is_ascension_mode":true,"campfire_upgraded":3,"timestamp":1523756058,"path_taken":["M","M","?","?","?","R","M","$","T","?","R","M","E","?","R","BOSS","M","M","$","M","?","R","?","M","T","M","M","?","?","M","R","BOSS"],"build_version":"2018-04-12","seed_source_timestamp":25750004971779,"purchased_purges":1,"victory":false,"master_deck":["Strike_R","Strike_R","Strike_R","Strike_R","Strike_R+1","Defend_R","Defend_R","Defend_R","Defend_R","Bash","Perfected Strike+1","Perfected Strike+1","Twin Strike","Metallicize","Flex","Spot Weakness+1","Double Tap","True Grit","Inflame","Rage","Perfected Strike+1","Pommel Strike","Ghostly Armor","Battle Trance","Metallicize+1","Dual Wield"],"max_hp_per_floor":[80,80,80,80,80,80,80,80,80,80,80,80,80,80,80,80,80,80,80,80,80,80,80,80,80,80,80,80,80,80,80,80,80],"relics":["Black Blood","Thread and Needle","Centennial Puzzle","Peace Pipe","Omamori","Prayer Wheel","Old Coin","Juzu Bracelet"],"card_choices":[{"not_picked":["Warcry","Thunderclap"],"picked":"Perfected Strike","floor":1},{"not_picked":["Heavy Blade","Armaments"],"picked":"Perfected Strike","floor":2},{"not_picked":["Flex","Seeing Red"],"picked":"Twin Strike","floor":7},{"not_picked":["Blood for Blood","Sword Boomerang"],"picked":"Spot Weakness","floor":12},{"not_picked":["Limit Break","Juggernaut"],"picked":"Double Tap","floor":16},{"not_picked":["Thunderclap","Heavy Blade"],"picked":"True Grit","floor":19},{"not_picked":["Twin Strike","Reckless Charge"],"picked":"Perfected Strike","floor":21},{"not_picked":["Evolve","True Grit"],"picked":"Pommel Strike","floor":25},{"not_picked":["Havoc","Whirlwind"],"picked":"Ghostly Armor","floor":26},{"not_picked":["Thunderclap","Headbutt"],"picked":"Battle Trance","floor":27},{"not_picked":["Clothesline","Intimidate"],"picked":"Metallicize","floor":28},{"not_picked":["Warcry","Carnage"],"picked":"Dual Wield","floor":31}],"player_experience":450491,"potions_floor_usage":[16,16,25,28,28],"damage_taken":[{"damage":0,"enemies":"Cultist","floor":1,"turns":3},{"damage":2,"enemies":"Jaw Worm","floor":2,"turns":4},{"damage":0,"enemies":"Small Slimes","floor":4,"turns":2},{"damage":9,"enemies":"Red Slaver","floor":7,"turns":2},{"damage":0,"enemies":"2 Fungi Beasts","floor":12,"turns":3},{"damage":15,"enemies":"Gremlin Nob","floor":13,"turns":4},{"damage":10,"enemies":"Hexaghost","floor":16,"turns":9},{"damage":25,"enemies":"2 Thieves","floor":18,"turns":3},{"damage":10,"enemies":"Chosen","floor":19,"turns":4},{"damage":28,"enemies":"Snake Plant","floor":21,"turns":3},{"damage":13,"enemies":"Snecko","floor":25,"turns":3},{"damage":23,"enemies":"Centurion and Healer","floor":27,"turns":6},{"damage":9,"enemies":"Snake Plant","floor":28,"turns":3},{"damage":2,"enemies":"Snecko","floor":31,"turns":3},{"damage":73,"enemies":"Automaton","floor":33,"turns":10}],"event_choices":[{"event_name":"Living Wall","player_choice":"Grow","floor":3,"damage_taken":0},{"event_name":"Upgrade Shrine","player_choice":"Upgraded","floor":5,"damage_taken":0},{"event_name":"Accursed Blacksmith","player_choice":"Rummage","floor":10,"damage_taken":0},{"event_name":"Vampires","player_choice":"Ignored","floor":22,"damage_taken":0},{"event_name":"The Joust","player_choice":"Bet on Owner","floor":24,"damage_taken":0},{"event_name":"The Mausoleum","player_choice":"Yes","floor":29,"damage_taken":0},{"event_name":"Golden Shrine","player_choice":"Pray","floor":30,"damage_taken":0}],"boss_relics":[{"not_picked":["Pandora\u0027s Box","White Beast Statue"],"picked":"Black Blood"}],"potions_floor_spawned":[2,4,21,25,27],"seed_played":"-8580588997624222819","killed_by":"Automaton","ascension_level":6,"is_trial":false}