{"path_per_floor":["M","?","M","?","$","R","M","E","T","?","M","$","R","M","R","B",null,"M","M","?","M"],"character_chosen":"THE_SILENT","items_purchased":["Noxious Fumes","Acrobatics"],"gold_per_floor":[112,112,131,131,4,4,21,52,52,52,72,72,72,82,82,177,177,188,200,115,126],"floor_reached":22,"campfire_rested":1,"playtime":1784,"current_hp_per_floor":[70,67,67,72,72,72,69,46,46,31,22,22,44,44,44,35,75,60,42,42,16],"items_purged":[],"gold":126,"play_id":"f9b4ab68-626c-4b68-b1e4-6d0066b773fc","is_prod":false,"is_daily":false,"is_ascension_mode":false,"campfire_upgraded":2,"path_taken":["M","?","?","?","$","R","M","E","T","?","M","$","R","M","R","BOSS","M","M","?","M","M"],"build_version":"2018-02-01-PROD3","purchased_purges":0,"victory":false,"master_deck":["Defend_G","Defend_G","Defend_G+1","Defend_G","Defend_G","Strike_G+1","Strike_G","Strike_G","Strike_G","Strike_G","Survivor","Neutralize+1","Deadly Poison","Poisoned Stab","Tools of the Trade","Noxious Fumes+1","Acrobatics","Blur","Poisoned Stab","Bane","Envenom","Deadly Poison+1","Infinite Blades+1"],"max_hp_per_floor":[70,70,70,75,75,75,75,75,75,75,75,75,75,75,75,75,75,75,75,75,75],"relics":["Ring of the Snake","Vajra","Happy Flower","Girya","Bag of Preparation"],"card_choices":[{"not_picked":["PiercingWail","Prepared"],"picked":"Deadly Poison"},{"not_picked":["Bane","Dagger Throw"],"picked":"Poisoned Stab"},{"not_picked":["Bane","Dagger Spray"],"picked":"Tools of the Trade"},{"not_picked":["PiercingWail","Crippling Poison"],"picked":"Blur"},{"not_picked":["Bane","Dagger Spray"],"picked":"Poisoned Stab"},{"not_picked":["Quick Slash","Venomology"],"picked":"Bane"},{"not_picked":["Unload","Wraith Form"],"picked":"Envenom"},{"not_picked":["Poisoned Stab","Quick Slash"],"picked":"Deadly Poison"},{"not_picked":["Sucker Punch","Riddle With Holes"],"picked":"Infinite Blades"}],"player_experience":55979,"potions_floor_usage":[8,16,18,19,22],"damage_taken":[{"damage":0,"enemies":"Small Slimes","floor":1,"turns":3},{"damage":0,"enemies":"2 Louse","floor":3,"turns":2},{"damage":3,"enemies":"Jaw Worm","floor":7,"turns":5},{"damage":23,"enemies":"Lagavulin","floor":8,"turns":9},{"damage":9,"enemies":"Red Slaver","floor":11,"turns":4},{"damage":0,"enemies":"Large Slime","floor":14,"turns":5},{"damage":24,"enemies":"The Guardian","floor":16,"turns":8},{"damage":15,"enemies":"Spheric Guardian","floor":18,"turns":5},{"damage":18,"enemies":"3 Byrds","floor":19,"turns":3},{"damage":26,"enemies":"Sentry and Sphere","floor":21,"turns":5},{"damage":19,"enemies":"Centurion and Healer","floor":22,"turns":3}],"event_choices":[{"event_name":"Scrap Ooze","player_choice":"success","floor":2,"damage_taken":3},{"event_name":"Big Fish","player_choice":"Donut","floor":4,"damage_taken":0},{"event_name":"Shining Light","player_choice":"Entered Light","floor":10,"damage_taken":0},{"event_name":"Addict","player_choice":"Obtained Relic","floor":20,"damage_taken":0}],"boss_relics":[{"not_picked":["Snecko Eye","Calling Bell","Ectoplasm"]}],"potions_floor_spawned":[7,8,11,16,21],"seed_played":"6365026758607196539","killed_by":"Centurion and Healer","ascension_level":0,"is_trial":false}