{"gold_per_floor":[109,129,129,191,205,205,218,218,218,247,247,266,63,91,91,165,165,165,175,185,110,120,120,147,147,147,147,158,10,10,44,44,44],"floor_reached":33,"playtime":2331,"items_purged":["Strike_G"],"score":528,"play_id":"9f3a0648-9c28-406a-9c83-e7025ecae862","local_time":"20190303012007","is_ascension_mode":true,"campfire_choices":[{"data":"Predator","floor":6,"key":"SMITH"},{"data":"Neutralize","floor":8,"key":"SMITH"},{"data":"Tools of the Trade","floor":11,"key":"SMITH"},{"data":"Footwork","floor":15,"key":"SMITH"},{"data":"Crippling Poison","floor":23,"key":"SMITH"},{"data":"Venomology","floor":27,"key":"SMITH"},{"data":"Leg Sweep","floor":30,"key":"SMITH"},{"data":"Well Laid Plans","floor":32,"key":"SMITH"}],"neow_cost":"NONE","seed_source_timestamp":279328960606515,"circlet_count":0,"master_deck":["AscendersBane","Defend_G","Defend_G","Defend_G","Defend_G","Strike_G","Strike_G","Strike_G","Strike_G","Survivor","Neutralize+1","Predator+1","Crippling Poison+1","Tools of the Trade+1","Footwork+1","Leg Sweep+1","Venomology+1","Deflect+1","Dagger Spray","Crippling Poison+1","Bullet Time","Well Laid Plans+1"],"relics":["Ring of the Snake","Meat on the Bone","Sundial","Regal Pillow","TheAbacus","Lantern","Busted Crown","FossilizedHelix","Ninja Scroll","Ancient Tea Set","WingedGreaves"],"potions_floor_usage":[10,14,14,18,20,22,22,24,28,31,33,33],"damage_taken":[{"damage":2,"enemies":"Cultist","floor":1,"turns":6},{"damage":8,"enemies":"Small Slimes","floor":2,"turns":4},{"damage":4,"enemies":"Jaw Worm","floor":5,"turns":4},{"damage":0,"enemies":"2 Fungi Beasts","floor":7,"turns":4},{"damage":30,"enemies":"3 Sentries","floor":10,"turns":11},{"damage":0,"enemies":"Red Slaver","floor":12,"turns":4},{"damage":22,"enemies":"Lagavulin","floor":14,"turns":6},{"damage":14,"enemies":"The Guardian","floor":16,"turns":16},{"damage":0,"enemies":"3 Byrds","floor":18,"turns":3},{"damage":3,"enemies":"Chosen","floor":19,"turns":7},{"damage":19,"enemies":"3 Cultists","floor":20,"turns":8},{"damage":10,"enemies":"Snake Plant","floor":22,"turns":6},{"damage":11,"enemies":"Slavers","floor":24,"turns":4},{"damage":0,"enemies":"Cultist and Chosen","floor":28,"turns":6},{"damage":0,"enemies":"Book of Stabbing","floor":31,"turns":6},{"damage":56,"enemies":"Champ","floor":33,"turns":16}],"seed_played":"2048853873611888827","potions_obtained":[{"floor":1,"key":"PowerPotion"},{"floor":7,"key":"Weak Potion"},{"floor":12,"key":"AttackPotion"},{"floor":16,"key":"EssenceOfSteel"},{"floor":20,"key":"Swift Potion"},{"floor":22,"key":"Explosive Potion"}],"is_trial":false,"path_per_floor":["M","M","T","?","M","R","M","R","T","E","R","M","$","E","R","B",null,"M","M","M","$","M","R","E","?","T","R","M","$","R","E","R","B"],"character_chosen":"THE_SILENT","items_purchased":["TheAbacus","Ancient Tea Set"],"campfire_rested":0,"item_purchase_floors":[13,29],"current_hp_per_floor":[68,60,60,60,56,56,56,56,56,38,38,50,50,40,40,38,67,67,64,60,60,64,64,53,53,53,53,53,53,53,53,53,0],"gold":44,"neow_bonus":"TEN_PERCENT_HP_BONUS","is_prod":false,"is_daily":false,"chose_seed":false,"campfire_upgraded":8,"win_rate":0,"timestamp":1551594007,"path_taken":["M","M","?","?","M","R","M","R","T","E","R","M","?","E","R","BOSS","M","M","M","$","M","R","E","?","T","R","?","$","R","E","R","BOSS"],"build_version":"2019-01-23","purchased_purges":1,"victory":false,"max_hp_per_floor":[77,77,77,77,77,77,77,77,77,77,77,77,77,77,77,77,77,77,77,77,77,77,77,77,77,77,77,77,77,77,77,77,77],"card_choices":[{"not_picked":["Acrobatics","Outmaneuver"],"picked":"Predator","floor":1},{"not_picked":["Dodge and Roll","Deflect"],"picked":"Crippling Poison","floor":2},{"not_picked":["Backflip","Underhanded Strike"],"picked":"Tools of the Trade","floor":5},{"not_picked":["Flying Knee","Prepared","PiercingWail"],"picked":"SKIP","floor":7},{"not_picked":["Acrobatics","Deadly Poison"],"picked":"Footwork","floor":10},{"not_picked":["Setup","Blade Dance"],"picked":"Leg Sweep","floor":12},{"not_picked":["Blade Dance","Riddle With Holes","Setup"],"picked":"SKIP","floor":14},{"not_picked":["Grand Finale","Wraith Form v2"],"picked":"Venomology","floor":16},{"not_picked":[],"picked":"Deflect+1","floor":19},{"not_picked":[],"picked":"Dagger Spray","floor":20},{"not_picked":[],"picked":"Crippling Poison+1","floor":22},{"not_picked":["Riddle With Holes"],"picked":"SKIP","floor":24},{"not_picked":[],"picked":"Well Laid Plans","floor":28},{"not_picked":["Flying Knee"],"picked":"SKIP","floor":31}],"player_experience":362833,"relics_obtained":[{"floor":3,"key":"Meat on the Bone"},{"floor":9,"key":"Sundial"},{"floor":10,"key":"Regal Pillow"},{"floor":14,"key":"Lantern"},{"floor":24,"key":"FossilizedHelix"},{"floor":26,"key":"Ninja Scroll"},{"floor":31,"key":"WingedGreaves"}],"event_choices":[{"damage_healed":0,"gold_gain":62,"player_choice":"Gained Gold","damage_taken":0,"max_hp_gain":0,"max_hp_loss":0,"event_name":"Golden Wing","floor":4,"gold_loss":0},{"damage_healed":0,"gold_gain":0,"cards_transformed":["Defend_G"],"player_choice":"Transformed","damage_taken":0,"max_hp_gain":0,"max_hp_loss":0,"event_name":"Transmorgrifier","floor":25,"gold_loss":0,"cards_obtained":["Bullet Time"]}],"is_beta":false,"boss_relics":[{"not_picked":["Calling Bell","Runic Dome"],"picked":"Busted Crown"}],"items_purged_floors":[21],"is_endless":false,"potions_floor_spawned":[1,7,12,16,20,22],"killed_by":"Champ","ascension_level":13}