{"gold_per_floor":[109,37,212,212,222,254,254,4,4,4,14,14,44,119,119,216,216,236,236,236,4,23,23,37,56,81,95,10,23,23,23,23,23],"floor_reached":33,"playtime":1505,"items_purged":[],"score":268,"play_id":"1b098713-8ae9-4d00-9e54-2539456cbd4f","local_time":"20190223232516","is_ascension_mode":false,"campfire_choices":[{"data":"Blizzard","floor":7.0,"key":"SMITH"},{"data":"Coolheaded","floor":10.0,"key":"SMITH"},{"data":"Consume","floor":12.0,"key":"SMITH"},{"floor":15.0,"key":"DIG"},{"floor":23,"key":"REST"},{"data":"Defragment","floor":30,"key":"SMITH"},{"floor":32,"key":"REST"}],"neow_cost":"NONE","seed_source_timestamp":0,"circlet_count":0,"master_deck":["Strike_B","Defend_B+1","Defend_B","Defend_B","Defend_B","Zap","Dualcast+1","Storm","Blizzard+1","Doubt","Coolheaded+1","Consume+1","Melter+1","Heatsinks+1","Chaos+1","Conserve Battery+1","Defragment+1","Blizzard+1","Redo","Redo","Defragment"],"special_seed":0,"relics":["Cracked Core","NeowsBlessing","Shovel","Bottled Lightning","Gremlin Horn","Tiny Chest","War Paint","Astrolabe","Mercury Hourglass","DollysMirror","Centennial Puzzle","Toxic Egg 2"],"potions_floor_usage":[25,33],"damage_taken":[{"damage":0.0,"enemies":"Jaw Worm","floor":1.0,"turns":1.0},{"damage":0.0,"enemies":"Cultist","floor":5.0,"turns":1.0},{"damage":0.0,"enemies":"Lagavulin","floor":6.0,"turns":1.0},{"damage":0.0,"enemies":"2 Louse","floor":11.0,"turns":4.0},{"damage":28.0,"enemies":"The Guardian","floor":16.0,"turns":14.0},{"damage":7.0,"enemies":"Shell Parasite","floor":18.0,"turns":5.0},{"damage":31,"enemies":"Colosseum Slavers","floor":19,"turns":5},{"damage":10,"enemies":"3 Byrds","floor":22,"turns":3},{"damage":12,"enemies":"Snake Plant","floor":24,"turns":5},{"damage":11,"enemies":"Shelled Parasite and Fungi","floor":25,"turns":8},{"damage":0,"enemies":"Sentry and Sphere","floor":27,"turns":4},{"damage":4,"enemies":"Snake Plant","floor":29,"turns":5},{"damage":50,"enemies":"Automaton","floor":33,"turns":10}],"seed_played":"2886703835183922339","potions_obtained":[{"floor":1.0,"key":"Weak Potion"},{"floor":6.0,"key":"Weak Potion"},{"floor":18.0,"key":"Explosive Potion"},{"floor":27,"key":"FearPotion"}],"is_trial":false,"path_per_floor":["M","$","?","?","M","E","R","$","T","R","M","R","T","?","R","B",null,"M","?","T","$","M","R","M","M","T","M","?","M","R","$","R","B"],"character_chosen":"DEFECT","items_purchased":["Blizzard","Bottled Lightning","DollysMirror","Defragment"],"campfire_rested":2,"item_purchase_floors":[2,8,21,21],"current_hp_per_floor":[75,75,75,75,75,75,75,75,75,75,75,75,75,64,64,36,75,68,37,37,37,27,49,37,26,26,26,26,22,22,22,44,0],"gold":23,"neow_bonus":"THREE_ENEMY_KILL","is_prod":false,"is_daily":false,"chose_seed":false,"campfire_upgraded":4,"win_rate":0,"timestamp":1550982316,"path_taken":["M","$","?","?","?","E","R","$","T","R","M","R","?","?","R","BOSS","M","?","?","$","M","R","M","M","T","?","?","M","R","$","R","BOSS"],"build_version":"2019-01-23","purchased_purges":0,"victory":false,"max_hp_per_floor":[75,75,75,75,75,75,75,75,75,75,75,75,75,75,75,75,75,75,75,75,75,75,75,75,75,75,75,75,75,75,75,75,75],"card_choices":[{"not_picked":["Redo","Barrage"],"picked":"Storm","floor":1.0},{"not_picked":["Rip and Tear","Beam Cell","Go for the Eyes"],"picked":"SKIP","floor":5.0},{"not_picked":["Heatsinks","Lockon"],"picked":"Coolheaded","floor":6.0},{"not_picked":["Conserve Battery","Barrage"],"picked":"Consume","floor":11.0},{"not_picked":["Compile Driver","Beam Cell+1"],"picked":"Conserve Battery+1","floor":18.0},{"not_picked":["Reprogram","Compile Driver"],"picked":"Redo","floor":22},{"not_picked":["Lockon+1","Fission"],"picked":"Redo","floor":24},{"not_picked":["Barrage","Leap","Consume"],"picked":"SKIP","floor":25},{"not_picked":["Steam","Redo"],"picked":"Defragment","floor":27},{"not_picked":["Go for the Eyes","Melter+1","Recycle+1"],"picked":"SKIP","floor":29}],"player_experience":1091906,"relics_obtained":[{"floor":6.0,"key":"Shovel"},{"floor":9.0,"key":"Gremlin Horn"},{"floor":13.0,"key":"Tiny Chest"},{"floor":15.0,"key":"War Paint"},{"floor":20,"key":"Mercury Hourglass"},{"floor":26,"key":"Centennial Puzzle"}],"event_choices":[{"damage_healed":0.0,"max_hp_gain":0.0,"max_hp_loss":0.0,"gold_gain":175.0,"event_name":"Liars Game","player_choice":"AGREE","floor":3.0,"gold_loss":0.0,"damage_taken":0.0,"cards_obtained":["Doubt"]},{"damage_healed":0.0,"max_hp_gain":0.0,"max_hp_loss":0.0,"gold_gain":0.0,"event_name":"The Woman in Blue","player_choice":"Bought 0 Potions","floor":4.0,"gold_loss":0.0,"damage_taken":0.0},{"damage_healed":0.0,"max_hp_gain":0.0,"max_hp_loss":0.0,"gold_gain":75.0,"event_name":"World of Goop","player_choice":"Gather Gold","floor":14.0,"gold_loss":0.0,"damage_taken":11.0},{"damage_healed":0,"gold_gain":0,"player_choice":"Fight","damage_taken":0,"max_hp_gain":0,"max_hp_loss":0,"event_name":"Colosseum","floor":19,"gold_loss":0},{"damage_healed":0,"gold_gain":0,"player_choice":"Fled From Nobs","damage_taken":0,"max_hp_gain":0,"max_hp_loss":0,"event_name":"Colosseum","floor":19,"gold_loss":0},{"damage_healed":0,"gold_gain":0,"player_choice":"Obtained Relic","damage_taken":0,"relics_obtained":["Toxic Egg 2"],"max_hp_gain":0,"max_hp_loss":0,"event_name":"Addict","floor":28,"gold_loss":85}],"is_beta":false,"boss_relics":[{"not_picked":["Cursed Key","Busted Crown"],"picked":"Astrolabe"}],"items_purged_floors":[],"is_endless":false,"potions_floor_spawned":[1,6,18,22,27,29],"killed_by":"Automaton","ascension_level":0}