{"gold_per_floor":[112,37,37,37,2,2,35,35,35,35,79,79,94,108,108,198,198,212,0,50,50,70,70,70,106,106,106,130,130],"floor_reached":29,"playtime":754,"items_purged":["Strike_R"],"score":594,"play_id":"e6c92804-6409-4c28-964f-1a19ccb2b442","local_time":"20190303210614","is_ascension_mode":true,"campfire_choices":[{"data":"Carnage","floor":6.0,"key":"SMITH"},{"data":"Defend_R","floor":10.0,"key":"SMITH"},{"data":"Headbutt","floor":15.0,"key":"SMITH"},{"data":"Dark Embrace","floor":23.0,"key":"SMITH"},{"data":"Fire Breathing","floor":27.0,"key":"SMITH"}],"neow_cost":"NONE","seed_source_timestamp":0,"circlet_count":0,"master_deck":["AscendersBane","Strike_R","Strike_R","Strike_R","Strike_R","Defend_R+1","Defend_R+1","Defend_R","Defend_R","Bash+1","Carnage+1","Headbutt+1","Dark Embrace+1","Blood for Blood+1","J.A.X.","Fire Breathing+1","Intimidate"],"special_seed":0,"relics":["Burning Blood","NeowsBlessing","Golden Idol","Ancient Tea Set","Lantern","Bottled Lightning","Bronze Scales","Black Star","Lee\u0027s Waffle","Unceasing Top","Regal Pillow","Matryoshka"],"potions_floor_usage":[29],"damage_taken":[{"damage":0.0,"enemies":"Small Slimes","floor":1.0,"turns":1.0},{"damage":0.0,"enemies":"3 Sentries","floor":7.0,"turns":2.0},{"damage":0.0,"enemies":"Lagavulin","floor":11.0,"turns":1.0},{"damage":0.0,"enemies":"Jaw Worm","floor":13.0,"turns":2.0},{"damage":0.0,"enemies":"Cultist","floor":14.0,"turns":3.0},{"damage":74.0,"enemies":"Hexaghost","floor":16.0,"turns":9.0},{"damage":21.0,"enemies":"Shell Parasite","floor":18.0,"turns":3.0},{"damage":23.0,"enemies":"3 Byrds","floor":22.0,"turns":4.0},{"damage":6.0,"enemies":"Gremlin Leader","floor":25.0,"turns":5.0},{"damage":21.0,"enemies":"Snecko","floor":28.0,"turns":3.0},{"damage":54,"enemies":"Slavers","floor":29,"turns":3}],"seed_played":"196961216903491456","potions_obtained":[{"floor":1.0,"key":"Poison Potion"},{"floor":11.0,"key":"EssenceOfSteel"},{"floor":18.0,"key":"Weak Potion"},{"floor":25.0,"key":"LiquidBronze"}],"is_trial":false,"path_per_floor":["M","$","?","?","?","R","E","?","T","R","E","?","M","M","R","B",null,"M","$","?","$","M","R","?","E","T","R","M","E"],"character_chosen":"IRONCLAD","items_purchased":["Lee\u0027s Waffle"],"campfire_rested":0,"item_purchase_floors":[19],"current_hp_per_floor":[74,74,74,51,69,69,75,57,57,57,63,63,69,75,75,7,58,43,82,82,82,65,65,65,65,65,65,50,0],"gold":130,"neow_bonus":"THREE_ENEMY_KILL","is_prod":false,"is_daily":false,"chose_seed":false,"campfire_upgraded":5,"win_rate":0,"timestamp":1551614774,"path_taken":["M","$","?","?","?","R","E","?","T","R","E","?","M","?","R","BOSS","M","$","?","?","M","R","?","E","T","R","M","E"],"build_version":"2019-01-23","purchased_purges":1,"victory":false,"max_hp_per_floor":[75,75,75,75,75,75,75,75,75,75,75,75,75,75,75,75,75,75,82,82,82,82,82,82,82,82,82,82,82],"card_choices":[{"not_picked":["Second Wind","Burning Pact"],"picked":"Carnage","floor":1.0},{"not_picked":["Pommel Strike","Sever Soul","Perfected Strike"],"picked":"SKIP","floor":7.0},{"not_picked":["Pommel Strike","Sword Boomerang"],"picked":"Headbutt","floor":11.0},{"not_picked":["Flex","Body Slam","Second Wind"],"picked":"SKIP","floor":13.0},{"not_picked":["Headbutt","Sever Soul","Twin Strike"],"picked":"SKIP","floor":14.0},{"not_picked":["Barricade","Brutality"],"picked":"Dark Embrace","floor":16.0},{"not_picked":["Pummel","Infernal Blade","Headbutt"],"picked":"SKIP","floor":18.0},{"not_picked":["Armaments","Anger"],"picked":"Blood for Blood+1","floor":22.0},{"not_picked":["Twin Strike","Offering"],"picked":"Fire Breathing","floor":25.0},{"not_picked":["Flame Barrier","Second Wind"],"picked":"Intimidate","floor":28.0}],"player_experience":1047274,"relics_obtained":[{"floor":7.0,"key":"Ancient Tea Set"},{"floor":9.0,"key":"Bottled Lightning"},{"floor":11.0,"key":"Bronze Scales"},{"floor":25.0,"key":"Unceasing Top"},{"floor":25.0,"key":"Regal Pillow"},{"floor":26.0,"key":"Matryoshka"}],"event_choices":[{"damage_healed":0.0,"max_hp_gain":0.0,"max_hp_loss":0.0,"gold_gain":0.0,"event_name":"Golden Idol","player_choice":"Take Wound","floor":3.0,"gold_loss":0.0,"damage_taken":0.0,"relics_obtained":["Golden Idol"],"cards_obtained":["Injury"]},{"damage_healed":0.0,"max_hp_gain":0.0,"max_hp_loss":0.0,"gold_gain":0.0,"event_name":"Shining Light","player_choice":"Entered Light","floor":4.0,"gold_loss":0.0,"damage_taken":23.0,"cards_upgraded":["Bash","Defend_R"]},{"damage_healed":18.0,"max_hp_gain":0.0,"max_hp_loss":0.0,"gold_gain":0.0,"event_name":"The Cleric","player_choice":"Healed","floor":5.0,"gold_loss":35.0,"damage_taken":0.0},{"damage_healed":0.0,"max_hp_gain":0.0,"max_hp_loss":0.0,"gold_gain":0.0,"event_name":"Scrap Ooze","player_choice":"Success","floor":8.0,"gold_loss":0.0,"damage_taken":18.0,"relics_obtained":["Lantern"]},{"cards_removed":["Injury"],"damage_healed":0.0,"max_hp_gain":0.0,"max_hp_loss":0.0,"gold_gain":0.0,"event_name":"Purifier","player_choice":"Purged","floor":12.0,"gold_loss":0.0,"damage_taken":0.0},{"damage_healed":0.0,"max_hp_gain":0.0,"max_hp_loss":0.0,"gold_gain":50.0,"event_name":"Golden Shrine","player_choice":"Pray","floor":20.0,"gold_loss":0.0,"damage_taken":0.0},{"damage_healed":0.0,"max_hp_gain":0.0,"max_hp_loss":0.0,"gold_gain":0.0,"event_name":"Drug Dealer","player_choice":"Obtain J.A.X.","floor":24.0,"gold_loss":0.0,"damage_taken":0.0,"cards_obtained":["J.A.X."]}],"is_beta":false,"boss_relics":[{"not_picked":["Snecko Eye","Orrery"],"picked":"Black Star"}],"items_purged_floors":[2],"is_endless":false,"potions_floor_spawned":[1,11,18,25],"killed_by":"Slavers","ascension_level":20}