{"path_per_floor":["M","$","M","?","$","R","M","R","T","T","?","M","?","M","R","B",null,"M","?","?","?","M","R","M","$","T","M","M","?","R","?","R"],"character_chosen":"IRONCLAD","items_purchased":["Flame Barrier","Battle Trance","Pen Nib","Shrug It Off"],"gold_per_floor":[112,73,93,93,57,57,71,71,71,71,21,36,111,124,124,219,219,239,164,164,164,183,183,200,1,1,15,27,27,27,27,27],"floor_reached":33,"campfire_rested":1,"playtime":1174,"current_hp_per_floor":[87,87,88,80,80,80,83,83,83,83,83,88,77,75,75,7,88,81,81,64,64,54,54,32,32,32,34,26,26,26,10,37],"items_purged":[],"gold":27,"score":282,"play_id":"cbd23df5-2421-4f68-95ba-448da91772ba","local_time":"20180313211708","is_prod":false,"is_daily":false,"is_ascension_mode":true,"campfire_upgraded":5,"timestamp":1520990228,"path_taken":["M","$","M","?","$","R","M","R","T","?","?","?","?","M","R","BOSS","M","?","?","?","?","R","M","$","T","M","M","?","R","?","R","BOSS"],"build_version":"2018-03-09","purchased_purges":0,"victory":false,"master_deck":["Strike_R","Strike_R","Strike_R","Strike_R","Strike_R","Defend_R","Defend_R","Bash+1","Perfected Strike+1","Flame Barrier+1","Twin Strike","Battle Trance","Offering+1","Twin Strike","Wild Strike+1","Shrug It Off","Twin Strike","Dual Wield+1"],"max_hp_per_floor":[88,88,88,88,88,88,88,88,88,88,88,88,88,88,88,88,88,88,88,93,93,93,93,93,93,93,93,93,93,93,93,93],"relics":["Burning Blood","Frozen Eye","Gambling Chip","Mark of Pain","Pen Nib","Girya","Nilry\u0027s Codex"],"card_choices":[{"not_picked":["Wild Strike","Shockwave"],"picked":"Perfected Strike"},{"not_picked":["Havoc","True Grit"],"picked":"Twin Strike"},{"not_picked":["Reaper","Impervious"],"picked":"Offering"},{"not_picked":["Disarm","Clash"],"picked":"Twin Strike"},{"not_picked":["Cleave","Havoc"],"picked":"Wild Strike"},{"not_picked":["True Grit","Clothesline"],"picked":"Twin Strike"},{"not_picked":["Heavy Blade","Intimidate"],"picked":"Dual Wield"}],"player_experience":255534,"potions_floor_usage":[16,33],"damage_taken":[{"damage":7,"enemies":"Small Slimes","floor":1,"turns":4},{"damage":1,"enemies":"Cultist","floor":3,"turns":3},{"damage":3,"enemies":"2 Louse","floor":7,"turns":3},{"damage":0,"enemies":"Exordium Wildlife","floor":12,"turns":3},{"damage":8,"enemies":"Large Slime","floor":14,"turns":4},{"damage":77,"enemies":"The Guardian","floor":16,"turns":10},{"damage":13,"enemies":"3 Byrds","floor":18,"turns":5},{"damage":16,"enemies":"2 Thieves","floor":22,"turns":4},{"damage":28,"enemies":"Chosen and Byrds","floor":24,"turns":3},{"damage":4,"enemies":"Centurion and Healer","floor":27,"turns":5},{"damage":14,"enemies":"Snecko","floor":28,"turns":3},{"damage":38,"enemies":"Automaton","floor":33,"turns":4}],"event_choices":[{"event_name":"Wheel of Change","player_choice":"Damage","floor":4,"damage_taken":0},{"event_name":"The Cleric","player_choice":"Card Removal","floor":11,"damage_taken":0},{"event_name":"World of Goop","player_choice":"Gather Gold","floor":13,"damage_taken":0},{"event_name":"Beggar","player_choice":"Gave Gold","floor":19,"damage_taken":0},{"event_name":"Forgotten Altar","player_choice":"Shed Blood","floor":20,"damage_taken":0},{"event_name":"Drug Dealer","player_choice":"Ignored","floor":21,"damage_taken":0},{"event_name":"N\u0027loth","player_choice":"Ignored","floor":29,"damage_taken":0},{"event_name":"Cursed Tome","player_choice":"Obtained Book","floor":31,"damage_taken":0}],"boss_relics":[{"not_picked":["Philosopher\u0027s Stone","Runic Pyramid"],"picked":"Mark of Pain"}],"potions_floor_spawned":[12,14,16,22,24],"seed_played":"2613503493072629486","killed_by":"Automaton","ascension_level":4,"is_trial":false}