{"gold_per_floor":[116,134,134,153,173,207,207,237,309,30,30],"floor_reached":11,"playtime":686,"items_purged":[],"score":84,"play_id":"d2a8db89-e0a8-4f2e-a827-f52c3943b30a","local_time":"20181201215346","is_ascension_mode":true,"campfire_choices":[{"data":"Bullet Time","floor":7,"key":"SMITH"}],"neow_cost":"CURSE","seed_source_timestamp":690417496907399,"circlet_count":0,"master_deck":["Defend_G","Defend_G","Defend_G","Defend_G","Defend_G","Strike_G","Strike_G","Strike_G","Strike_G","Strike_G","Survivor","Neutralize","Decay","Acrobatics","Caltrops","Bullet Time+1","Poisoned Stab","Flechettes","Tactician","Concentrate"],"relics":["Ring of the Snake","Turnip","Gambling Chip","Tiny Chest","Bottled Tornado","Paper Crane"],"potions_floor_usage":[6],"damage_taken":[{"damage":0,"enemies":"Small Slimes","floor":1,"turns":3},{"damage":2,"enemies":"Cultist","floor":2,"turns":4},{"damage":0,"enemies":"2 Louse","floor":4,"turns":3},{"damage":11,"enemies":"Blue Slaver","floor":5,"turns":3},{"damage":34,"enemies":"3 Sentries","floor":6,"turns":10},{"damage":25,"enemies":"Gremlin Gang","floor":11,"turns":3}],"seed_played":"2961891144242269919","potions_obtained":[{"floor":2,"key":"GamblersBrew"},{"floor":5,"key":"Ancient Potion"},{"floor":6,"key":"Energy Potion"}],"is_trial":false,"path_per_floor":["M","M","?","M","M","E","R","?","T","$","M"],"character_chosen":"THE_SILENT","items_purchased":["Paper Crane","Concentrate"],"campfire_rested":0,"item_purchase_floors":[10,10],"current_hp_per_floor":[70,68,68,68,57,23,23,20,20,20,0],"gold":30,"neow_bonus":"ONE_RARE_RELIC","is_prod":false,"is_daily":false,"chose_seed":false,"campfire_upgraded":1,"win_rate":0,"timestamp":1543719226,"path_taken":["M","M","?","M","?","E","R","?","T","$","M"],"build_version":"2018-11-15","purchased_purges":0,"victory":false,"max_hp_per_floor":[70,70,70,70,70,70,70,70,70,70,70],"card_choices":[{"not_picked":["Reflex","Backflip"],"picked":"Acrobatics","floor":1},{"not_picked":["Quick Slash","Blade Dance"],"picked":"Caltrops","floor":2},{"not_picked":["Blur","Underhanded Strike"],"picked":"Poisoned Stab","floor":4},{"not_picked":["Dagger Spray","Quick Slash"],"picked":"Flechettes","floor":5},{"not_picked":["Deflect","Riddle With Holes"],"picked":"Tactician","floor":6}],"player_experience":229294,"relics_obtained":[{"floor":6,"key":"Gambling Chip"},{"floor":9,"key":"Bottled Tornado"}],"event_choices":[{"damage_healed":0,"gold_gain":0,"player_choice":"1 cards matched","damage_taken":0,"max_hp_gain":0,"max_hp_loss":0,"event_name":"Match and Keep!","floor":3,"gold_loss":0,"cards_obtained":["Bullet Time"]},{"damage_healed":0,"gold_gain":0,"player_choice":"Success","damage_taken":3,"relics_obtained":["Tiny Chest"],"max_hp_gain":0,"max_hp_loss":0,"event_name":"Scrap Ooze","floor":8,"gold_loss":0}],"is_beta":false,"boss_relics":[],"items_purged_floors":[],"is_endless":false,"potions_floor_spawned":[2,5,6],"killed_by":"Gremlin Gang","ascension_level":3}