{"path_per_floor":["M","$","M","M","?","R","?","R","T","E","?","R","M","?","R","B",null,"M","M","?","M","?","R","M","M","T","E","M","M","R","M","R","B",null,"M","M","M","?","?","R","M","M","T","M","$","?","M","$","R"],"character_chosen":"IRONCLAD","items_purchased":["Pommel Strike","Madness","Double Tap","Bronze Scales","Battle Trance","Double Tap"],"gold_per_floor":[110,57,69,80,155,155,183,183,234,269,269,269,289,289,289,394,394,412,422,422,432,357,357,372,384,384,418,429,440,440,457,457,558,558,569,584,596,596,641,641,651,667,692,709,151,251,265,122,122],"floor_reached":50,"campfire_rested":2,"playtime":2074,"current_hp_per_floor":[76,76,80,80,69,69,51,51,51,55,55,55,54,54,54,17,82,65,71,71,66,66,66,74,76,76,63,54,62,62,48,75,11,90,92,94,89,89,74,74,70,40,40,15,15,15,14,14,45],"items_purged":["Rupture"],"gold":122,"score":613,"play_id":"be930cbc-3d02-417b-a77c-6c638c36ee5c","local_time":"20180313215629","is_prod":false,"is_daily":false,"is_ascension_mode":true,"campfire_upgraded":7,"timestamp":1520992589,"path_taken":["M","$","M","M","?","R","?","R","T","E","?","R","?","?","R","BOSS","M","M","?","M","?","R","M","M","T","E","M","?","R","M","R","BOSS","M","?","M","?","?","R","M","M","T","?","?","?","M","$","R","BOSS"],"build_version":"2018-03-09","purchased_purges":2,"victory":false,"master_deck":["Strike_R+1","Strike_R+1","Strike_R+1","Strike_R+1","Strike_R+1","Defend_R+1","Defend_R+1","Defend_R+1","Bash","Perfected Strike+1","Pommel Strike+1","Perfected Strike+1","Warcry+1","Shrug It Off","True Grit+1","Perfected Strike+1","Wild Strike","Shrug It Off","Perfected Strike+1","Metallicize","Pommel Strike+1","Offering+1","Perfected Strike","Madness","Double Tap","Battle Trance","Double Tap"],"max_hp_per_floor":[80,80,80,80,80,80,80,80,80,80,80,80,80,80,80,82,82,82,82,82,82,82,82,84,86,86,88,88,88,88,90,90,90,90,92,94,96,96,98,98,100,100,100,102,102,102,104,104,104],"relics":["Burning Blood","Odd Mushroom","Orichalcum","Singing Bowl","Ginger","Runic Dome","Dead Branch","Blood Vial","Philosopher\u0027s Stone","Frozen Eye","Bag of Preparation","Bronze Scales"],"card_choices":[{"not_picked":["Armaments","Intimidate"],"picked":"Perfected Strike"},{"not_picked":["Flex","Sword Boomerang"],"picked":"Perfected Strike"},{"not_picked":["Clothesline","Blood for Blood"],"picked":"Warcry"},{"not_picked":["Inflame","Uppercut"],"picked":"Shrug It Off"},{"not_picked":["Carnage","Disarm"],"picked":"True Grit"},{"not_picked":["Sword Boomerang","Twin Strike"],"picked":"Perfected Strike"},{"not_picked":["Clothesline","Headbutt"],"picked":"Wild Strike"},{"not_picked":["Sword Boomerang","Second Wind"],"picked":"Shrug It Off"},{"not_picked":["Twin Strike","Ghostly Armor"],"picked":"Perfected Strike"},{"not_picked":["Flex","Combust"],"picked":"Metallicize"},{"not_picked":["Searing Blow","Heavy Blade"],"picked":"Pommel Strike"},{"not_picked":["Barricade","Demon Form"],"picked":"Offering"},{"not_picked":["Headbutt","Dropkick"],"picked":"Perfected Strike"}],"player_experience":256921,"potions_floor_usage":[39,50,50,50],"damage_taken":[{"damage":10.0,"enemies":"Small Slimes","floor":1.0,"turns":4.0},{"damage":2.0,"enemies":"2 Louse","floor":3.0,"turns":2.0},{"damage":6.0,"enemies":"Cultist","floor":4.0,"turns":3.0},{"damage":24.0,"enemies":"The Mushroom Lair","floor":7.0,"turns":3.0},{"damage":2.0,"enemies":"Gremlin Nob","floor":10.0,"turns":3.0},{"damage":7.0,"enemies":"Blue Slaver","floor":13.0,"turns":2.0},{"damage":45.0,"enemies":"The Guardian","floor":16.0,"turns":8.0},{"damage":23.0,"enemies":"3 Byrds","floor":18.0,"turns":5.0},{"damage":0.0,"enemies":"Chosen","floor":19.0,"turns":2.0},{"damage":11.0,"enemies":"3 Cultists","floor":21.0,"turns":5.0},{"damage":0.0,"enemies":"Snake Plant","floor":24.0,"turns":2.0},{"damage":6.0,"enemies":"Chosen and Byrds","floor":25.0,"turns":4.0},{"damage":21.0,"enemies":"Book of Stabbing","floor":27.0,"turns":3.0},{"damage":17.0,"enemies":"Centurion and Healer","floor":28.0,"turns":3.0},{"damage":0.0,"enemies":"Cultist and Chosen","floor":29.0,"turns":3.0},{"damage":24.0,"enemies":"Slaver and Parasite","floor":31.0,"turns":3.0},{"damage":72.0,"enemies":"Champ","floor":33.0,"turns":7.0},{"damage":4.0,"enemies":"Orb Walker","floor":35.0,"turns":1.0},{"damage":4.0,"enemies":"3 Darklings","floor":36.0,"turns":2.0},{"damage":13.0,"enemies":"4 Shapes","floor":37.0,"turns":4.0},{"damage":25,"enemies":"Mysterious Sphere","floor":39,"turns":3},{"damage":14,"enemies":"Sphere and 2 Shapes","floor":41,"turns":2},{"damage":38,"enemies":"Maw","floor":42,"turns":4},{"damage":35,"enemies":"4 Shapes","floor":44,"turns":4},{"damage":11,"enemies":"3 Darklings","floor":47,"turns":4},{"damage":53,"enemies":"Time Eater","floor":50,"turns":4}],"event_choices":[{"event_name":"World of Goop","player_choice":"Gather Gold","floor":5.0,"damage_taken":0.0},{"event_name":"Mushrooms","player_choice":"Fought Mushrooms","floor":7.0,"damage_taken":0.0},{"event_name":"Upgrade Shrine","player_choice":"Upgraded","floor":11.0,"damage_taken":0.0},{"event_name":"Big Fish","player_choice":"Box","floor":14.0,"damage_taken":0.0},{"event_name":"Back to Basics","player_choice":"Simplicity","floor":20.0,"damage_taken":0.0},{"event_name":"Beggar","player_choice":"Gave Gold","floor":22.0,"damage_taken":0.0},{"event_name":"Transmorgrifier","player_choice":"Transform","floor":38,"damage_taken":0},{"event_name":"Mysterious Sphere","player_choice":"Fight","floor":39,"damage_taken":0},{"event_name":"Golden Shrine","player_choice":"Pray","floor":46,"damage_taken":0}],"boss_relics":[],"potions_floor_spawned":[3,7,16,18,19,24,29,35,44,47],"seed_played":"4996413622149879206","killed_by":"Time Eater","ascension_level":4,"is_trial":false}