{"gold_per_floor":[115,215,225,239,258,258,287,287,287,287,318,332,352,372,372,476,476,491,506,526,44,44,44],"floor_reached":23,"playtime":2002,"items_purged":["Strike_B"],"score":333,"play_id":"2868004b-c022-46a9-95aa-c9b3f38bb3dd","local_time":"20190131112736","is_ascension_mode":true,"campfire_choices":[{"data":"Sunder","floor":6,"key":"SMITH"},{"floor":8,"key":"REST"},{"floor":10,"key":"REST"},{"data":"Creative AI","floor":15,"key":"SMITH"}],"neow_cost":"NONE","seed_source_timestamp":980457990379807,"circlet_count":0,"master_deck":["AscendersBane","Strike_B","Strike_B","Strike_B","Defend_B","Defend_B","Defend_B","Defend_B","Zap","Dualcast","Go for the Eyes","Gash","Sunder+1","Conserve Battery","Gash","Conserve Battery","Creative AI+1","Seek","Reinforced Body","Conserve Battery","Conserve Battery","BootSequence","Storm","Seek","Shame"],"relics":["Sozu","Oddly Smooth Stone","Vajra","Singing Bowl","Orrery","Frozen Egg 2","Juzu Bracelet","DataDisk"],"potions_floor_usage":[],"damage_taken":[{"damage":10,"enemies":"Small Slimes","floor":1,"turns":3},{"damage":0,"enemies":"Cultist","floor":3,"turns":3},{"damage":0,"enemies":"2 Louse","floor":4,"turns":2},{"damage":3,"enemies":"Lots of Slimes","floor":5,"turns":4},{"damage":24,"enemies":"Gremlin Nob","floor":7,"turns":4},{"damage":8,"enemies":"3 Sentries","floor":11,"turns":7},{"damage":5,"enemies":"Blue Slaver","floor":12,"turns":3},{"damage":0,"enemies":"Looter","floor":13,"turns":2},{"damage":8,"enemies":"3 Louse","floor":14,"turns":3},{"damage":6,"enemies":"Hexaghost","floor":16,"turns":7},{"damage":13,"enemies":"3 Byrds","floor":18,"turns":6},{"damage":23,"enemies":"2 Thieves","floor":19,"turns":4},{"damage":25,"enemies":"Cultist and Chosen","floor":20,"turns":5},{"damage":22,"enemies":"Gremlin Leader","floor":23,"turns":4}],"seed_played":"662038158017486054","potions_obtained":[],"is_trial":false,"path_per_floor":["M","?","M","M","M","R","E","R","T","R","E","M","M","M","R","B",null,"M","M","M","$","?","E"],"character_chosen":"DEFECT","items_purchased":["Frozen Egg 2","Juzu Bracelet"],"campfire_rested":2,"item_purchase_floors":[21,21],"current_hp_per_floor":[58,58,58,58,55,55,31,53,53,75,67,64,64,58,58,52,72,61,40,15,15,15,0],"gold":44,"neow_bonus":"BOSS_RELIC","is_prod":false,"is_daily":false,"chose_seed":false,"campfire_upgraded":2,"win_rate":0,"timestamp":1548952056,"path_taken":["M","?","M","?","M","R","E","R","T","R","E","M","M","M","R","BOSS","M","?","M","$","?","E"],"build_version":"2019-01-23","purchased_purges":1,"victory":false,"max_hp_per_floor":[75,75,75,75,75,75,75,75,75,75,75,77,77,79,79,79,79,81,83,83,83,83,83],"card_choices":[{"not_picked":["Steam","Lockon"],"picked":"Go for the Eyes","floor":1},{"not_picked":["Streamline","Ball Lightning"],"picked":"Gash","floor":3},{"not_picked":["Self Repair","Steam"],"picked":"Sunder","floor":4},{"not_picked":["Turbo","Steam Power"],"picked":"Conserve Battery","floor":5},{"not_picked":["Compile Driver","Go for the Eyes"],"picked":"Gash","floor":7},{"not_picked":["Fusion","Stack"],"picked":"Conserve Battery","floor":11},{"not_picked":["Ball Lightning","Barrage","Hello World"],"picked":"Singing Bowl","floor":12},{"not_picked":["Blizzard","Streamline"],"picked":"Creative AI","floor":13},{"not_picked":["Redo","Sweeping Beam","Blizzard"],"picked":"Singing Bowl","floor":14},{"not_picked":["Fission","Buffer"],"picked":"Seek","floor":16},{"not_picked":["Compile Driver","Genetic Algorithm"],"picked":"Reinforced Body","floor":17},{"not_picked":["Barrage","Rip and Tear"],"picked":"Conserve Battery","floor":17},{"not_picked":["Ball Lightning","Scrape"],"picked":"Conserve Battery","floor":17},{"not_picked":["Cold Snap","Compile Driver"],"picked":"BootSequence","floor":17},{"not_picked":["Turbo","Cold Snap"],"picked":"Storm","floor":17},{"not_picked":["Beam Cell","Coolheaded","Darkness"],"picked":"Singing Bowl","floor":18},{"not_picked":["Redo","Steam","Rebound"],"picked":"Singing Bowl","floor":19},{"not_picked":["Consume","Redo+1"],"picked":"Seek","floor":20}],"player_experience":1077040,"relics_obtained":[{"floor":7,"key":"Oddly Smooth Stone"},{"floor":9,"key":"Vajra"},{"floor":11,"key":"Singing Bowl"}],"event_choices":[{"damage_healed":0,"gold_gain":100,"player_choice":"Pray","damage_taken":0,"max_hp_gain":0,"max_hp_loss":0,"event_name":"Golden Shrine","floor":2,"gold_loss":0},{"damage_healed":0,"gold_gain":0,"player_choice":"Stole Relic","damage_taken":0,"relics_obtained":["DataDisk"],"max_hp_gain":0,"max_hp_loss":0,"event_name":"Addict","floor":22,"gold_loss":0,"cards_obtained":["Shame"]}],"is_beta":false,"boss_relics":[{"not_picked":["White Beast Statue","Velvet Choker"],"picked":"Orrery"}],"items_purged_floors":[21],"is_endless":false,"potions_floor_spawned":[3,4,11,12,16,19],"killed_by":"Gremlin Leader","ascension_level":10}