{"path_per_floor":["M","?","$","?","T","R","M","R","T","M","R","M","M","M","R","B",null,"M","?","$","M","T","R","M","R","T","R","M","M","M","?","R"],"character_chosen":"THE_SILENT","items_purchased":["Blur","Infinite Blades","Noxious Fumes","Dark Shackles"],"gold_per_floor":[114,114,7,7,7,7,25,25,49,63,63,77,101,116,116,236,274,299,299,53,77,77,77,95,95,95,95,110,131,152,152,152,152],"floor_reached":33,"campfire_rested":2,"playtime":1712,"current_hp_per_floor":[61,61,61,61,61,61,61,61,61,61,61,58,54,54,54,54,71,30,30,30,30,30,52,50,50,50,50,36,28,19,19,41,0],"items_purged":["Injury"],"gold":152,"score":376,"play_id":"3cbf1534-940f-4805-891e-7598697f760c","local_time":"20180422221751","is_prod":false,"is_daily":false,"chose_seed":false,"is_ascension_mode":true,"campfire_upgraded":6,"timestamp":1524449871,"path_taken":["M","?","$","?","?","R","M","R","T","M","R","M","M","M","R","BOSS","M","?","$","?","?","R","M","R","T","R","M","M","M","?","R","BOSS"],"build_version":"2018-04-19","seed_source_timestamp":719025226700718,"purchased_purges":1,"victory":false,"master_deck":["Defend_G","Defend_G+1","Defend_G","Defend_G","Defend_G","Strike_G","Strike_G","Strike_G","Survivor","Neutralize","Acrobatics","Blur+1","Infinite Blades+1","Quick Slash","Accuracy+1","Blur","Footwork+1","Envenom+1","Prepared","Sucker Punch","Noxious Fumes+1","Dark Shackles","Malaise","Dodge and Roll","Infinite Blades+1"],"max_hp_per_floor":[70,70,70,70,70,70,70,70,70,70,70,70,70,70,70,70,75,75,75,75,75,75,75,75,75,75,75,75,75,75,75,75,75],"relics":["Ring of the Snake","Golden Idol","Pen Nib","Bronze Scales","Tiny House","Snake Skull","Frozen Egg 2","Unceasing Top"],"card_choices":[{"not_picked":["Deflect","Finisher"],"picked":"Acrobatics","floor":1},{"not_picked":["PiercingWail","Deflect"],"picked":"Quick Slash","floor":7},{"not_picked":["Deflect","Night Terror"],"picked":"Accuracy","floor":10},{"not_picked":["Backflip","Acrobatics"],"picked":"Blur","floor":12},{"not_picked":["Prepared","Poisoned Stab"],"picked":"Footwork","floor":13},{"not_picked":["Die Die Die","Grand Finale"],"picked":"Envenom","floor":16},{"not_picked":["Acrobatics","Dagger Throw"],"picked":"Prepared","floor":17},{"not_picked":["Deflect","Dagger Spray"],"picked":"Sucker Punch","floor":18},{"not_picked":["Acrobatics","Escape Plan"],"picked":"Malaise","floor":24},{"not_picked":["Quick Slash","Deadly Poison"],"picked":"Dodge and Roll","floor":28},{"not_picked":["Prepared","Flying Knee"],"picked":"Infinite Blades","floor":29}],"player_experience":494453,"potions_floor_usage":[16,21,24,28,28],"damage_taken":[{"damage":2,"enemies":"Jaw Worm","floor":1,"turns":5},{"damage":0,"enemies":"Small Slimes","floor":7,"turns":5},{"damage":0,"enemies":"Cultist","floor":10,"turns":3},{"damage":3,"enemies":"Looter","floor":12,"turns":3},{"damage":4,"enemies":"Blue Slaver","floor":13,"turns":4},{"damage":0,"enemies":"Red Slaver","floor":14,"turns":5},{"damage":0,"enemies":"Slime Boss","floor":16,"turns":13},{"damage":41,"enemies":"2 Thieves","floor":18,"turns":5},{"damage":0,"enemies":"Chosen","floor":21,"turns":6},{"damage":17,"enemies":"Snake Plant","floor":24,"turns":7},{"damage":14,"enemies":"Slaver and Parasite","floor":28,"turns":7},{"damage":8,"enemies":"Snecko","floor":29,"turns":6},{"damage":9,"enemies":"Snake Plant","floor":30,"turns":6},{"damage":41,"enemies":"Collector","floor":33,"turns":6}],"event_choices":[{"event_name":"Golden Idol","player_choice":"Take Wound","floor":2,"damage_taken":0},{"event_name":"The Cleric","player_choice":"Leave","floor":4,"damage_taken":0},{"event_name":"The Mausoleum","player_choice":"Yes","floor":19,"damage_taken":0},{"event_name":"Purifier","player_choice":"One Purge","floor":31,"damage_taken":0}],"boss_relics":[{"not_picked":["Philosopher\u0027s Stone","Runic Pyramid"],"picked":"Tiny House"}],"potions_floor_spawned":[7,13,14,18,21],"seed_played":"-8979375211423873209","killed_by":"Collector","ascension_level":6,"is_trial":false}