{"gold_per_floor":[219,219,169,169,45,78,78,93,147,147,61,72,22,37,37,136,136,148,98,98,86,100,100,100],"floor_reached":24,"playtime":1727,"items_purged":["Regret","Strike_R","Strike_R","Strike_R"],"score":233,"play_id":"45682934-9f4f-4c3a-ac2c-ff2514650ad9","local_time":"20190214205019","is_ascension_mode":true,"campfire_choices":[{"data":"Disarm","floor":7,"key":"SMITH"},{"floor":10,"key":"REST"},{"data":"Shockwave","floor":15,"key":"SMITH"},{"floor":23,"key":"REST"}],"neow_cost":"NONE","seed_source_timestamp":2193223646400651,"circlet_count":0,"master_deck":["Strike_R+1","Defend_R+1","Defend_R","Defend_R","Defend_R","Bash+1","Corruption","Whirlwind","Disarm+1","Heavy Blade+1","Shockwave+1","Headbutt","Feel No Pain","Cleave","Spot Weakness","Twin Strike+1"],"relics":["Black Blood","Smiling Mask","Whetstone","Nloth\u0027s Gift"],"potions_floor_usage":[16,21,22],"damage_taken":[{"damage":8,"enemies":"Jaw Worm","floor":1,"turns":5},{"damage":40,"enemies":"Gremlin Nob","floor":6,"turns":5},{"damage":7,"enemies":"Small Slimes","floor":8,"turns":4},{"damage":7,"enemies":"Cultist","floor":12,"turns":4},{"damage":0,"enemies":"2 Fungi Beasts","floor":14,"turns":4},{"damage":9,"enemies":"The Guardian","floor":16,"turns":16},{"damage":10,"enemies":"Chosen","floor":18,"turns":6},{"damage":23,"enemies":"2 Thieves","floor":21,"turns":4},{"damage":51,"enemies":"Sentry and Sphere","floor":22,"turns":6},{"damage":50,"enemies":"Book of Stabbing","floor":24,"turns":6}],"seed_played":"-6404758140380922992","potions_obtained":[{"floor":1,"key":"EssenceOfSteel"},{"floor":6,"key":"SteroidPotion"},{"floor":12,"key":"Swift Potion"},{"floor":18,"key":"Weak Potion"}],"is_trial":false,"path_per_floor":["M","?","$","?","$","E","R","M","T","R","$","M","?","M","R","B",null,"M","$","?","M","M","R","E"],"character_chosen":"IRONCLAD","items_purchased":["Whirlwind","Shockwave"],"campfire_rested":2,"item_purchase_floors":[5,11],"current_hp_per_floor":[78,78,78,62,62,28,28,27,27,51,51,50,50,56,56,53,80,80,80,80,67,26,50,0],"gold":100,"neow_bonus":"HUNDRED_GOLD","is_prod":false,"is_daily":false,"chose_seed":false,"campfire_upgraded":2,"win_rate":0,"timestamp":1550177419,"path_taken":["M","?","$","?","$","E","R","M","T","R","$","M","?","M","R","BOSS","M","$","?","M","M","R","E"],"build_version":"2019-01-23","purchased_purges":4,"victory":false,"max_hp_per_floor":[80,80,80,80,80,80,80,80,80,80,80,80,80,80,80,80,80,80,80,80,80,80,80,80],"card_choices":[{"not_picked":["Infernal Blade","Headbutt"],"picked":"Corruption","floor":1},{"not_picked":["Flame Barrier","Intimidate"],"picked":"Disarm","floor":6},{"not_picked":["Heavy Blade","Sentinel","Dual Wield"],"picked":"SKIP","floor":8},{"not_picked":["Sentinel","Dual Wield"],"picked":"Heavy Blade","floor":8},{"not_picked":["Flex","Dropkick"],"picked":"Headbutt","floor":12},{"not_picked":["Flex","Sword Boomerang"],"picked":"Feel No Pain","floor":14},{"not_picked":["Twin Strike","Warcry"],"picked":"Cleave","floor":18},{"not_picked":["Twin Strike","Burning Pact+1"],"picked":"Spot Weakness","floor":21},{"not_picked":["True Grit","Warcry+1"],"picked":"Twin Strike+1","floor":22}],"player_experience":475805,"relics_obtained":[{"floor":6,"key":"Omamori"},{"floor":9,"key":"Whetstone"}],"event_choices":[{"damage_healed":0,"gold_gain":0,"player_choice":"Box","damage_taken":0,"relics_obtained":["Smiling Mask"],"max_hp_gain":0,"max_hp_loss":0,"event_name":"Big Fish","floor":2,"gold_loss":0,"cards_obtained":["Regret"]},{"damage_healed":0,"gold_gain":0,"player_choice":"Entered Light","damage_taken":16,"max_hp_gain":0,"max_hp_loss":0,"event_name":"Shining Light","floor":4,"gold_loss":0,"cards_upgraded":["Strike_R","Defend_R"]},{"cards_removed":["Strike_R"],"damage_healed":0,"gold_gain":0,"player_choice":"Card Removal","damage_taken":0,"max_hp_gain":0,"max_hp_loss":0,"event_name":"The Cleric","floor":13,"gold_loss":50},{"damage_healed":0,"gold_gain":0,"player_choice":"Traded Relic","damage_taken":0,"relics_obtained":["Nloth\u0027s Gift"],"max_hp_gain":0,"max_hp_loss":0,"event_name":"N\u0027loth","floor":20,"relics_lost":["Omamori"],"gold_loss":0}],"is_beta":false,"boss_relics":[{"not_picked":["Runic Dome","Coffee Dripper"],"picked":"Black Blood"}],"items_purged_floors":[3,5,11,19],"is_endless":false,"potions_floor_spawned":[1,6,12,18],"killed_by":"Book of Stabbing","ascension_level":4}