{"gold_per_floor":[113,113,130,81,96,127,50,50,50,81,81,94,94,108,108,108],"floor_reached":16,"playtime":529,"items_purged":[],"score":154,"play_id":"25408676-6910-4b0a-9511-ec52c746ad8d","local_time":"20190227111505","is_ascension_mode":true,"campfire_choices":[{"data":"Armaments","floor":13,"key":"SMITH"},{"data":"Metallicize","floor":15,"key":"SMITH"}],"neow_cost":"NONE","seed_source_timestamp":1186366209383585,"circlet_count":0,"master_deck":["Strike_R","Strike_R","Strike_R","Strike_R","Defend_R","Defend_R","Defend_R","Defend_R","Bash","Metallicize+1","Twin Strike","Armaments+1","Fiend Fire","Evolve","Exhume","Injury","Infernal Blade"],"relics":["Burning Blood","NeowsBlessing","Bottled Tornado","Ornamental Fan","Potion Belt","Golden Idol"],"potions_floor_usage":[6,10],"damage_taken":[{"damage":0,"enemies":"Jaw Worm","floor":1,"turns":1},{"damage":0,"enemies":"Small Slimes","floor":3,"turns":2},{"damage":0,"enemies":"Cultist","floor":5,"turns":1},{"damage":16,"enemies":"3 Sentries","floor":6,"turns":11},{"damage":17,"enemies":"Gremlin Nob","floor":10,"turns":5},{"damage":9,"enemies":"Large Slime","floor":12,"turns":8},{"damage":11,"enemies":"3 Louse","floor":14,"turns":5},{"damage":57,"enemies":"Hexaghost","floor":16,"turns":10}],"seed_played":"2418342025476042132","potions_obtained":[{"floor":1,"key":"PowerPotion"},{"floor":3,"key":"Fire Potion"},{"floor":10,"key":"SpeedPotion"},{"floor":12,"key":"Swift Potion"}],"is_trial":false,"path_per_floor":["M","?","M","$","M","E","$","?","T","E","?","M","R","M","R","B"],"character_chosen":"IRONCLAD","items_purchased":["Twin Strike","Evolve"],"campfire_rested":0,"item_purchase_floors":[4,7],"current_hp_per_floor":[78,71,77,77,80,70,70,75,75,64,64,61,61,56,56,0],"gold":108,"neow_bonus":"THREE_ENEMY_KILL","is_prod":false,"is_daily":false,"chose_seed":false,"campfire_upgraded":2,"win_rate":0,"timestamp":1551294905,"path_taken":["M","?","M","$","M","E","$","?","T","E","?","M","R","M","R","BOSS"],"build_version":"2019-01-23","purchased_purges":0,"victory":false,"max_hp_per_floor":[80,80,80,80,80,80,80,85,85,85,85,85,85,85,85,85],"card_choices":[{"not_picked":["Pommel Strike","Disarm"],"picked":"Metallicize","floor":1},{"not_picked":["Warcry","Cleave","Reckless Charge"],"picked":"SKIP","floor":3},{"not_picked":["Heavy Blade","Cleave"],"picked":"Armaments","floor":5},{"not_picked":["True Grit","Wild Strike"],"picked":"Fiend Fire","floor":6},{"not_picked":["Flex","Uppercut"],"picked":"Exhume","floor":10},{"not_picked":["Thunderclap","Warcry","Iron Wave"],"picked":"SKIP","floor":12},{"not_picked":["Clothesline","Sever Soul"],"picked":"Infernal Blade","floor":14}],"player_experience":316805,"relics_obtained":[{"floor":6,"key":"Bottled Tornado"},{"floor":9,"key":"Ornamental Fan"},{"floor":10,"key":"Potion Belt"}],"event_choices":[{"cards_removed":["Strike_R"],"damage_healed":0,"gold_gain":0,"player_choice":"Card Removal","damage_taken":7,"max_hp_gain":0,"max_hp_loss":0,"event_name":"Golden Wing","floor":2,"gold_loss":0},{"damage_healed":0,"gold_gain":0,"player_choice":"Donut","damage_taken":0,"max_hp_gain":5,"max_hp_loss":0,"event_name":"Big Fish","floor":8,"gold_loss":0},{"damage_healed":0,"gold_gain":0,"player_choice":"Take Wound","damage_taken":0,"relics_obtained":["Golden Idol"],"max_hp_gain":0,"max_hp_loss":0,"event_name":"Golden Idol","floor":11,"gold_loss":0,"cards_obtained":["Injury"]}],"is_beta":false,"boss_relics":[],"items_purged_floors":[],"is_endless":false,"potions_floor_spawned":[1,3,10,12],"killed_by":"Hexaghost","ascension_level":8}