{"gold_per_floor":[111,130,4,23,23,23,23,55,107,126,126,139,149,161,161,265,315,328,66,66,86,97,97,97,97,143,143,143,157,173,108,108,210,210,221,274,13,33,33],"floor_reached":39,"playtime":3247,"items_purged":["Strike_R","Strike_R"],"score":383,"play_id":"863bd143-7ca6-4b8a-b8ca-b3863901b1a6","local_time":"20190127172906","is_ascension_mode":false,"campfire_choices":[{"data":"Bash","floor":6,"key":"SMITH"},{"data":"Armaments","floor":11,"key":"SMITH"},{"data":"Rampage","floor":15,"key":"SMITH"},{"data":"Evolve","floor":23,"key":"SMITH"},{"data":"Battle Trance","floor":25,"key":"SMITH"},{"data":"Reckless Charge","floor":27,"key":"SMITH"},{"data":"Inflame","floor":32,"key":"SMITH"}],"neow_cost":"PERCENT_DAMAGE","seed_source_timestamp":624408717246171,"circlet_count":0,"master_deck":["Strike_R","Strike_R","Defend_R","Defend_R","Defend_R","Defend_R","Bash+1","Anger","Armaments+1","True Grit+1","Evolve+1","Reckless Charge+1","Battle Trance+1","Rampage+1","Berserk+1","Reckless Charge","Flex+1","Inflame+1","Uppercut","True Grit+1","Inflame+1","Reaper","Cleave+1","Metallicize+1","Disarm"],"relics":["Burning Blood","Thread and Needle","Champion Belt","Bronze Scales","Art of War","Tiny House","Singing Bowl","Omamori","The Courier","Cursed Key","Du-Vu Doll","Lantern"],"potions_floor_usage":[21,33,39,39],"damage_taken":[{"damage":0,"enemies":"Jaw Worm","floor":1,"turns":4},{"damage":9,"enemies":"2 Louse","floor":2,"turns":2},{"damage":0,"enemies":"Small Slimes","floor":4,"turns":3},{"damage":11,"enemies":"Lagavulin","floor":8,"turns":6},{"damage":3,"enemies":"Exordium Thugs","floor":10,"turns":5},{"damage":5,"enemies":"Blue Slaver","floor":12,"turns":3},{"damage":0,"enemies":"Large Slime","floor":13,"turns":4},{"damage":0,"enemies":"Lots of Slimes","floor":14,"turns":4},{"damage":25,"enemies":"Slime Boss","floor":16,"turns":8},{"damage":11,"enemies":"Shell Parasite","floor":18,"turns":4},{"damage":10,"enemies":"Spheric Guardian","floor":21,"turns":4},{"damage":13,"enemies":"Centurion and Healer","floor":22,"turns":7},{"damage":0,"enemies":"Chosen and Byrds","floor":29,"turns":4},{"damage":7,"enemies":"Snecko","floor":30,"turns":4},{"damage":46,"enemies":"Automaton","floor":33,"turns":9},{"damage":21,"enemies":"3 Shapes","floor":35,"turns":7},{"damage":72,"enemies":"2 Orb Walkers","floor":36,"turns":5},{"damage":57,"enemies":"3 Darklings","floor":38,"turns":6},{"damage":30,"enemies":"Spire Growth","floor":39,"turns":3}],"seed_played":"-5525955537412878779","potions_obtained":[{"floor":10,"key":"BloodPotion"},{"floor":12,"key":"FairyPotion"},{"floor":16,"key":"SkillPotion"},{"floor":22,"key":"LiquidBronze"},{"floor":29,"key":"SkillPotion"},{"floor":33,"key":"GamblersBrew"},{"floor":35,"key":"Ancient Potion"}],"is_trial":false,"path_per_floor":["M","M","$","M","?","R","T","E","T","M","R","M","M","M","R","B",null,"M","$","?","M","M","R","?","R","T","R","?","M","M","$","R","B",null,"M","?","$","M","M"],"character_chosen":"IRONCLAD","items_purchased":["True Grit","Singing Bowl","Inflame","Lantern","Disarm"],"campfire_rested":0,"item_purchase_floors":[3,19,31,37,37],"current_hp_per_floor":[62,59,59,65,65,65,65,60,60,63,63,64,70,76,76,57,85,80,80,80,78,71,71,71,71,71,71,71,77,76,76,76,36,87,72,20,20,11,0],"gold":33,"neow_bonus":"ONE_RARE_RELIC","is_prod":false,"is_daily":false,"chose_seed":false,"campfire_upgraded":7,"win_rate":0,"timestamp":1548610146,"path_taken":["M","M","$","M","?","R","?","E","T","M","R","M","M","M","R","BOSS","M","$","?","M","M","R","?","R","T","R","?","?","M","$","R","BOSS","M","?","$","M","M"],"build_version":"2019-01-23","purchased_purges":2,"victory":false,"max_hp_per_floor":[80,80,80,80,80,80,80,80,80,80,80,80,80,80,80,80,85,85,85,85,87,87,87,87,87,87,87,87,87,87,87,87,87,87,87,87,87,89,89],"card_choices":[{"not_picked":["Body Slam","Headbutt"],"picked":"Anger","floor":1},{"not_picked":["Havoc","Flex"],"picked":"Armaments","floor":2},{"not_picked":["Havoc","Combust","Thunderclap"],"picked":"SKIP","floor":4},{"not_picked":["Sever Soul","Carnage","Searing Blow"],"picked":"SKIP","floor":8},{"not_picked":["Armaments","Pummel"],"picked":"Evolve","floor":10},{"not_picked":["Havoc","Brutality"],"picked":"Reckless Charge","floor":12},{"not_picked":["Clash","Hemokinesis"],"picked":"Battle Trance","floor":13},{"not_picked":["True Grit","Havoc"],"picked":"Rampage","floor":14},{"not_picked":["Offering","Immolate"],"picked":"Berserk","floor":16},{"not_picked":["Warcry","Iron Wave"],"picked":"Reckless Charge","floor":17},{"not_picked":["Body Slam","Sword Boomerang"],"picked":"Flex+1","floor":18},{"not_picked":["Thunderclap","Headbutt","Second Wind"],"picked":"Singing Bowl","floor":21},{"not_picked":["Havoc+1","Corruption"],"picked":"Inflame+1","floor":22},{"not_picked":["Clash+1","Havoc"],"picked":"Uppercut","floor":29},{"not_picked":["Pommel Strike+1","Body Slam+1"],"picked":"True Grit+1","floor":30},{"not_picked":["Berserk","Offering"],"picked":"Reaper","floor":33},{"not_picked":["Power Through","Pommel Strike+1"],"picked":"Cleave+1","floor":35},{"not_picked":["Clash","Reckless Charge+1"],"picked":"Metallicize+1","floor":36},{"not_picked":["Evolve+1","Shockwave","Feed"],"picked":"Singing Bowl","floor":38}],"player_experience":362244,"relics_obtained":[{"floor":7,"key":"Champion Belt"},{"floor":8,"key":"Bronze Scales"},{"floor":9,"key":"Art of War"},{"floor":26,"key":"Omamori"},{"floor":36,"key":"Du-Vu Doll"}],"event_choices":[{"damage_healed":0,"gold_gain":0,"player_choice":"Grow","damage_taken":0,"max_hp_gain":0,"max_hp_loss":0,"event_name":"Living Wall","floor":5,"gold_loss":0,"cards_upgraded":["True Grit"]},{"damage_healed":0,"gold_gain":0,"player_choice":"Ignored","damage_taken":0,"max_hp_gain":0,"max_hp_loss":0,"event_name":"Ghosts","floor":20,"gold_loss":0},{"cards_removed":["Strike_R"],"damage_healed":0,"gold_gain":0,"player_choice":"Elegance","damage_taken":0,"max_hp_gain":0,"max_hp_loss":0,"event_name":"Back to Basics","floor":24,"gold_loss":0},{"damage_healed":0,"gold_gain":0,"player_choice":"Opened","damage_taken":0,"relics_obtained":["The Courier"],"max_hp_gain":0,"max_hp_loss":0,"event_name":"The Mausoleum","floor":28,"gold_loss":0,"cards_obtained":["Writhe"]},{"damage_healed":0,"gold_gain":0,"player_choice":"Fight","damage_taken":0,"max_hp_gain":0,"max_hp_loss":0,"event_name":"Mysterious Sphere","floor":36,"gold_loss":0}],"is_beta":false,"boss_relics":[{"not_picked":["Ectoplasm","Lizard Tail"],"picked":"Tiny House"},{"not_picked":["Coffee Dripper","Black Blood"],"picked":"Cursed Key"}],"items_purged_floors":[3,37],"is_endless":false,"potions_floor_spawned":[10,12,16,22,29,30,33,35,36],"killed_by":"Spire Growth","ascension_level":0}