{"path_per_floor":["M","$","M","?","M","R","?","M","T","R","M","M","M","M","R","B",null,"M","$","M","M","?","R","?","R","T","R","$","?","E","M","R","B",null,"M","M","$","T","$","R","M","E","T","R","?","R","E","M","R","B"],"character_chosen":"THE_SILENT","items_purchased":["Prepared","Footwork","Noxious Fumes","Escape Plan","Mercury Hourglass","Backflip","Finesse","Master of Strategy"],"gold_per_floor":[109,23,37,37,50,50,150,170,250,250,265,275,290,302,302,403,403,423,10,21,39,39,39,39,39,64,64,12,12,41,61,61,160,160,180,197,20,320,38,38,51,76,102,102,102,102,134,150,150,150],"floor_reached":51,"campfire_rested":7,"playtime":3057,"current_hp_per_floor":[70,70,60,60,60,60,60,41,41,62,48,24,18,16,37,23,70,70,70,57,49,33,54,54,54,54,54,54,41,37,28,53,13,85,77,75,75,75,75,75,70,9,9,34,34,59,59,52,85,1],"items_purged":["Clumsy","Injury"],"gold":150,"score":723,"play_id":"af581d3f-0a83-4523-a554-c66821bd7829","local_time":"20180304172207","is_prod":false,"is_daily":false,"is_ascension_mode":true,"campfire_upgraded":4,"timestamp":1520202127,"path_taken":["M","$","?","?","M","R","?","M","T","R","M","M","M","M","R","BOSS","M","?","M","M","?","R","?","R","T","R","?","?","E","M","R","BOSS","M","?","$","?","$","R","M","E","T","R","?","R","E","M","R","BOSS"],"build_version":"2018-03-01-PROD1","purchased_purges":2,"victory":true,"master_deck":["Defend_G","Defend_G","Defend_G","Defend_G","Defend_G","Strike_G","Strike_G","Strike_G","Strike_G","Survivor+1","Neutralize","Wraith Form+1","Choke+1","Prepared","Footwork","Footwork+1","Escape Plan","Predator","Caltrops","Terror","Deflect","Tools of the Trade","Backflip","Noxious Fumes","Escape Plan+1","Dodge and Roll","Prepared","Necronomicurse","Backflip","Dodge and Roll","Wraith Form","Adrenaline+1","Backflip+1","Finesse","Master of Strategy","Prepared+1","Well Laid Plans+1","Parasite"],"max_hp_per_floor":[70,70,70,70,70,70,70,70,70,70,70,70,70,70,70,70,70,70,70,70,70,70,70,70,70,70,70,70,75,85,85,85,85,85,85,85,85,85,85,85,85,85,85,85,85,85,85,85,85,85],"relics":["Ring of the Snake","Letter Opener","Cursed Key","Mercury Hourglass","Necronomicon","War Paint","Pear","Lizard Tail","Old Coin","Bag of Preparation","Omamori","Regal Pillow"],"card_choices":[{"not_picked":["Poisoned Stab","Underhanded Strike"],"picked":"Choke"},{"not_picked":["Outmaneuver","Dodge and Roll"],"picked":"Footwork"},{"not_picked":["Backflip","Distraction"],"picked":"Escape Plan"},{"not_picked":["Venomology","Catalyst"],"picked":"Predator"},{"not_picked":["Underhanded Strike","Expertise"],"picked":"Caltrops"},{"not_picked":["Bane","Malaise"],"picked":"Terror"},{"not_picked":["Deadly Poison","Quick Slash"],"picked":"Deflect"},{"not_picked":["Night Terror","Unload"],"picked":"Tools of the Trade"},{"not_picked":["Quick Slash","Dash"],"picked":"Backflip"},{"not_picked":["Dash","Deadly Poison"],"picked":"Dodge and Roll"},{"not_picked":["Expertise","Sucker Punch"],"picked":"Prepared"},{"not_picked":["Outmaneuver","Reflex"],"picked":"Dodge and Roll"},{"not_picked":["Quick Slash","Underhanded Strike"],"picked":"Wraith Form"},{"not_picked":["Wraith Form","Bullet Time"],"picked":"Adrenaline"},{"not_picked":["Deflect","Heel Hook"],"picked":"Backflip"},{"not_picked":["Cloak And Dagger","Underhanded Strike"],"picked":"Prepared"},{"not_picked":["Sucker Punch","Bane"],"picked":"Well Laid Plans"}],"player_experience":222182,"potions_floor_usage":[16,16,16,30,42,42,42,50,50],"damage_taken":[{"damage":0,"enemies":"Cultist","floor":1,"turns":4},{"damage":10,"enemies":"Jaw Worm","floor":3,"turns":5},{"damage":0,"enemies":"2 Louse","floor":5,"turns":4},{"damage":19,"enemies":"Large Slime","floor":8,"turns":6},{"damage":14,"enemies":"Red Slaver","floor":11,"turns":4},{"damage":24,"enemies":"Lots of Slimes","floor":12,"turns":4},{"damage":6,"enemies":"2 Fungi Beasts","floor":13,"turns":4},{"damage":2,"enemies":"Blue Slaver","floor":14,"turns":4},{"damage":14,"enemies":"The Guardian","floor":16,"turns":10},{"damage":0,"enemies":"Chosen","floor":18,"turns":6},{"damage":13,"enemies":"3 Byrds","floor":20,"turns":3},{"damage":8,"enemies":"Centurion and Healer","floor":21,"turns":7},{"damage":14,"enemies":"Gremlin Leader","floor":30,"turns":6},{"damage":9,"enemies":"Snake Plant","floor":31,"turns":2},{"damage":40,"enemies":"Collector","floor":33,"turns":8},{"damage":8,"enemies":"3 Shapes","floor":35,"turns":5},{"damage":2,"enemies":"Orb Walker","floor":36,"turns":2},{"damage":5,"enemies":"Maw","floor":41,"turns":6},{"damage":61,"enemies":"Giant Head","floor":42,"turns":7},{"damage":0,"enemies":"2 Orb Walkers","floor":47,"turns":4},{"damage":7,"enemies":"4 Shapes","floor":48,"turns":4},{"damage":84,"enemies":"Awakened One","floor":50,"turns":10}],"event_choices":[{"event_name":"The Cleric","player_choice":"Leave","floor":4,"damage_taken":0},{"event_name":"Golden Shrine","player_choice":"Pray","floor":7,"damage_taken":0},{"event_name":"Cursed Tome","player_choice":"Obtained Book","floor":22,"damage_taken":0},{"event_name":"N\u0027loth","player_choice":"Ignored","floor":24,"damage_taken":0},{"event_name":"Forgotten Altar","player_choice":"Shed Blood","floor":29,"damage_taken":0}],"boss_relics":[{"not_picked":["The Specimen","Velvet Choker"],"picked":"Cursed Key"},{"not_picked":["Pandora\u0027s Box","Question Card"],"picked":"Lizard Tail"}],"potions_floor_spawned":[8,12,13,14,20,31,33,35,42,47,48],"seed_played":"7667669389133013014","ascension_level":3,"is_trial":false}