{"path_per_floor":["M","M","?","M","?","E","R","E","T","R","M","?","M","?","R","B",null,"M","M","?","?","M","M","M","R","T","?","E","R","E","M","R","B",null,"M","?","?","?","?","R"],"character_chosen":"DEFECT","items_purchased":[],"gold_per_floor":[118,131,131,151,226,256,256,288,343,343,363,538,553,553,553,654,654,666,679,679,707,724,743,759,759,759,759,789,789,820,833,833,931,931,950,950,950,950,950,950,950],"floor_reached":41,"campfire_rested":0,"playtime":2906,"item_purchase_floors":[],"current_hp_per_floor":[73,73,58,58,47,33,33,20,27,27,39,39,51,26,26,34,70,64,49,41,23,21,31,26,26,26,26,28,28,28,28,28,16,25,20,20,20,16,6,6,0],"items_purged":[],"gold":950,"score":661,"play_id":"bf4c19f4-2b1a-4839-896a-35c9d939b1fa","local_time":"20180604025335","is_prod":false,"is_daily":false,"chose_seed":false,"is_ascension_mode":true,"campfire_upgraded":7,"win_rate":0,"timestamp":1528048415,"campfire_choices":[{"data":"Zap","floor":7,"key":"SMITH"},{"data":"Darkness","floor":10,"key":"SMITH"},{"data":"Redo","floor":15,"key":"SMITH"},{"data":"Loop","floor":25,"key":"SMITH"},{"data":"Ghostly","floor":29,"key":"SMITH"},{"data":"Ghostly","floor":32,"key":"SMITH"},{"data":"Ghostly","floor":40,"key":"SMITH"}],"path_taken":["M","M","?","M","?","E","R","E","T","R","M","?","?","?","R","BOSS","M","M","?","?","M","?","?","R","T","?","E","R","E","M","R","BOSS","M","?","?","?","?","R","E"],"build_version":"2018-05-31","seed_source_timestamp":967893531820798,"purchased_purges":0,"victory":false,"master_deck":["Defend_B","Defend_B","Defend_B","Defend_B","Zap+1","Dualcast+1","Genetic Algorithm+1","Darkness+1","Gash","Loop+1","Redo+1","Echo Form","Gash+1","White Noise+1","Ghostly+1","Ghostly+1","Ghostly+1","Ghostly","Ghostly","Chill+1","Bite","Bite","Bite","Bite","Defragment+1","Seek","Madness","Madness","Flash of Steel","Master of Strategy"],"max_hp_per_floor":[75,75,75,75,75,75,75,75,82,82,82,82,82,82,82,82,82,82,82,41,41,41,41,41,41,41,28,28,28,28,28,28,28,28,28,28,28,28,28,28,28],"relics":["Cracked Core","Ancient Tea Set","Meat on the Bone","Oddly Smooth Stone","Strawberry","Bronze Scales","Black Star","Red Mask","Bag of Preparation","Dodecahedron","Frozen Egg 2","Centennial Puzzle","Kunai","Cursed Key"],"card_choices":[{"not_picked":["Rebound","Storm"],"picked":"Genetic Algorithm","floor":1},{"not_picked":["Coolheaded","Rebound","Steam"],"picked":"SKIP","floor":2},{"not_picked":["Go for the Eyes","Rebound"],"picked":"Darkness","floor":4},{"not_picked":["Force Field","Hologram"],"picked":"Gash","floor":6},{"not_picked":["Turbo","Streamline","Ball Lightning"],"picked":"SKIP","floor":8},{"not_picked":["BootSequence","Turbo"],"picked":"Loop","floor":11},{"not_picked":["Steam","Barrage"],"picked":"Redo","floor":13},{"not_picked":["Rainbow","Amplify"],"picked":"Echo Form","floor":16},{"not_picked":["Hologram","Conserve Battery"],"picked":"Gash+1","floor":18},{"not_picked":["Double Energy","BootSequence"],"picked":"White Noise+1","floor":19},{"not_picked":["Cold Snap","Amplify"],"picked":"Chill+1","floor":22},{"not_picked":["Leap","Fusion","Heatsinks"],"picked":"SKIP","floor":23},{"not_picked":["Hologram","White Noise","Steam"],"picked":"SKIP","floor":24},{"not_picked":["Heatsinks+1","Conserve Battery","Rebound+1"],"picked":"SKIP","floor":28},{"not_picked":["Compile Driver","Stack"],"picked":"Defragment+1","floor":30},{"not_picked":["Cold Snap+1","Skim","Sweeping Beam"],"picked":"SKIP","floor":31},{"not_picked":["Biased Cognition+1","All For One"],"picked":"Seek","floor":33},{"not_picked":["Gash","Steam+1","Hologram"],"picked":"SKIP","floor":35},{"not_picked":["Deep Breath","Madness"],"picked":"Flash of Steel","floor":39},{"not_picked":["Flash of Steel","Transmutation"],"picked":"Master of Strategy","floor":39}],"player_experience":761690,"potions_floor_usage":[6,6,21,33,33,33,41],"damage_taken":[{"damage":2,"enemies":"Jaw Worm","floor":1,"turns":3},{"damage":0,"enemies":"Small Slimes","floor":2,"turns":3},{"damage":0,"enemies":"2 Louse","floor":4,"turns":2},{"damage":14,"enemies":"Gremlin Nob","floor":6,"turns":3},{"damage":25,"enemies":"3 Sentries","floor":8,"turns":7},{"damage":0,"enemies":"Large Slime","floor":11,"turns":3},{"damage":0,"enemies":"2 Fungi Beasts","floor":13,"turns":2},{"damage":4,"enemies":"Hexaghost","floor":16,"turns":7},{"damage":6,"enemies":"Chosen","floor":18,"turns":5},{"damage":27,"enemies":"Shell Parasite","floor":19,"turns":5},{"damage":18,"enemies":"Masked Bandits","floor":21,"turns":6},{"damage":14,"enemies":"Centurion and Healer","floor":22,"turns":8},{"damage":2,"enemies":"3 Cultists","floor":23,"turns":8},{"damage":17,"enemies":"Snake Plant","floor":24,"turns":5},{"damage":0,"enemies":"Gremlin Leader","floor":28,"turns":7},{"damage":0,"enemies":"Slavers","floor":30,"turns":7},{"damage":0,"enemies":"Cultist and Chosen","floor":31,"turns":7},{"damage":30,"enemies":"Automaton","floor":33,"turns":10},{"damage":10,"enemies":"Orb Walker","floor":35,"turns":5},{"damage":21,"enemies":"Nemesis","floor":41,"turns":6}],"relics_obtained":[{"floor":6,"key":"Meat on the Bone"},{"floor":8,"key":"Oddly Smooth Stone"},{"floor":9,"key":"Strawberry"},{"floor":21,"key":"Red Mask"},{"floor":26,"key":"Bag of Preparation"},{"floor":28,"key":"Dodecahedron"},{"floor":28,"key":"Frozen Egg 2"},{"floor":30,"key":"Centennial Puzzle"},{"floor":30,"key":"Kunai"}],"event_choices":[{"event_name":"Shining Light","player_choice":"Entered Light","floor":3,"damage_taken":0},{"event_name":"World of Goop","player_choice":"Gather Gold","floor":5,"damage_taken":0},{"event_name":"Liars Game","player_choice":"agreed","floor":12,"damage_taken":0},{"event_name":"Scrap Ooze","player_choice":"success","floor":14,"damage_taken":25},{"event_name":"Ghosts","player_choice":"Became a Ghost","floor":20,"damage_taken":0},{"event_name":"Masked Bandits","player_choice":"Fought over 679 gold","floor":21,"damage_taken":0},{"event_name":"Vampires","player_choice":"Became a vampire","floor":27,"damage_taken":0},{"event_name":"Purifier","player_choice":"One Purge","floor":37,"damage_taken":0},{"event_name":"Winding Halls","player_choice":"Embrace Madness","floor":38,"damage_taken":0},{"event_name":"SensoryStone","player_choice":"Memory 3","floor":39,"damage_taken":0}],"boss_relics":[{"not_picked":["Snecko Eye","Runic Pyramid"],"picked":"Black Star"},{"not_picked":["Calling Bell","Lizard Tail"],"picked":"Cursed Key"}],"items_purged_floors":[],"potions_floor_spawned":[1,2,4,19,23,24,28,33],"seed_played":"-3174577220865608438","killed_by":"Nemesis","ascension_level":5,"potions_obtained":[{"floor":1,"key":"FocusPotion"},{"floor":2,"key":"Poison Potion"},{"floor":4,"key":"Block Potion"},{"floor":19,"key":"Poison Potion"},{"floor":23,"key":"Weak Potion"},{"floor":24,"key":"Weak Potion"},{"floor":33,"key":"Swift Potion"}],"is_trial":false}