{"gold_per_floor":[119,294,294,149,166,201,213,4,28,28,12,12,12],"floor_reached":13,"playtime":527,"items_purged":["Regret"],"score":100,"play_id":"7971f50b-83f2-4dd5-b9d0-3943700cbd8a","local_time":"20181208204937","is_ascension_mode":true,"campfire_choices":[{"data":"Noxious Fumes","floor":10,"key":"SMITH"}],"neow_cost":"NONE","seed_source_timestamp":1291551080919904,"circlet_count":0,"master_deck":["Defend_G","Defend_G","Defend_G","Defend_G","Defend_G","Strike_G","Strike_G+1","Strike_G+1","Strike_G","Strike_G","Survivor","Neutralize+1","Blur","Doubt","Caltrops","Sucker Punch","Caltrops","Noxious Fumes+1","Caltrops"],"relics":["Ring of the Snake","Bag of Marbles","Singing Bowl","ClockworkSouvenir","Whetstone","Toxic Egg 2"],"potions_floor_usage":[6,13],"damage_taken":[{"damage":0,"enemies":"Small Slimes","floor":1,"turns":3},{"damage":2,"enemies":"2 Louse","floor":5,"turns":3},{"damage":31,"enemies":"Lagavulin","floor":6,"turns":11},{"damage":4,"enemies":"Jaw Worm","floor":7,"turns":4},{"damage":22,"enemies":"Exordium Thugs","floor":11,"turns":5},{"damage":16,"enemies":"Lots of Slimes","floor":13,"turns":2}],"seed_played":"3512717812007468230","potions_obtained":[{"floor":1,"key":"FearPotion"},{"floor":11,"key":"Fruit Juice"}],"is_trial":false,"path_per_floor":["M","?","?","$","M","E","M","$","T","R","M","T","M"],"character_chosen":"THE_SILENT","items_purchased":["Caltrops","ClockworkSouvenir"],"campfire_rested":0,"item_purchase_floors":[4,8],"current_hp_per_floor":[70,70,70,70,68,37,33,33,33,33,11,11,0],"gold":12,"neow_bonus":"UPGRADE_CARD","is_prod":false,"is_daily":false,"chose_seed":false,"campfire_upgraded":1,"win_rate":0,"timestamp":1544320177,"path_taken":["M","?","?","?","M","E","M","$","T","R","?","?","?"],"build_version":"2018-12-06","purchased_purges":1,"victory":false,"max_hp_per_floor":[70,70,70,70,70,70,70,70,70,70,70,70,75],"card_choices":[{"not_picked":["Slice","Distraction"],"picked":"Blur","floor":1},{"not_picked":["Underhanded Strike","Cloak And Dagger"],"picked":"Sucker Punch","floor":5},{"not_picked":["Dagger Throw","Heel Hook"],"picked":"Caltrops","floor":6},{"not_picked":["Backstab","Footwork"],"picked":"Noxious Fumes","floor":7},{"not_picked":["Deadly Poison","Finisher"],"picked":"Caltrops","floor":11}],"player_experience":258040,"relics_obtained":[{"floor":6,"key":"Singing Bowl"},{"floor":9,"key":"Whetstone"},{"floor":12,"key":"Toxic Egg 2"}],"event_choices":[{"damage_healed":0,"gold_gain":175,"player_choice":"AGREE","damage_taken":0,"max_hp_gain":0,"max_hp_loss":0,"event_name":"Liars Game","floor":2,"gold_loss":0,"cards_obtained":["Doubt"]},{"damage_healed":0,"gold_gain":0,"player_choice":"Box","damage_taken":0,"relics_obtained":["Bag of Marbles"],"max_hp_gain":0,"max_hp_loss":0,"event_name":"Big Fish","floor":3,"gold_loss":0,"cards_obtained":["Regret"]}],"is_beta":false,"boss_relics":[],"items_purged_floors":[4],"is_endless":false,"potions_floor_spawned":[1,11],"killed_by":"Lots of Slimes","ascension_level":4}