{"gold_per_floor":[217,392,1,16,26,61,61,94,94,94,109,109,121,81,81,181,181,200,3,3,103,116,147,147,147,198,198,73,106,106,106,106,210,210,222,236,236,236,1235,1235,1260,453,453,165,165,165,165,200,200,200],"floor_reached":51,"playtime":3594,"items_purged":["Doubt","Eviscerate","Shame","Normality","Normality"],"score":1081,"play_id":"cb2f8fd2-38ea-4403-b9fb-329afc535146","local_time":"20181221205306","is_ascension_mode":true,"campfire_choices":[{"floor":10,"key":"REST"},{"data":"Neutralize","floor":12,"key":"SMITH"},{"floor":15,"key":"REST"},{"floor":24,"key":"REST"},{"data":"Bullet Time","floor":27,"key":"SMITH"},{"floor":30,"key":"REST"},{"data":"Adrenaline","floor":32,"key":"SMITH"},{"floor":40,"key":"REST"},{"data":"Doppelganger","floor":45,"key":"SMITH"},{"data":"Choke","floor":47,"key":"SMITH"},{"data":"Calculated Gamble","floor":49,"key":"SMITH"}],"neow_cost":"NONE","seed_source_timestamp":94114054111309,"circlet_count":0,"master_deck":["Survivor+1","Neutralize+1","Choke+1","Infinite Blades","Blade Dance","Calculated Gamble+1","Deflect","Backflip+1","Distraction","Backstab","Noxious Fumes","Adrenaline+1","Heel Hook","Endless Agony","Dagger Spray","Infinite Blades","Blade Dance","Finisher","Dagger Spray","Acrobatics","Cloak And Dagger","Cloak And Dagger","All Out Attack+1","Dagger Throw+1","Bullet Time+1","Blur","Accuracy","Backflip+1","Tools of the Trade","Accuracy","Doppelganger+1","Infinite Blades","Blur"],"relics":["Ring of the Snake","Kunai","Ornamental Fan","Smiling Mask","War Paint","Mummified Hand","Pandora\u0027s Box","Pen Nib","Anchor","StoneCalendar","Dodecahedron","Pocketwatch","Juzu Bracelet","Question Card","Sozu","Vajra","Thread and Needle","Sling","Bottled Flame","Incense Burner","ClockworkSouvenir","Bag of Preparation"],"potions_floor_usage":[6,13,33,33,33],"damage_taken":[{"damage":9,"enemies":"Small Slimes","floor":1,"turns":5},{"damage":8,"enemies":"Jaw Worm","floor":4,"turns":4},{"damage":2,"enemies":"2 Louse","floor":5,"turns":2},{"damage":18,"enemies":"3 Sentries","floor":6,"turns":9},{"damage":20,"enemies":"Gremlin Nob","floor":8,"turns":5},{"damage":0,"enemies":"2 Fungi Beasts","floor":11,"turns":3},{"damage":0,"enemies":"Large Slime","floor":13,"turns":2},{"damage":15,"enemies":"Hexaghost","floor":16,"turns":12},{"damage":8,"enemies":"Chosen","floor":18,"turns":3},{"damage":4,"enemies":"Colosseum Slavers","floor":21,"turns":3},{"damage":25,"enemies":"Colosseum Nobs","floor":21,"turns":5},{"damage":0,"enemies":"2 Thieves","floor":22,"turns":2},{"damage":6,"enemies":"Book of Stabbing","floor":23,"turns":4},{"damage":13,"enemies":"Slavers","floor":29,"turns":3},{"damage":0,"enemies":"Collector","floor":33,"turns":5},{"damage":0,"enemies":"Orb Walker","floor":35,"turns":4},{"damage":5,"enemies":"3 Darklings","floor":36,"turns":3},{"damage":0,"enemies":"Nemesis","floor":41,"turns":5},{"damage":0,"enemies":"Giant Head","floor":48,"turns":2},{"damage":52,"enemies":"Donu and Deca","floor":50,"turns":8}],"seed_played":"6880280932590377083","potions_obtained":[{"floor":1,"key":"GhostInAJar"},{"floor":8,"key":"AttackPotion"},{"floor":21,"key":"FearPotion"},{"floor":22,"key":"Energy Potion"},{"floor":29,"key":"SkillPotion"}],"is_trial":false,"path_per_floor":["M","?","$","M","M","E","T","E","T","R","M","R","M","$","R","B",null,"M","$","?","?","M","E","R","?","T","R","$","E","R","$","R","B",null,"M","M","?","?","?","R","E","$","T","$","R","$","R","E","R","B",null],"character_chosen":"THE_SILENT","items_purchased":["Kunai","Infinite Blades","Noxious Fumes","Pen Nib","Accuracy","Thread and Needle","Sling","Bottled Flame","ClockworkSouvenir","Infinite Blades"],"campfire_rested":5,"item_purchase_floors":[3,3,14,19,28,42,42,42,44,44],"current_hp_per_floor":[54,54,54,46,44,26,26,6,6,27,27,27,27,27,48,33,61,53,53,53,24,24,18,39,39,39,39,39,26,47,47,47,47,64,64,59,59,59,59,66,66,66,66,66,66,66,66,66,66,14],"gold":200,"neow_bonus":"HUNDRED_GOLD","is_prod":false,"is_daily":false,"chose_seed":false,"campfire_upgraded":6,"win_rate":0,"timestamp":1545443586,"path_taken":["M","?","$","M","M","E","?","E","T","R","M","R","M","$","R","BOSS","M","$","?","?","M","E","R","?","T","R","$","E","R","?","R","BOSS","M","M","?","?","?","R","E","$","T","$","R","?","R","E","R","BOSS"],"build_version":"2018-12-20","purchased_purges":5,"victory":true,"max_hp_per_floor":[70,70,70,70,70,70,70,70,70,70,70,70,70,70,70,70,70,70,70,70,70,70,70,70,70,70,70,70,70,70,70,70,70,70,70,70,70,66,66,66,66,66,66,66,66,66,66,66,66,66],"card_choices":[{"not_picked":["Acrobatics","Dodge and Roll"],"picked":"Choke","floor":1},{"not_picked":["Setup","Predator"],"picked":"Blade Dance","floor":4},{"not_picked":["Backflip","Caltrops"],"picked":"Calculated Gamble","floor":5},{"not_picked":["Bane","Skewer"],"picked":"Deflect","floor":6},{"not_picked":["Outmaneuver","Eviscerate"],"picked":"Backflip","floor":8},{"not_picked":["Choke","Wraith Form v2"],"picked":"Distraction","floor":11},{"not_picked":["Prepared","Underhanded Strike"],"picked":"Backstab","floor":13},{"not_picked":["Unload","Malaise"],"picked":"Adrenaline","floor":16},{"not_picked":["Acrobatics","Dagger Throw"],"picked":"Cloak And Dagger","floor":18},{"not_picked":["Blade Dance","Backflip"],"picked":"All Out Attack+1","floor":21},{"not_picked":["Deflect","Dodge and Roll"],"picked":"Dagger Throw+1","floor":22},{"not_picked":["Outmaneuver+1","Poisoned Stab"],"picked":"Bullet Time","floor":23},{"not_picked":["Acrobatics","Escape Plan"],"picked":"Backflip+1","floor":29},{"not_picked":["Bullet Time","Burst","Corpse Explosion"],"picked":"Tools of the Trade","floor":33},{"not_picked":["Deflect+1","Acrobatics","PiercingWail","Dagger Spray+1"],"picked":"SKIP","floor":35},{"not_picked":["Deadly Poison+1","Slice","Acrobatics+1"],"picked":"Accuracy","floor":36},{"not_picked":["Underhanded Strike+1","Cloak And Dagger","Concentrate"],"picked":"Doppelganger","floor":41},{"not_picked":["Poisoned Stab+1","Infinite Blades+1","Predator+1"],"picked":"Blur","floor":48}],"player_experience":326030,"relics_obtained":[{"floor":6,"key":"Ornamental Fan"},{"floor":7,"key":"Smiling Mask"},{"floor":8,"key":"War Paint"},{"floor":9,"key":"Mummified Hand"},{"floor":21,"key":"StoneCalendar"},{"floor":21,"key":"Dodecahedron"},{"floor":23,"key":"Pocketwatch"},{"floor":26,"key":"Juzu Bracelet"},{"floor":29,"key":"Question Card"},{"floor":41,"key":"Vajra"},{"floor":43,"key":"Incense Burner"},{"floor":48,"key":"Bag of Preparation"}],"event_choices":[{"damage_healed":0,"gold_gain":175,"player_choice":"AGREE","damage_taken":0,"max_hp_gain":0,"max_hp_loss":0,"event_name":"Liars Game","floor":2,"gold_loss":0,"cards_obtained":["Doubt"]},{"damage_healed":0,"gold_gain":0,"player_choice":"Stole Relic","damage_taken":0,"relics_obtained":["Anchor"],"max_hp_gain":0,"max_hp_loss":0,"event_name":"Addict","floor":20,"gold_loss":0,"cards_obtained":["Shame"]},{"damage_healed":0,"gold_gain":0,"player_choice":"Fight","damage_taken":0,"max_hp_gain":0,"max_hp_loss":0,"event_name":"Colosseum","floor":21,"gold_loss":0},{"damage_healed":0,"gold_gain":0,"player_choice":"Fought Nobs","damage_taken":0,"max_hp_gain":0,"max_hp_loss":0,"event_name":"Colosseum","floor":21,"gold_loss":0},{"damage_healed":0,"gold_gain":0,"player_choice":"Read","damage_taken":0,"max_hp_gain":0,"max_hp_loss":0,"event_name":"The Library","floor":25,"gold_loss":0,"cards_obtained":["Blur"]},{"damage_healed":0,"gold_gain":0,"player_choice":"Got Potions","damage_taken":0,"max_hp_gain":0,"max_hp_loss":0,"event_name":"Lab","floor":37,"gold_loss":0},{"damage_healed":0,"gold_gain":0,"player_choice":"Max HP","damage_taken":0,"max_hp_gain":0,"max_hp_loss":4,"event_name":"Winding Halls","floor":38,"gold_loss":0},{"damage_healed":0,"gold_gain":999,"player_choice":"Gold","damage_taken":0,"max_hp_gain":0,"max_hp_loss":0,"event_name":"MindBloom","floor":39,"gold_loss":0,"cards_obtained":["Normality","Normality"]}],"is_beta":false,"boss_relics":[{"not_picked":["Calling Bell","Eternal Feather"],"picked":"Pandora\u0027s Box"},{"not_picked":["Empty Cage","Runic Pyramid"],"picked":"Sozu"}],"items_purged_floors":[3,19,28,42,44],"is_endless":false,"potions_floor_spawned":[1,8,21,22,29],"ascension_level":6}