{"path_per_floor":["M","?","$","M","M","R","E","R","T","M","M","M","?","M","R","B",null,"M","?","?","?","$","R","E","R","T","M","E","?","M","M","R","B",null,"M","?","?","$","M","E","R","$","T","?","M","R","M","$","R","B"],"character_chosen":"IRONCLAD","items_purchased":["Uppercut","Dropkick","Matryoshka","War Paint","Fire Potion","Battle Trance"],"gold_per_floor":[111,186,74,87,103,103,132,132,200,212,227,241,241,255,255,359,359,370,370,370,370,37,37,69,69,116,126,159,159,174,188,188,290,290,303,303,303,157,177,210,210,59,86,86,97,97,117,40,40,40],"floor_reached":51,"campfire_rested":2,"playtime":2250,"current_hp_per_floor":[80,69,69,71,69,69,70,70,70,72,74,68,50,47,47,34,80,70,70,70,70,70,70,37,62,62,66,49,49,49,64,92,15,96,96,96,96,96,96,90,90,90,90,90,96,96,96,96,96,68],"items_purged":["Injury","Bash"],"gold":40,"play_id":"188f9b82-bab2-4430-9c69-ee3b6ad3c792","is_prod":false,"is_daily":false,"is_ascension_mode":true,"campfire_upgraded":7,"path_taken":["M","?","?","M","M","R","E","R","T","M","M","M","?","?","R","BOSS","M","?","?","?","$","R","E","R","T","M","E","?","M","?","R","BOSS","M","?","?","$","?","E","R","$","T","?","M","R","M","$","R","BOSS"],"build_version":"2018-01-25-PROD3","purchased_purges":2,"victory":true,"master_deck":["Defend_R+1","Defend_R+1","Defend_R+1","Defend_R+1","Offering+1","Uppercut+1","Dropkick+1","Pommel Strike+1","Rampage+1","Feed+1","Spot Weakness+1","Headbutt+1","Bite_R","Bite_R","Bite_R","Bite_R","Limit Break+1","Shockwave+1","Clumsy","Pommel Strike+1","Battle Trance+1"],"max_hp_per_floor":[80,80,80,80,80,80,80,80,80,80,80,80,80,80,80,80,80,80,80,80,80,80,80,84,84,84,88,88,88,92,96,96,96,96,96,96,96,96,96,96,96,96,96,96,96,96,96,96,96,96],"relics":["Burning Blood","Lantern","Letter Opener","Sundial","White Beast Statue","Matryoshka","Ancient Tea Set","Anchor","Vajra","Cursed Key","War Paint","Dream Catcher","Orichalcum","Omamori"],"card_choices":[{"not_picked":["True Grit","Twin Strike"],"picked":"Offering"},{"not_picked":["Anger","Flex"],"picked":"Pommel Strike"},{"not_picked":["Sentinel","Headbutt"],"picked":"Rampage"},{"not_picked":["Double Tap","Bludgeon"],"picked":"Feed"},{"not_picked":["Heavy Blade","Infernal Blade"],"picked":"Spot Weakness"},{"not_picked":["Perfected Strike","Anger"],"picked":"Headbutt"},{"not_picked":["Fiend Fire","Feed"],"picked":"Limit Break"},{"not_picked":["Perfected Strike","Pummel"],"picked":"Shockwave"},{"not_picked":["Power Through","Wild Strike"],"picked":"Pommel Strike"}],"player_experience":199520,"potions_floor_usage":[7,11,16,18,24,27,30,33,33,39,40,40,45,47,50,50,50],"damage_taken":[{"damage":5,"enemies":"2 Louse","floor":1,"turns":3},{"damage":4,"enemies":"Jaw Worm","floor":4,"turns":4},{"damage":8,"enemies":"Blue Slaver","floor":5,"turns":2},{"damage":11,"enemies":"Gremlin Nob","floor":7,"turns":3},{"damage":4,"enemies":"Large Slime","floor":10,"turns":2},{"damage":4,"enemies":"Exordium Wildlife","floor":11,"turns":2},{"damage":12,"enemies":"3 Louse","floor":12,"turns":3},{"damage":9,"enemies":"Red Slaver","floor":14,"turns":2},{"damage":19,"enemies":"Slime Boss","floor":16,"turns":8},{"damage":16,"enemies":"2 Thieves","floor":18,"turns":3},{"damage":43,"enemies":"Slavers","floor":24,"turns":8},{"damage":8,"enemies":"3 Byrds","floor":27,"turns":4},{"damage":25,"enemies":"Gremlin Leader","floor":28,"turns":5},{"damage":18,"enemies":"Snake Plant","floor":30,"turns":3},{"damage":7,"enemies":"Sentry and Sphere","floor":31,"turns":3},{"damage":103,"enemies":"Automaton","floor":33,"turns":7},{"damage":4,"enemies":"Orb Walker","floor":35,"turns":2},{"damage":4,"enemies":"3 Shapes","floor":39,"turns":3},{"damage":20,"enemies":"2 Orb Walkers","floor":40,"turns":4},{"damage":7,"enemies":"Sphere and 2 Shapes","floor":45,"turns":4},{"damage":4,"enemies":"3 Darklings","floor":47,"turns":3},{"damage":42,"enemies":"Donu and Deca","floor":50,"turns":5}],"event_choices":[{"event_name":"World of Goop","player_choice":"Gather Gold","floor":2,"damage_taken":0},{"event_name":"Scrap Ooze","player_choice":"success","floor":13,"damage_taken":18},{"event_name":"Accursed Blacksmith","player_choice":"Forge","floor":19,"damage_taken":0},{"event_name":"Back to Basics","player_choice":"Simplicity","floor":20,"damage_taken":0},{"event_name":"Drug Dealer","player_choice":"Ignored","floor":21,"damage_taken":0},{"event_name":"Vampires","player_choice":"Became a vampire (Vial)","floor":29,"damage_taken":0},{"event_name":"Tomb of Lord Red Mask","player_choice":"Ignored","floor":37,"damage_taken":0},{"event_name":"Mysterious Sphere","player_choice":"Ignore","floor":44,"damage_taken":0}],"boss_relics":[{"not_picked":["Question Card","Ectoplasm"],"picked":"White Beast Statue"},{"not_picked":["Eternal Feather","Sozu"],"picked":"Cursed Key"}],"potions_floor_spawned":[4,7,11,12,16,18,24,27,28,30,31,33,35,39,40,45,47],"seed_played":"4545830454778353008","ascension_level":3,"is_trial":false}