{"path_per_floor":["M","?","M","?","$","R","E","M","T","?","M","M","R","M","R","B",null,"M","?","M","M","M","R"],"character_chosen":"THE_SILENT","items_purchased":[],"gold_per_floor":[111,111,128,78,3,3,37,49,75,75,93,108,108,119,119,221,221,239,239,227,239,255,255],"floor_reached":24,"campfire_rested":2,"playtime":2105,"current_hp_per_floor":[70,70,70,70,70,70,70,70,70,80,74,72,80,71,71,58,80,67,67,55,43,41,80],"items_purged":["Strike_G"],"gold":255,"score":225,"play_id":"fae6d3dd-d4a3-470d-94c8-aceabef7086f","local_time":"20180303171447","is_prod":false,"is_daily":false,"is_ascension_mode":false,"campfire_upgraded":2,"timestamp":1520097287,"path_taken":["M","?","M","?","$","R","E","M","T","?","?","?","R","M","R","BOSS","M","?","?","M","M","R","M"],"build_version":"2018-03-01-PROD1","purchased_purges":1,"victory":false,"master_deck":["Defend_G","Defend_G","Defend_G","Defend_G","Defend_G","Strike_G","Strike_G","Survivor","Neutralize+1","Bouncing Flask","Backflip","Backflip","Deflect","Deflect","Poisoned Stab+1","Burst","Footwork","Bandage Up","Neutralize","Footwork","Poisoned Stab","Catalyst","Blur"],"max_hp_per_floor":[70,70,70,70,70,70,70,70,70,80,80,80,80,80,80,80,80,80,80,80,80,80,80],"relics":["Ring of the Snake","Dream Catcher","Regal Pillow","White Beast Statue"],"card_choices":[{"not_picked":["Crippling Poison","PiercingWail"],"picked":"Bouncing Flask"},{"not_picked":["Dagger Throw","Acrobatics"],"picked":"Backflip"},{"not_picked":["Dagger Spray","Deflect"],"picked":"Backflip"},{"not_picked":["Prepared","Predator"],"picked":"Deflect"},{"not_picked":["Backflip","Unload"],"picked":"Deflect"},{"not_picked":["Outmaneuver","PiercingWail"],"picked":"Poisoned Stab"},{"not_picked":["Wraith Form","Die Die Die"],"picked":"Burst"},{"not_picked":["Sucker Punch","Outmaneuver"],"picked":"Footwork"},{"not_picked":["Well Laid Plans","Slice"],"picked":"Footwork"},{"not_picked":["Cloak And Dagger","Outmaneuver"],"picked":"Poisoned Stab"},{"not_picked":["Heel Hook","Slice"],"picked":"Catalyst"},{"not_picked":["Backflip","Die Die Die"],"picked":"Blur"}],"player_experience":74933,"potions_floor_usage":[7,11,14,16,21,24,24],"damage_taken":[{"damage":0,"enemies":"2 Louse","floor":1,"turns":2},{"damage":0,"enemies":"Cultist","floor":3,"turns":3},{"damage":0,"enemies":"Lagavulin","floor":7,"turns":9},{"damage":0,"enemies":"Small Slimes","floor":8,"turns":2},{"damage":6,"enemies":"3 Louse","floor":11,"turns":3},{"damage":2,"enemies":"Looter","floor":12,"turns":3},{"damage":9,"enemies":"Exordium Thugs","floor":14,"turns":6},{"damage":13,"enemies":"Hexaghost","floor":16,"turns":10},{"damage":13,"enemies":"Spheric Guardian","floor":18,"turns":5},{"damage":16,"enemies":"2 Thieves","floor":20,"turns":4},{"damage":16,"enemies":"Sentry and Sphere","floor":21,"turns":7},{"damage":6,"enemies":"Snake Plant","floor":22,"turns":8},{"damage":72,"enemies":"3 Cultists","floor":24,"turns":8}],"event_choices":[{"event_name":"Purifier","player_choice":"One Purge","floor":2,"damage_taken":0},{"event_name":"The Cleric","player_choice":"Card Removal","floor":4,"damage_taken":0},{"event_name":"Bonfire Elementals","player_choice":"RARE","floor":10,"damage_taken":0},{"event_name":"Match and Keep!","player_choice":"2 cards matched","floor":19,"damage_taken":0}],"boss_relics":[{"not_picked":["Eternal Feather","Velvet Choker"],"picked":"White Beast Statue"}],"potions_floor_spawned":[1,8,12,14,18,20,21,22],"seed_played":"5754981989138514385","killed_by":"3 Cultists","ascension_level":0,"is_trial":false}