{"path_per_floor":["M","M","$","M","M","R","E","?","T","?","M","E","T","M","R","B",null,"M","?","?","$","M","R","M","M","T","M","R","T","$","M","R"],"character_chosen":"IRONCLAD","items_purchased":["Bag of Preparation","Shrug It Off","Flex","Clothesline"],"gold_per_floor":[214,228,4,22,42,42,73,73,98,63,75,106,106,121,121,223,223,241,156,156,81,98,98,111,130,209,226,226,226,78,90,90],"floor_reached":33,"campfire_rested":1,"playtime":1048,"current_hp_per_floor":[72,66,66,72,63,63,42,35,35,55,61,45,45,37,61,57,74,71,71,55,55,77,77,72,85,85,89,89,99,99,95,95],"items_purged":["Strike_R","Strike_R"],"gold":90,"score":375,"play_id":"9706c750-c6c6-4f98-be47-ee2fb31c40c7","local_time":"20180309191929","is_prod":false,"is_daily":false,"is_ascension_mode":true,"campfire_upgraded":1,"timestamp":1520644769,"path_taken":["M","M","$","?","?","R","E","?","T","?","?","E","?","M","R","BOSS","M","?","?","$","M","R","M","M","T","M","R","?","$","M","R","BOSS"],"build_version":"2018-03-09","purchased_purges":2,"victory":false,"master_deck":["Strike_R","Strike_R","Defend_R","Defend_R","Defend_R","Defend_R","Bash","Battle Trance","Thunderclap","Metallicize","Rampage+1","Cleave","Feed","Bludgeon+1","Sword Boomerang+1","Shrug It Off","Flex","Inflame","Clothesline+1","Shrug It Off+1"],"max_hp_per_floor":[80,80,80,80,80,80,80,80,80,80,80,80,80,80,80,80,80,83,83,88,88,88,88,88,91,91,94,94,104,104,104,104],"relics":["Black Blood","Bag of Preparation","Lantern","Pen Nib","Shovel","Molten Egg 2","Kunai","Meat on the Bone","Dodecahedron","Paper Frog","Pear","Regal Pillow"],"card_choices":[{"not_picked":["Warcry","Heavy Blade"],"picked":"Battle Trance"},{"not_picked":["Hemokinesis","True Grit"],"picked":"Thunderclap"},{"not_picked":["Twin Strike","Seeing Red"],"picked":"Metallicize"},{"not_picked":["Corruption","Warcry"],"picked":"Rampage"},{"not_picked":["Clash","Wild Strike"],"picked":"Cleave"},{"not_picked":["Twin Strike","Disarm"],"picked":"Feed"},{"not_picked":["Reaper","Exhume"],"picked":"Bludgeon"},{"not_picked":["Reckless Charge","Shockwave"],"picked":"Sword Boomerang"},{"not_picked":["Warcry","Sentinel"],"picked":"Inflame"},{"not_picked":["Iron Wave","Feel No Pain"],"picked":"Shrug It Off"}],"player_experience":302979,"potions_floor_usage":[16,22,24,25,33],"damage_taken":[{"damage":6,"enemies":"Cultist","floor":1,"turns":3},{"damage":12,"enemies":"Jaw Worm","floor":2,"turns":2},{"damage":0,"enemies":"2 Louse","floor":4,"turns":2},{"damage":15,"enemies":"Exordium Thugs","floor":5,"turns":6},{"damage":27,"enemies":"Lagavulin","floor":7,"turns":5},{"damage":0,"enemies":"Blue Slaver","floor":11,"turns":4},{"damage":22,"enemies":"3 Sentries","floor":12,"turns":5},{"damage":14,"enemies":"Large Slime","floor":14,"turns":4},{"damage":10,"enemies":"Slime Boss","floor":16,"turns":7},{"damage":16,"enemies":"2 Thieves","floor":18,"turns":5},{"damage":0,"enemies":"Chosen","floor":22,"turns":5},{"damage":15,"enemies":"Snake Plant","floor":24,"turns":4},{"damage":0,"enemies":"Chosen and Byrds","floor":25,"turns":2},{"damage":9,"enemies":"Centurion and Healer","floor":27,"turns":5},{"damage":14,"enemies":"Snecko","floor":31,"turns":5},{"damage":101,"enemies":"Champ","floor":33,"turns":11}],"event_choices":[{"event_name":"Golden Wing","player_choice":"Card Removal","floor":8,"damage_taken":0},{"event_name":"The Cleric","player_choice":"Healed","floor":10,"damage_taken":0},{"event_name":"Addict","player_choice":"Obtained Relic","floor":19,"damage_taken":0},{"event_name":"Forgotten Altar","player_choice":"Shed Blood","floor":20,"damage_taken":0}],"boss_relics":[{"not_picked":["Runic Dome","Lizard Tail"],"picked":"Black Blood"}],"potions_floor_spawned":[1,12,14,16,18,27],"seed_played":"-3318985277267082681","killed_by":"Champ","ascension_level":7,"is_trial":false}