{"gold_per_floor":[114,134,59,76,95,95,123,135,135,165,165,165,165,179,179,255,255,275,23,35,49,49,76,76,104,116,143,155,194,218,247,259,343,355,380,392,423,448,1459,1496,1508,705,752,783,783,802,802,574,574,574,574],"floor_reached":51,"playtime":4361,"items_purged":["Strike_B","Normality","Normality"],"score":1629,"play_id":"a1c19822-fc96-424a-81d9-6ab3123b5b54","local_time":"20181220152923","is_ascension_mode":true,"campfire_choices":[{"data":"Zap","floor":6.0,"key":"SMITH"},{"data":"Coolheaded","floor":11,"key":"SMITH"},{"data":"Doom and Gloom","floor":13,"key":"SMITH"},{"floor":15,"key":"REST"},{"floor":24,"key":"REST"},{"floor":28,"key":"REST"},{"data":"Blizzard","floor":32,"key":"SMITH"},{"floor":49,"key":"RECALL"}],"neow_cost":"NONE","seed_source_timestamp":503413387676324,"circlet_count":0,"master_deck":["AscendersBane","Strike_B+1","Strike_B+1","Defend_B","Defend_B","Defend_B","Defend_B","Zap+1","Dualcast","Rip and Tear","Compile Driver","Doom and Gloom+1","Genetic Algorithm","Coolheaded+1","Glacier","Seek","Glacier","Blizzard+1","Sunder","Coolheaded","Creative AI","Undo","Hologram+1","Rainbow","Coolheaded","Hologram","Undo","Dark Shackles"],"special_seed":0,"relics":["Cracked Core","Lantern","Regal Pillow","Orichalcum","Gremlin Horn","Snecko Eye","DollysMirror","CultistMask","Bottled Flame","MawBank","Cables","Strawberry","Fusion Hammer","Pen Nib","Incense Burner","Art of War","Strange Spoon","Whetstone"],"potions_floor_usage":[38,44],"damage_taken":[{"damage":1.0,"enemies":"Cultist","floor":1.0,"turns":3.0},{"damage":0.0,"enemies":"Small Slimes","floor":2.0,"turns":2.0},{"damage":9.0,"enemies":"Jaw Worm","floor":4.0,"turns":4.0},{"damage":12.0,"enemies":"3 Louse","floor":5.0,"turns":3.0},{"damage":11.0,"enemies":"Gremlin Nob","floor":7.0,"turns":3.0},{"damage":0.0,"enemies":"2 Fungi Beasts","floor":8.0,"turns":2.0},{"damage":24.0,"enemies":"Lagavulin","floor":10.0,"turns":6.0},{"damage":8,"enemies":"Exordium Thugs","floor":14,"turns":6},{"damage":32,"enemies":"Hexaghost","floor":16,"turns":9},{"damage":1,"enemies":"2 Thieves","floor":18,"turns":3},{"damage":3,"enemies":"Shell Parasite","floor":20,"turns":11},{"damage":0,"enemies":"3 Cultists","floor":21,"turns":4},{"damage":51,"enemies":"Slavers","floor":23,"turns":5},{"damage":0,"enemies":"Gremlin Leader","floor":25,"turns":5},{"damage":10,"enemies":"Snecko","floor":27,"turns":5},{"damage":0,"enemies":"Slavers","floor":29,"turns":4},{"damage":14,"enemies":"Snake Plant","floor":30,"turns":3},{"damage":0,"enemies":"Centurion and Healer","floor":31,"turns":8},{"damage":23,"enemies":"Automaton","floor":33,"turns":17},{"damage":0,"enemies":"3 Shapes","floor":35,"turns":6},{"damage":0,"enemies":"3 Darklings","floor":37,"turns":2},{"damage":1,"enemies":"Sphere and 2 Shapes","floor":38,"turns":7},{"damage":7,"enemies":"Nemesis","floor":40,"turns":13},{"damage":12,"enemies":"Reptomancer","floor":44,"turns":8},{"damage":0,"enemies":"Jaw Worm Horde","floor":46,"turns":6},{"damage":23,"enemies":"Time Eater","floor":50,"turns":16},{"damage":37,"enemies":"Awakened One","floor":51,"turns":19}],"seed_played":"-1232139400241913057","potions_obtained":[{"floor":1.0,"key":"Regen Potion"},{"floor":2.0,"key":"Fire Potion"},{"floor":7.0,"key":"LiquidBronze"},{"floor":10.0,"key":"FocusPotion"},{"floor":18,"key":"LiquidBronze"},{"floor":37,"key":"SkillPotion"},{"floor":38,"key":"GamblersBrew"},{"floor":44,"key":"LiquidBronze"}],"is_trial":false,"path_per_floor":["M","M","$","M","M","R","E","M","T","E","R","?","R","M","R","B",null,"M","$","M","M","?","E","R","E","T","M","R","E","M","M","R","B",null,"M","?","M","M","?","E","?","$","T","E","?","M","?","$","R","B","B"],"character_chosen":"DEFECT","items_purchased":["DollysMirror","Blizzard","Incense Burner","Art of War","Strange Spoon","Dark Shackles"],"campfire_rested":3,"item_purchase_floors":[19,19,42,42,42,48],"current_hp_per_floor":[63,63,63,66,54,54,43,43,43,19,19,19,19,11,47,15,57,56,56,53,53,53,2,38,38,38,28,64,71,57,57,57,34,67,67,67,67,66,66,59,59,59,59,47,47,47,47,47,47,24,0],"gold":574,"neow_bonus":"THREE_CARDS","is_prod":false,"is_daily":false,"chose_seed":false,"campfire_upgraded":4,"win_rate":0,"timestamp":1545348563,"path_taken":["M","?","$","M","M","R","E","M","T","E","R","?","R","M","R","BOSS","M","$","M","M","?","E","R","E","T","?","R","E","?","M","R","BOSS","M","?","M","M","?","E","?","$","T","E","?","M","?","$","R","BOSS","BOSS"],"build_version":"2018-12-19","purchased_purges":3,"victory":false,"max_hp_per_floor":[71,71,71,71,71,71,71,71,71,71,71,71,71,71,71,71,71,71,71,71,71,71,71,71,71,71,71,71,78,78,78,78,78,78,78,78,78,78,78,78,78,78,78,78,74,74,74,74,74,74,74],"card_choices":[{"not_picked":["Hologram","Turbo"],"picked":"Gash","floor":0.0},{"not_picked":["Reprogram","Blizzard"],"picked":"Rip and Tear","floor":1.0},{"not_picked":["Aggregate","Double Energy","Blizzard"],"picked":"SKIP","floor":2.0},{"not_picked":["Hologram","Leap"],"picked":"Compile Driver","floor":4.0},{"not_picked":["Turbo","Stack"],"picked":"Doom and Gloom","floor":5.0},{"not_picked":["Hologram","Meteor Strike"],"picked":"Genetic Algorithm","floor":7.0},{"not_picked":["Cold Snap","Reinforced Body"],"picked":"Coolheaded","floor":8.0},{"not_picked":["Thunder Strike","Rip and Tear"],"picked":"Glacier","floor":10.0},{"not_picked":["Streamline","Force Field","Rip and Tear"],"picked":"SKIP","floor":14},{"not_picked":["Multi-Cast","Reboot"],"picked":"Seek","floor":16},{"not_picked":["Steam Power","Leap","FTL"],"picked":"SKIP","floor":18},{"not_picked":["Gash","Conserve Battery"],"picked":"Sunder","floor":20},{"not_picked":["Rebound","Tempest"],"picked":"Coolheaded","floor":21},{"not_picked":["Hologram","Static Discharge"],"picked":"Creative AI","floor":23},{"not_picked":["Leap","Compile Driver"],"picked":"Undo","floor":25},{"not_picked":["Melter","Steam"],"picked":"Hologram+1","floor":27},{"not_picked":["Hologram","Darkness"],"picked":"Rainbow","floor":29},{"not_picked":["Leap+1","FTL"],"picked":"Coolheaded","floor":30},{"not_picked":["Ball Lightning","BootSequence","Steam"],"picked":"SKIP","floor":31},{"not_picked":["Storm","Sweeping Beam+1"],"picked":"Hologram","floor":35},{"not_picked":["Darkness","Chaos","Compile Driver"],"picked":"SKIP","floor":37},{"not_picked":["Steam","Reprogram","Scrape+1"],"picked":"SKIP","floor":38},{"not_picked":["Genetic Algorithm","Barrage+1","Stack"],"picked":"SKIP","floor":40},{"not_picked":["Cold Snap","Reprogram","Sweeping Beam"],"picked":"SKIP","floor":44},{"not_picked":["FTL","Rebound+1","Streamline"],"picked":"SKIP","floor":46}],"player_experience":3941612,"relics_obtained":[{"floor":7.0,"key":"Lantern"},{"floor":9.0,"key":"Regal Pillow"},{"floor":10.0,"key":"Orichalcum"},{"floor":23,"key":"Bottled Flame"},{"floor":25,"key":"MawBank"},{"floor":26,"key":"Cables"},{"floor":29,"key":"Strawberry"},{"floor":40,"key":"Pen Nib"},{"floor":44,"key":"Whetstone"}],"event_choices":[{"damage_healed":0,"gold_gain":0,"player_choice":"Gave Potion","damage_taken":0,"relics_obtained":["Gremlin Horn"],"max_hp_gain":0,"max_hp_loss":0,"event_name":"WeMeetAgain","floor":12,"gold_loss":0},{"damage_healed":0,"gold_gain":0,"player_choice":"Trade","damage_taken":0,"relics_obtained":["CultistMask"],"max_hp_gain":0,"max_hp_loss":0,"event_name":"FaceTrader","floor":22,"gold_loss":0},{"cards_removed":["Strike_B"],"damage_healed":0,"gold_gain":0,"player_choice":"Removed Attack","damage_taken":0,"max_hp_gain":0,"max_hp_loss":0,"event_name":"Falling","floor":36,"gold_loss":0},{"damage_healed":0,"gold_gain":999,"player_choice":"Gold","damage_taken":0,"max_hp_gain":0,"max_hp_loss":0,"event_name":"MindBloom","floor":39,"gold_loss":0,"cards_obtained":["Normality","Normality"]},{"damage_healed":0,"gold_gain":0,"player_choice":"Ignored","damage_taken":0,"max_hp_gain":0,"max_hp_loss":0,"event_name":"Tomb of Lord Red Mask","floor":41,"gold_loss":0},{"damage_healed":0,"gold_gain":0,"player_choice":"Max HP","damage_taken":0,"max_hp_gain":0,"max_hp_loss":4,"event_name":"Winding Halls","floor":45,"gold_loss":0},{"damage_healed":0,"gold_gain":0,"cards_transformed":["Gash"],"player_choice":"Transformed","damage_taken":0,"max_hp_gain":0,"max_hp_loss":0,"event_name":"Transmorgrifier","floor":47,"gold_loss":0,"cards_obtained":["Undo"]}],"is_beta":true,"boss_relics":[{"not_picked":["Empty Cage","Runic Dome"],"picked":"Snecko Eye"},{"not_picked":["Busted Crown","Velvet Choker"],"picked":"Fusion Hammer"}],"items_purged_floors":[3,42,48],"is_endless":false,"potions_floor_spawned":[1,2,7,10,18,21,27,29,37,38,44,46],"killed_by":"Awakened One","ascension_level":20}