{"path_per_floor":["M","?","M","$","M","E","R","E","T","M","?","M","?","M","R","B",null,"M","M","$","M","?","R","E","?","T","M","R","$","R","M","R","B",null,"M","$","?","$","M","R","E","M","T","?","M","M","$","M","R","B"],"character_chosen":"IRONCLAD","items_purchased":["Shrug It Off","Seeing Red","Demon Form","Whirlwind","Evolve"],"gold_per_floor":[110,110,127,5,20,48,48,77,127,146,146,158,233,246,246,342,342,352,366,232,250,250,250,281,281,281,294,294,17,17,28,28,129,129,146,20,71,21,40,40,69,82,82,0,14,31,31,47,47,47],"floor_reached":51,"campfire_rested":3,"playtime":3783,"current_hp_per_floor":[80,80,80,80,80,80,80,67,67,57,67,71,60,63,63,47,90,80,80,80,65,49,90,56,56,56,39,81,81,81,63,63,40,90,81,81,57,57,63,63,38,39,39,39,45,51,51,56,90,58],"items_purged":["Normality","Regret","Decay","Strike_R","Strike_R"],"gold":47,"play_id":"95b9fcbe-72f4-48dd-94d9-c1baab07e6fb","is_prod":false,"is_daily":false,"campfire_rituals":0,"campfire_upgraded":5,"is_hardmode":false,"path_taken":["M","?","M","$","M","E","R","E","T","M","?","M","?","?","R","BOSS","M","M","$","M","?","R","E","?","T","M","R","?","R","M","R","BOSS","M","$","?","$","?","R","E","M","T","?","M","M","$","M","R","BOSS"],"build_version":"2018-01-11-PROD2","purchased_purges":7,"victory":true,"master_deck":["Strike_R","Strike_R","Strike_R","Defend_R","Defend_R","Defend_R","Defend_R","Bash","Shrug It Off","Pommel Strike","Inflame","Shrug It Off","Pommel Strike","Perfected Strike","Clothesline","Cleave","Fiend Fire","Shockwave","Warcry","Seeing Red","Shrug It Off","Double Tap","True Grit","Demon Form","Whirlwind","Offering","Evolve","Shrug It Off","Offering"],"max_hp_per_floor":[80,80,80,80,80,80,80,80,80,80,90,90,90,90,90,90,90,90,90,90,90,90,90,90,90,90,90,90,90,90,90,90,90,90,90,90,90,90,90,90,90,90,90,90,90,90,90,90,90,90],"relics":["Black Blood","Mummified Hand","Vajra","Dream Catcher","Regal Pillow","Pear","Nilry\u0027s Codex","Whetstone","Smiling Mask","Sozu","Thread and Needle","Lantern","Pen Nib","Red Mask"],"campfire_meditates":0,"card_choices":[{"not_picked":["Clothesline","Hemokinesis"],"picked":"Shrug It Off"},{"not_picked":["Iron Wave","Combust"],"picked":"Pommel Strike"},{"not_picked":["Hemokinesis","Disarm"],"picked":"Inflame"},{"not_picked":["Shrug It Off","Searing Blow"],"picked":"Pommel Strike"},{"not_picked":["Brutality","Clash"],"picked":"Perfected Strike"},{"not_picked":["True Grit","Anger"],"picked":"Clothesline"},{"not_picked":["Shrug It Off","Body Slam"],"picked":"Cleave"},{"not_picked":["Impervious","Juggernaut"],"picked":"Fiend Fire"},{"not_picked":["Second Wind","Dual Wield"],"picked":"Shockwave"},{"not_picked":["Body Slam","Rupture"],"picked":"Warcry"},{"not_picked":["Corruption","Sword Boomerang"],"picked":"Shrug It Off"},{"not_picked":["Intimidate","Blood for Blood"],"picked":"Double Tap"},{"not_picked":["Power Through","Heavy Blade"],"picked":"True Grit"},{"not_picked":["Fiend Fire","Berserk"],"picked":"Offering"},{"not_picked":["Sentinel","Hemokinesis"],"picked":"Shrug It Off"},{"not_picked":["Searing Blow","Perfected Strike"],"picked":"Offering"}],"player_experience":55551,"potions_floor_usage":[6,6,8,16,18,19,27],"damage_taken":[{"damage":0,"enemies":"2 Louse","floor":1,"turns":6},{"damage":2,"enemies":"Blue Slaver","floor":3,"turns":6},{"damage":0,"enemies":"Cultist","floor":5,"turns":3},{"damage":6,"enemies":"Lagavulin","floor":6,"turns":7},{"damage":19,"enemies":"3 Sentries","floor":8,"turns":5},{"damage":16,"enemies":"Large Slime","floor":10,"turns":4},{"damage":2,"enemies":"Looter","floor":12,"turns":2},{"damage":3,"enemies":"3 Louse","floor":14,"turns":3},{"damage":22,"enemies":"Slime Boss","floor":16,"turns":8},{"damage":20,"enemies":"Shell Parasite","floor":18,"turns":6},{"damage":10,"enemies":"3 Byrds","floor":19,"turns":5},{"damage":25,"enemies":"Snake Plant","floor":21,"turns":4},{"damage":44,"enemies":"Book of Stabbing","floor":24,"turns":6},{"damage":27,"enemies":"Chosen and Byrds","floor":27,"turns":6},{"damage":28,"enemies":"Slaver and Parasite","floor":31,"turns":3},{"damage":33,"enemies":"Champ","floor":33,"turns":9},{"damage":19,"enemies":"3 Darklings","floor":35,"turns":4},{"damage":34,"enemies":"Mysterious Sphere","floor":37,"turns":5},{"damage":4,"enemies":"3 Shapes","floor":39,"turns":3},{"damage":35,"enemies":"Giant Head","floor":41,"turns":8},{"damage":9,"enemies":"Sphere and 2 Shapes","floor":42,"turns":3},{"damage":4,"enemies":"3 Darklings","floor":45,"turns":3},{"damage":4,"enemies":"Maw","floor":46,"turns":6},{"damage":5,"enemies":"4 Shapes","floor":48,"turns":2},{"damage":42,"enemies":"Donu and Deca","floor":50,"turns":6}],"event_choices":[{"event_name":"Accursed Blacksmith","player_choice":"Rummage","floor":2,"damage_taken":0},{"event_name":"Big Fish","player_choice":"Box","floor":11,"damage_taken":0},{"event_name":"World of Goop","player_choice":"Gather Gold","floor":13,"damage_taken":0},{"event_name":"Cursed Tome","player_choice":"Obtained Book","floor":22,"damage_taken":0},{"event_name":"Forgotten Altar","player_choice":"Smashed Altar","floor":25,"damage_taken":0},{"event_name":"Mysterious Sphere","player_choice":"Fight","floor":37,"damage_taken":0},{"event_name":"Tomb of Lord Red Mask","player_choice":"Paid","floor":44,"damage_taken":0}],"boss_relics":[{"not_picked":["Snecko Eye","Runic Dome"],"picked":"Black Blood"},{"not_picked":["Astrolabe","Calling Bell"],"picked":"Sozu"}],"potions_floor_spawned":[3,5,6,10,16,18,24,37,41,45],"seed_played":"2904101275973856445","is_trial":false}