{"gold_per_floor":[99,99,47,47,47,47,47,47,47,47,47,47,47,47,47,47,47,47,47,47,47,47,47,47,47,47,47,47,47,47,47,47,47,47,47,47,47,47,47,47,47,47,47,47,47,47,47,47,47,47],"floor_reached":50,"playtime":1067,"items_purged":[],"score":493,"play_id":"163f5f9d-f254-4784-bcbd-28e5a877f734","local_time":"20190303170750","is_ascension_mode":false,"campfire_choices":[{"data":"Bash","floor":6.0,"key":"SMITH"},{"floor":15.0,"key":"REST"},{"floor":24.0,"key":"REST"},{"floor":28,"key":"REST"},{"floor":32,"key":"REST"},{"floor":40,"key":"REST"},{"floor":45,"key":"REST"},{"floor":49,"key":"REST"}],"neow_cost":"NONE","seed_source_timestamp":256503049735787,"circlet_count":0,"master_deck":["Strike_R","Strike_R","Strike_R+1","Strike_R","Strike_R","Defend_R","Bash+1","Pummel","True Grit","Flex","Searing Blow","Flex","Rampage","Immolate","Sword Boomerang","J.A.X.","Ghostly","Ghostly","Ghostly","Ghostly","Ghostly","Madness","Madness"],"special_seed":0,"relics":["Ectoplasm","Strawberry","Pear","Lizard Tail","Enchiridion","Boot","Singing Bowl","Tiny House","Pantograph"],"potions_floor_usage":[33,35,41,42,50,50],"damage_taken":[{"damage":8.0,"enemies":"Small Slimes","floor":1.0,"turns":3.0},{"damage":0.0,"enemies":"Cultist","floor":7.0,"turns":2.0},{"damage":6.0,"enemies":"2 Louse","floor":8.0,"turns":2.0},{"damage":13.0,"enemies":"2 Fungi Beasts","floor":12.0,"turns":3.0},{"damage":0.0,"enemies":"Blue Slaver","floor":13.0,"turns":1.0},{"damage":16.0,"enemies":"Gremlin Nob","floor":14.0,"turns":3.0},{"damage":64.0,"enemies":"Hexaghost","floor":16.0,"turns":8.0},{"damage":23.0,"enemies":"3 Byrds","floor":18.0,"turns":3.0},{"damage":5.0,"enemies":"Spheric Guardian","floor":21.0,"turns":6.0},{"damage":8.0,"enemies":"Book of Stabbing","floor":23.0,"turns":6.0},{"damage":4.0,"enemies":"3 Cultists","floor":25.0,"turns":4.0},{"damage":16,"enemies":"Sentry and Sphere","floor":27,"turns":4},{"damage":13,"enemies":"Shelled Parasite and Fungi","floor":29,"turns":4},{"damage":1,"enemies":"Snake Plant","floor":31,"turns":6},{"damage":55,"enemies":"Automaton","floor":33,"turns":10},{"damage":4,"enemies":"3 Darklings","floor":35,"turns":5},{"damage":24,"enemies":"Orb Walker","floor":36,"turns":3},{"damage":16,"enemies":"Spire Growth","floor":41,"turns":6},{"damage":9,"enemies":"Maw","floor":42,"turns":8},{"damage":4,"enemies":"Transient","floor":44,"turns":5},{"damage":4,"enemies":"Jaw Worm Horde","floor":46,"turns":4},{"damage":8,"enemies":"Sphere and 2 Shapes","floor":47,"turns":6},{"damage":13,"enemies":"3 Darklings","floor":48,"turns":5},{"damage":137,"enemies":"Awakened One","floor":50,"turns":10}],"seed_played":"-149510769927125384","potions_obtained":[{"floor":7.0,"key":"EssenceOfSteel"},{"floor":8.0,"key":"Explosive Potion"},{"floor":12.0,"key":"Energy Potion"},{"floor":23.0,"key":"Weak Potion"},{"floor":27,"key":"Regen Potion"},{"floor":33,"key":"Explosive Potion"},{"floor":35,"key":"Weak Potion"},{"floor":41,"key":"Poison Potion"},{"floor":42,"key":"GamblersBrew"}],"is_trial":false,"path_per_floor":["M","?","$","$","?","R","M","M","T","$","?","M","M","E","R","B",null,"M","?","?","M","?","E","R","M","T","M","R","M","$","M","R","B",null,"M","M","?","?","?","R","M","M","T","M","R","M","M","M","R","B"],"character_chosen":"IRONCLAD","items_purchased":["Flex"],"campfire_rested":7,"item_purchase_floors":[3],"current_hp_per_floor":[72,72,72,72,65,65,65,59,66,66,71,58,58,52,82,18,102,79,79,51,46,30,22,37,33,33,19,34,23,23,24,41,3,66,64,42,33,33,33,54,40,33,33,31,53,51,45,34,58,0],"gold":47,"neow_bonus":"BOSS_RELIC","is_prod":false,"is_daily":false,"chose_seed":false,"campfire_upgraded":1,"win_rate":0,"timestamp":1551661670,"path_taken":["M","?","?","$","?","R","M","M","T","$","?","M","M","E","R","BOSS","M","?","?","M","?","E","R","M","T","M","R","M","?","M","R","BOSS","M","M","?","?","?","R","M","M","T","M","R","M","M","M","R","BOSS"],"build_version":"2019-01-23","purchased_purges":0,"victory":false,"max_hp_per_floor":[80,80,80,80,80,80,80,80,87,87,92,92,92,102,102,102,102,102,102,51,51,51,51,51,51,51,53,53,55,55,57,57,59,66,68,70,70,70,70,70,72,74,74,76,76,78,80,82,82,82],"card_choices":[{"not_picked":["Havoc","Carnage"],"picked":"Pummel","floor":1.0},{"not_picked":["Warcry","Armaments"],"picked":"Searing Blow","floor":7.0},{"not_picked":["Cleave","Corruption"],"picked":"Flex","floor":8.0},{"not_picked":["Bloodletting","Uppercut","Dropkick"],"picked":"SKIP","floor":12.0},{"not_picked":["Perfected Strike","Flame Barrier"],"picked":"Rampage","floor":13.0},{"not_picked":["Rage","Corruption","Bloodletting"],"picked":"SKIP","floor":14.0},{"not_picked":["Juggernaut","Exhume"],"picked":"Immolate","floor":16.0},{"not_picked":["Anger","Shrug It Off"],"picked":"Sword Boomerang","floor":18.0},{"not_picked":["Berserk","Sword Boomerang","Second Wind"],"picked":"SKIP","floor":21.0},{"not_picked":["Warcry","Rupture+1","Pommel Strike+1"],"picked":"SKIP","floor":23.0},{"not_picked":["Sentinel","Warcry+1","Perfected Strike"],"picked":"SKIP","floor":25.0},{"not_picked":["Havoc","Rampage","Metallicize"],"picked":"Singing Bowl","floor":27},{"not_picked":["Whirlwind","Uppercut+1","True Grit+1"],"picked":"Singing Bowl","floor":29},{"not_picked":["Rampage","Twin Strike","Clothesline"],"picked":"Singing Bowl","floor":31},{"not_picked":["Dark Embrace","Impervious","Exhume"],"picked":"Singing Bowl","floor":33},{"not_picked":["Infernal Blade","Reckless Charge","Sentinel"],"picked":"Singing Bowl","floor":34},{"not_picked":["Sentinel","Clash+1","Infernal Blade+1"],"picked":"Singing Bowl","floor":35},{"not_picked":["Armaments+1","Searing Blow+1","Twin Strike+1"],"picked":"Singing Bowl","floor":36},{"not_picked":["True Grit+1","Armaments","Sword Boomerang+1"],"picked":"Singing Bowl","floor":41},{"not_picked":["Iron Wave+1","Infernal Blade+1","Rampage+1"],"picked":"Singing Bowl","floor":42},{"not_picked":["Shockwave","Cleave","Clothesline+1"],"picked":"Singing Bowl","floor":44},{"not_picked":["Ghostly Armor+1","Wild Strike","Body Slam+1"],"picked":"Singing Bowl","floor":46},{"not_picked":["Thunderclap+1","Shrug It Off+1","Cleave"],"picked":"Singing Bowl","floor":47},{"not_picked":["Flex+1","Clothesline","Perfected Strike"],"picked":"Singing Bowl","floor":48}],"player_experience":325802,"relics_obtained":[{"floor":9.0,"key":"Strawberry"},{"floor":14.0,"key":"Pear"},{"floor":22.0,"key":"Enchiridion"},{"floor":23.0,"key":"Boot"},{"floor":26.0,"key":"Singing Bowl"},{"floor":43,"key":"Pantograph"}],"event_choices":[{"damage_healed":0.0,"max_hp_gain":0.0,"max_hp_loss":0.0,"gold_gain":0.0,"cards_transformed":["Defend_R"],"event_name":"Transmorgrifier","player_choice":"Transformed","floor":2.0,"gold_loss":0.0,"damage_taken":0.0,"cards_obtained":["True Grit"]},{"cards_removed":["Defend_R"],"damage_healed":0.0,"max_hp_gain":0.0,"max_hp_loss":0.0,"gold_gain":0.0,"event_name":"Golden Wing","player_choice":"Card Removal","floor":5.0,"gold_loss":0.0,"damage_taken":7.0},{"damage_healed":0.0,"max_hp_gain":5.0,"max_hp_loss":0.0,"gold_gain":0.0,"event_name":"Big Fish","player_choice":"Donut","floor":11.0,"gold_loss":0.0,"damage_taken":0.0},{"damage_healed":0.0,"max_hp_gain":0.0,"max_hp_loss":0.0,"gold_gain":0.0,"event_name":"Drug Dealer","player_choice":"Obtain J.A.X.","floor":19.0,"gold_loss":0.0,"damage_taken":0.0,"cards_obtained":["J.A.X."]},{"damage_healed":0.0,"max_hp_gain":0.0,"max_hp_loss":51.0,"gold_gain":0.0,"event_name":"Ghosts","player_choice":"Became a Ghost","floor":20.0,"gold_loss":0.0,"damage_taken":0.0,"cards_obtained":["Ghostly","Ghostly","Ghostly","Ghostly","Ghostly"]},{"damage_healed":0.0,"max_hp_gain":0.0,"max_hp_loss":0.0,"gold_gain":0.0,"event_name":"Cursed Tome","player_choice":"Obtained Book","floor":22.0,"gold_loss":0.0,"damage_taken":16.0},{"damage_healed":0,"gold_gain":0,"player_choice":"Embrace Madness","damage_taken":9,"max_hp_gain":0,"max_hp_loss":0,"event_name":"Winding Halls","floor":37,"gold_loss":0,"cards_obtained":["Madness","Madness"]},{"damage_healed":0,"gold_gain":0,"player_choice":"Ignored","damage_taken":0,"max_hp_gain":0,"max_hp_loss":0,"event_name":"Mysterious Sphere","floor":38,"gold_loss":0},{"cards_removed":["Defend_R"],"damage_healed":0,"gold_gain":0,"player_choice":"Removed Skill","damage_taken":0,"max_hp_gain":0,"max_hp_loss":0,"event_name":"Falling","floor":39,"gold_loss":0}],"is_beta":false,"boss_relics":[{"not_picked":["Coffee Dripper","Runic Cube"],"picked":"Lizard Tail"},{"not_picked":["Cursed Key","Orrery"],"picked":"Tiny House"}],"items_purged_floors":[],"is_endless":false,"potions_floor_spawned":[7,8,12,13,23,25,27,29,33,35,36,41,42],"killed_by":"Awakened One","ascension_level":0}