{"gold_per_floor":[117,136,311,322,397,397,397,414,414,444,462,478,478,538,538,538],"floor_reached":16,"playtime":708,"items_purged":[],"score":187,"play_id":"53f82c9a-00be-4062-a52e-f5dffbd51dcb","local_time":"20190223063143","is_ascension_mode":true,"campfire_choices":[{"data":"Bash","floor":6,"key":"SMITH"},{"floor":13,"key":"REST"},{"floor":15,"key":"REST"}],"neow_cost":"NONE","seed_source_timestamp":738352239531700,"circlet_count":0,"master_deck":["Strike_R","Strike_R","Strike_R","Strike_R","Strike_R","Defend_R","Defend_R","Defend_R","Defend_R","Bash+1","Clothesline","Perfected Strike","Doubt","Intimidate","Headbutt","Feed","Perfected Strike","Dual Wield","Perfected Strike"],"relics":["Burning Blood","NeowsBlessing","Pear","Bag of Marbles","Tiny Chest"],"potions_floor_usage":[12,12,14,16,16],"damage_taken":[{"damage":0,"enemies":"Jaw Worm","floor":1,"turns":1},{"damage":0,"enemies":"2 Louse","floor":2,"turns":1},{"damage":0,"enemies":"Cultist","floor":4,"turns":1},{"damage":6,"enemies":"2 Fungi Beasts","floor":8,"turns":4},{"damage":42,"enemies":"3 Sentries","floor":10,"turns":8},{"damage":25,"enemies":"Exordium Wildlife","floor":11,"turns":4},{"damage":8,"enemies":"Gremlin Gang","floor":12,"turns":4},{"damage":25,"enemies":"Lagavulin","floor":14,"turns":5},{"damage":89,"enemies":"Slime Boss","floor":16,"turns":10}],"seed_played":"-5448046863841155035","potions_obtained":[{"floor":2,"key":"FearPotion"},{"floor":7,"key":"BloodPotion"},{"floor":7,"key":"Poison Potion"},{"floor":11,"key":"EntropicBrew"},{"floor":14,"key":"Regen Potion"}],"is_trial":false,"path_per_floor":["M","M","?","M","?","R","?","M","T","E","M","M","R","E","R","B"],"character_chosen":"IRONCLAD","items_purchased":[],"campfire_rested":2,"item_purchase_floors":[],"current_hp_per_floor":[78,80,80,80,69,69,69,69,79,43,27,37,65,46,74,0],"gold":538,"neow_bonus":"THREE_ENEMY_KILL","is_prod":false,"is_daily":false,"chose_seed":false,"campfire_upgraded":1,"win_rate":0,"timestamp":1550921503,"path_taken":["M","M","?","M","?","R","?","?","T","E","M","M","R","E","R","BOSS"],"build_version":"2019-01-23","purchased_purges":0,"victory":false,"max_hp_per_floor":[80,80,80,80,80,80,80,80,90,90,93,96,96,96,96,96],"card_choices":[{"not_picked":["Flex","Shrug It Off"],"picked":"Clothesline","floor":1},{"not_picked":["Body Slam","Carnage"],"picked":"Perfected Strike","floor":2},{"not_picked":["Wild Strike","True Grit"],"picked":"Intimidate","floor":4},{"not_picked":["Fire Breathing","True Grit"],"picked":"Headbutt","floor":8},{"not_picked":["Iron Wave","Shrug It Off"],"picked":"Feed","floor":10},{"not_picked":["Wild Strike","Iron Wave"],"picked":"Perfected Strike","floor":11},{"not_picked":["Warcry","Sword Boomerang"],"picked":"Dual Wield","floor":12},{"not_picked":["Flex","Bloodletting"],"picked":"Perfected Strike","floor":14}],"player_experience":524040,"relics_obtained":[{"floor":9,"key":"Pear"},{"floor":10,"key":"Bag of Marbles"},{"floor":14,"key":"Tiny Chest"}],"event_choices":[{"damage_healed":0,"gold_gain":175,"player_choice":"AGREE","damage_taken":0,"max_hp_gain":0,"max_hp_loss":0,"event_name":"Liars Game","floor":3,"gold_loss":0,"cards_obtained":["Doubt"]},{"damage_healed":0,"gold_gain":75,"player_choice":"Gather Gold","damage_taken":11,"max_hp_gain":0,"max_hp_loss":0,"event_name":"World of Goop","floor":5,"gold_loss":0},{"damage_healed":0,"gold_gain":0,"player_choice":"Got Potions","damage_taken":0,"max_hp_gain":0,"max_hp_loss":0,"event_name":"Lab","floor":7,"gold_loss":0}],"is_beta":false,"boss_relics":[],"items_purged_floors":[],"is_endless":false,"potions_floor_spawned":[2,11,14],"killed_by":"Slime Boss","ascension_level":9}