{"gold_per_floor":[116,136,211,228,36,68,68,95,122,122,150,165,180,180,180,279,279,292,311,311,26,26,59,72,72,72,24,24,44,72,90,90,191,191,201,1200,1200,401,401],"floor_reached":39,"playtime":2297,"items_purged":["Writhe","Normality"],"score":593,"play_id":"09bf5b1c-68e8-43a6-9abe-1cf5a5459d45","local_time":"20181223084258","is_ascension_mode":true,"campfire_choices":[{"floor":7,"key":"REST"},{"floor":10,"key":"REST"},{"floor":15,"key":"REST"},{"floor":25,"key":"REST"},{"floor":28,"key":"REST"},{"floor":32,"key":"REST"}],"neow_cost":"NONE","seed_source_timestamp":454723913865051,"circlet_count":0,"master_deck":["Defend_G","Defend_G","Defend_G","Defend_G","Defend_G","Strike_G","Strike_G+1","Strike_G+1","Strike_G","Survivor","Neutralize","Flying Knee","Cloak And Dagger","Blade Dance","PiercingWail","Dagger Spray","Noxious Fumes","Adrenaline","Backstab","After Image","Noxious Fumes","Catalyst+1","Shame","Prepared","Backflip","A Thousand Cuts+1","Footwork+1","Dagger Spray+1","Tools of the Trade+1","Deflect+1","Normality"],"relics":["Ring of the Snake","Oddly Smooth Stone","Sling","Happy Flower","Whetstone","Vajra","Boot","WristBlade","Bag of Marbles","Strange Spoon","Frozen Egg 2","The Specimen","Bottled Flame","Smiling Mask","Black Star","Toolbox","Singing Bowl","Pen Nib"],"potions_floor_usage":[16,16,19,23,29,33,39,39],"damage_taken":[{"damage":0,"enemies":"Cultist","floor":1,"turns":4},{"damage":0,"enemies":"Small Slimes","floor":2,"turns":3},{"damage":0,"enemies":"2 Louse","floor":4,"turns":2},{"damage":25,"enemies":"Gremlin Nob","floor":6,"turns":4},{"damage":6,"enemies":"Lagavulin","floor":8,"turns":6},{"damage":24,"enemies":"3 Sentries","floor":11,"turns":5},{"damage":0,"enemies":"2 Fungi Beasts","floor":12,"turns":2},{"damage":7,"enemies":"3 Louse","floor":13,"turns":3},{"damage":15,"enemies":"The Guardian","floor":16,"turns":10},{"damage":0,"enemies":"Shell Parasite","floor":18,"turns":5},{"damage":25,"enemies":"Spheric Guardian","floor":19,"turns":4},{"damage":2,"enemies":"Book of Stabbing","floor":23,"turns":3},{"damage":21,"enemies":"Centurion and Healer","floor":24,"turns":4},{"damage":9,"enemies":"Snake Plant","floor":29,"turns":3},{"damage":18,"enemies":"Gremlin Leader","floor":30,"turns":5},{"damage":0,"enemies":"Cultist and Chosen","floor":31,"turns":4},{"damage":42,"enemies":"Collector","floor":33,"turns":6},{"damage":31,"enemies":"3 Shapes","floor":35,"turns":4},{"damage":68,"enemies":"2 Orb Walkers","floor":39,"turns":5}],"seed_played":"1235674639783801538","potions_obtained":[{"floor":12,"key":"LiquidBronze"},{"floor":13,"key":"Block Potion"},{"floor":18,"key":"SpeedPotion"},{"floor":19,"key":"AttackPotion"},{"floor":30,"key":"EssenceOfSteel"}],"is_trial":false,"path_per_floor":["M","M","?","M","$","E","R","E","T","R","E","M","M","?","R","B",null,"M","M","?","$","?","E","M","R","T","$","R","M","E","M","R","B",null,"M","?","?","$","?"],"character_chosen":"THE_SILENT","items_purchased":["Sling","Strange Spoon","SkillPotion","Toolbox","Singing Bowl","Pen Nib","Poison Potion","SteroidPotion","Block Potion"],"campfire_rested":6,"item_purchase_floors":[5,21,27,38,38,38,38,38,38],"current_hp_per_floor":[63,63,56,56,56,31,52,46,46,67,43,43,36,36,57,42,63,63,38,38,38,38,36,15,36,36,36,57,48,30,30,51,9,55,24,24,61,61,0],"gold":401,"neow_bonus":"RANDOM_COMMON_RELIC","is_prod":false,"is_daily":false,"chose_seed":false,"campfire_upgraded":0,"win_rate":0,"timestamp":1545547378,"path_taken":["M","M","?","?","$","E","R","E","T","R","E","M","M","?","R","BOSS","M","?","?","$","?","E","M","R","T","$","R","M","E","M","R","BOSS","M","?","?","$","?"],"build_version":"2018-12-20","purchased_purges":2,"victory":false,"max_hp_per_floor":[70,70,70,70,70,70,70,70,70,70,70,70,70,70,70,70,70,70,70,70,70,70,70,70,70,70,70,70,70,70,70,70,70,70,70,70,61,61,61],"card_choices":[{"not_picked":["Prepared","Slice"],"picked":"Flying Knee","floor":1},{"not_picked":["Underhanded Strike","Dodge and Roll"],"picked":"Cloak And Dagger","floor":2},{"not_picked":["Infinite Blades","Dash"],"picked":"Blade Dance","floor":4},{"not_picked":["Outmaneuver","Slice"],"picked":"PiercingWail","floor":6},{"not_picked":["Deflect","PiercingWail","Tools of the Trade"],"picked":"SKIP","floor":8},{"not_picked":["Flechettes","Outmaneuver"],"picked":"Dagger Spray","floor":11},{"not_picked":["Dodge and Roll","Prepared"],"picked":"Noxious Fumes","floor":12},{"not_picked":["Distraction","Cloak And Dagger"],"picked":"Adrenaline","floor":13},{"not_picked":["Night Terror","Burst"],"picked":"After Image","floor":16},{"not_picked":["Cloak And Dagger","Underhanded Strike+1"],"picked":"Noxious Fumes","floor":18},{"not_picked":["Flying Knee+1","Skewer+1"],"picked":"Catalyst+1","floor":19},{"not_picked":["Deadly Poison","Leg Sweep"],"picked":"Prepared","floor":23},{"not_picked":["Dodge and Roll","Flying Knee+1"],"picked":"Backflip","floor":24},{"not_picked":["Underhanded Strike","Noxious Fumes+1"],"picked":"A Thousand Cuts+1","floor":29},{"not_picked":["Setup","Riddle With Holes+1"],"picked":"Footwork+1","floor":30},{"not_picked":["Prepared","Tactician"],"picked":"Dagger Spray+1","floor":31},{"not_picked":["A Thousand Cuts+1","Die Die Die"],"picked":"Tools of the Trade+1","floor":33},{"not_picked":["Finisher+1","Quick Slash"],"picked":"Deflect+1","floor":35}],"player_experience":142067,"relics_obtained":[{"floor":6,"key":"Happy Flower"},{"floor":8,"key":"Whetstone"},{"floor":9,"key":"Vajra"},{"floor":11,"key":"Boot"},{"floor":23,"key":"The Specimen"},{"floor":26,"key":"Bottled Flame"},{"floor":30,"key":"Smiling Mask"}],"event_choices":[{"damage_healed":0,"gold_gain":75,"player_choice":"Touch","damage_taken":7,"max_hp_gain":0,"max_hp_loss":0,"event_name":"FaceTrader","floor":3,"gold_loss":0},{"damage_healed":0,"gold_gain":0,"cards_transformed":["Strike_G"],"player_choice":"Transformed","damage_taken":0,"max_hp_gain":0,"max_hp_loss":0,"event_name":"Transmorgrifier","floor":14,"gold_loss":0,"cards_obtained":["Backstab"]},{"damage_healed":0,"gold_gain":0,"player_choice":"Opened","damage_taken":0,"relics_obtained":["Bag of Marbles"],"max_hp_gain":0,"max_hp_loss":0,"event_name":"The Mausoleum","floor":20,"gold_loss":0,"cards_obtained":["Writhe"]},{"damage_healed":0,"gold_gain":0,"player_choice":"Stole Relic","damage_taken":0,"relics_obtained":["Frozen Egg 2"],"max_hp_gain":0,"max_hp_loss":0,"event_name":"Addict","floor":22,"gold_loss":0,"cards_obtained":["Shame"]},{"damage_healed":0,"gold_gain":999,"player_choice":"Gold","damage_taken":0,"max_hp_gain":0,"max_hp_loss":0,"event_name":"MindBloom","floor":36,"gold_loss":0,"cards_obtained":["Normality","Normality"]},{"damage_healed":61,"gold_gain":0,"player_choice":"Heal","damage_taken":0,"max_hp_gain":0,"max_hp_loss":9,"event_name":"The Moai Head","floor":37,"gold_loss":0},{"damage_healed":0,"gold_gain":0,"player_choice":"Fight","damage_taken":0,"max_hp_gain":0,"max_hp_loss":0,"event_name":"Mysterious Sphere","floor":39,"gold_loss":0}],"is_beta":false,"boss_relics":[{"not_picked":["Eternal Feather","Lizard Tail"],"picked":"WristBlade"},{"not_picked":["Astrolabe","Busted Crown"],"picked":"Black Star"}],"items_purged_floors":[21,38],"is_endless":false,"potions_floor_spawned":[12,13,18,19,30],"killed_by":"2 Orb Walkers","ascension_level":6}