{"path_per_floor":["M","?","?","$","M","R","E","R","T","$","E","M","?","M","R","B",null,"M","?","M","$","M","R","M","R","T","R","E","$","E","M","R","B",null,"M","M","T","M","?","R","E","R","T","E","M","R","M","M","R","B"],"character_chosen":"IRONCLAD","items_purchased":["Master of Strategy","Armaments","Feel No Pain","Medical Kit","Headbutt","Feel No Pain"],"gold_per_floor":[109,109,284,1,18,18,52,52,352,27,57,68,68,81,81,160,160,173,173,191,14,28,28,42,42,42,42,76,36,70,89,89,167,167,178,194,194,205,0,0,28,28,28,56,74,74,90,109,109,109],"floor_reached":51,"campfire_rested":6,"playtime":6293,"current_hp_per_floor":[85,85,85,85,78,78,60,60,60,60,58,60,60,42,42,20,68,66,50,52,52,26,52,54,54,54,80,67,67,51,35,65,38,88,62,63,63,66,66,98,98,98,98,45,50,99,94,100,122,25],"items_purged":["Doubt","Parasite","Strike_R"],"gold":109,"score":1057,"play_id":"f7baab21-1c6c-4bc0-a3bb-ee710cfcba2d","is_prod":false,"is_daily":false,"is_ascension_mode":true,"campfire_upgraded":5,"path_taken":["M","?","?","$","M","R","E","R","T","$","E","?","?","M","R","BOSS","M","?","M","$","M","R","M","R","T","R","E","?","E","M","R","BOSS","M","?","?","M","?","R","E","R","T","E","M","R","M","M","R","BOSS"],"build_version":"2018-02-07-BETA2","purchased_purges":3,"victory":true,"master_deck":["Strike_R","Strike_R","Strike_R","Defend_R","Defend_R","Defend_R","Defend_R","Bash","Pommel Strike","Evolve+1","Brutality","Master of Strategy","Armaments+1","Havoc+1","Seeing Red","Feel No Pain","Barricade","Havoc+1","Immolate","Body Slam+1","Wild Strike","Headbutt","Battle Trance","Feed","Decay","Demon Form","Feel No Pain","Armaments+1","Havoc+1","Fiend Fire","Warcry+1","Parasite","Rupture+1","Combust","Disarm+1","Body Slam+1","Shrug It Off+1"],"max_hp_per_floor":[87,87,87,87,87,87,87,87,87,84,84,84,84,84,84,84,84,84,89,89,89,89,89,89,89,89,89,92,92,96,100,100,104,104,104,104,104,108,108,108,108,108,108,112,115,115,118,122,122,126],"relics":["Burning Blood","Strawberry","Bottled Tornado","Old Coin","Medical Kit","Letter Opener","Cursed Key","Toxic Egg 2","Bag of Preparation","Oddly Smooth Stone","Black Star","Ginger","Red Mask","Gambling Chip","Girya","Regal Pillow","Omamori"],"card_choices":[{"not_picked":["Bloodletting","True Grit"],"picked":"Pommel Strike"},{"not_picked":["Fire Breathing","Thunderclap"],"picked":"Havoc"},{"not_picked":["Heavy Blade","Clothesline"],"picked":"Seeing Red"},{"not_picked":["Pummel","Infernal Blade"],"picked":"Barricade"},{"not_picked":["Headbutt","Clothesline"],"picked":"Havoc"},{"not_picked":["Feed","Bludgeon"],"picked":"Immolate"},{"not_picked":["Sever Soul","True Grit"],"picked":"Body Slam"},{"not_picked":["Intimidate","Pummel"],"picked":"Wild Strike"},{"not_picked":["Havoc","Clothesline"],"picked":"Battle Trance"},{"not_picked":["Reckless Charge","Armaments"],"picked":"Feed"},{"not_picked":["Heavy Blade","Reckless Charge"],"picked":"Demon Form"},{"not_picked":["Sever Soul","Flex"],"picked":"Armaments"},{"not_picked":["Hemokinesis","Flex"],"picked":"Havoc"},{"not_picked":["Exhume","Immolate"],"picked":"Fiend Fire"},{"not_picked":["Headbutt","Corruption"],"picked":"Warcry"},{"not_picked":["Havoc","Perfected Strike"],"picked":"Rupture"},{"not_picked":["Cleave","Havoc"],"picked":"Combust"},{"not_picked":["Second Wind","Dropkick"],"picked":"Disarm"},{"not_picked":["Dual Wield","Flex"],"picked":"Body Slam"},{"not_picked":["Whirlwind","Armaments"],"picked":"Shrug It Off"}],"player_experience":742978,"potions_floor_usage":[11,12,16,24,28,33,50,50,50],"damage_taken":[{"damage":0,"enemies":"Small Slimes","floor":1,"turns":3},{"damage":13,"enemies":"Blue Slaver","floor":5,"turns":8},{"damage":24,"enemies":"Lagavulin","floor":7,"turns":9},{"damage":8,"enemies":"3 Sentries","floor":11,"turns":9},{"damage":4,"enemies":"Jaw Worm","floor":12,"turns":3},{"damage":24,"enemies":"Exordium Wildlife","floor":14,"turns":6},{"damage":28,"enemies":"The Guardian","floor":16,"turns":11},{"damage":8,"enemies":"Shell Parasite","floor":18,"turns":6},{"damage":4,"enemies":"Chosen","floor":20,"turns":5},{"damage":32,"enemies":"Sentry and Sphere","floor":22,"turns":5},{"damage":4,"enemies":"Centurion and Healer","floor":24,"turns":5},{"damage":22,"enemies":"Slavers","floor":28,"turns":4},{"damage":26,"enemies":"Gremlin Leader","floor":30,"turns":5},{"damage":26,"enemies":"Snake Plant","floor":31,"turns":3},{"damage":46,"enemies":"Collector","floor":33,"turns":6},{"damage":32,"enemies":"3 Darklings","floor":35,"turns":6},{"damage":5,"enemies":"Orb Walker","floor":36,"turns":5},{"damage":7,"enemies":"3 Darklings","floor":38,"turns":5},{"damage":6,"enemies":"Giant Head","floor":41,"turns":7},{"damage":63,"enemies":"2 Orb Walkers","floor":44,"turns":6},{"damage":4,"enemies":"Sphere and 2 Shapes","floor":45,"turns":4},{"damage":14,"enemies":"Flame Bruiser 2 Orb","floor":47,"turns":4},{"damage":4,"enemies":"3 Darklings","floor":48,"turns":4},{"damage":107,"enemies":"Awakened One","floor":50,"turns":10}],"event_choices":[{"event_name":"Match and Keep!","player_choice":"2 cards matched","floor":2,"damage_taken":0},{"event_name":"Liars Game","player_choice":"agreed","floor":3,"damage_taken":0},{"event_name":"Living Wall","player_choice":"Forget","floor":13,"damage_taken":0},{"event_name":"Forgotten Altar","player_choice":"Shed Blood","floor":19,"damage_taken":0},{"event_name":"Tomb of Lord Red Mask","player_choice":"Paid","floor":39,"damage_taken":0}],"boss_relics":[{"not_picked":["Snecko Eye","Pandora\u0027s Box"],"picked":"Cursed Key"},{"not_picked":["Runic Pyramid","Black Blood"],"picked":"Black Star"}],"potions_floor_spawned":[7,11,12,20,22,30,31,38,45,47,48],"seed_played":"3856242591061244035","ascension_level":13,"is_trial":false}