{"gold_per_floor":[361,361,374,264,278,278,298,298,325,325,345,361,373,373,373,471,471,490,490,589,529,529,562,582,582,582,597,611,611,141,165,177,292,304,332,361,373],"floor_reached":37,"playtime":3679,"items_purged":["Strike_B","Storm"],"score":381,"play_id":"f49a5da1-53f0-48df-bfd6-492e8bbe53c6","local_time":"20181009230607","is_ascension_mode":false,"campfire_choices":[{"data":"Chill","floor":6,"key":"SMITH"},{"floor":8,"key":"REST"},{"data":"Dualcast","floor":10,"key":"SMITH"},{"data":"Zap","floor":15,"key":"SMITH"},{"floor":25,"key":"REST"},{"floor":29,"key":"REST"},{"floor":32,"key":"REST"}],"neow_cost":"PERCENT_DAMAGE","seed_source_timestamp":438721786403307,"circlet_count":0,"master_deck":["Strike_B","Strike_B","Defend_B","Defend_B","Defend_B","Zap+1","Dualcast+1","FTL","Go for the Eyes","Static Discharge","Chill+1","Steam","Conserve Battery","Coolheaded","Go for the Eyes","Echo Form","Sweeping Beam+1","Skim","Conserve Battery","Cold Snap+1","Gash+1","Apotheosis","Fusion","Gash+1","Redo","Ball Lightning+1","Buffer","Self Repair"],"relics":["Cracked Core","Orichalcum","Smiling Mask","Empty Cage","Juzu Bracelet","Centennial Puzzle","Pantograph","Runic Capacitor","MawBank","Orrery"],"potions_floor_usage":[21,24,33,37,37],"damage_taken":[{"damage":5,"enemies":"Small Slimes","floor":1,"turns":3},{"damage":0,"enemies":"Jaw Worm","floor":3,"turns":3},{"damage":7,"enemies":"2 Louse","floor":5,"turns":2},{"damage":0,"enemies":"Lots of Slimes","floor":7,"turns":5},{"damage":4,"enemies":"Exordium Wildlife","floor":11,"turns":4},{"damage":0,"enemies":"2 Fungi Beasts","floor":12,"turns":4},{"damage":0,"enemies":"3 Louse","floor":13,"turns":3},{"damage":36,"enemies":"Hexaghost","floor":16,"turns":12},{"damage":8,"enemies":"3 Byrds","floor":18,"turns":6},{"damage":5,"enemies":"2 Thieves","floor":21,"turns":4},{"damage":29,"enemies":"Book of Stabbing","floor":23,"turns":6},{"damage":3,"enemies":"Centurion and Healer","floor":24,"turns":8},{"damage":0,"enemies":"Shelled Parasite and Fungi","floor":27,"turns":8},{"damage":31,"enemies":"Cultist and Chosen","floor":28,"turns":8},{"damage":12,"enemies":"Collector","floor":33,"turns":14},{"damage":14,"enemies":"Orb Walker","floor":35,"turns":6},{"damage":6,"enemies":"3 Darklings","floor":36,"turns":6},{"damage":62,"enemies":"Mysterious Sphere","floor":37,"turns":8}],"seed_played":"-1547928930499137163","potions_obtained":[{"floor":5,"key":"SpeedPotion"},{"floor":7,"key":"Strength Potion"},{"floor":11,"key":"Poison Potion"},{"floor":18,"key":"FocusPotion"},{"floor":23,"key":"Fire Potion"},{"floor":28,"key":"Swift Potion"},{"floor":35,"key":"Energy Potion"}],"is_trial":false,"path_per_floor":["M","?","M","$","M","R","M","R","T","R","M","M","M","?","R","B",null,"M","?","?","M","?","E","M","R","T","M","M","R","$","T","R","B",null,"M","M"],"character_chosen":"DEFECT","items_purchased":["Static Discharge","Apotheosis","Runic Capacitor","Fusion"],"campfire_rested":4,"item_purchase_floors":[4,30,30,30],"current_hp_per_floor":[49,49,49,49,42,42,42,64,64,64,60,60,60,60,60,24,75,67,67,67,62,62,33,30,52,52,52,21,43,43,43,65,63,75,61,55,0],"gold":373,"neow_bonus":"TWO_FIFTY_GOLD","is_prod":false,"is_daily":false,"chose_seed":false,"campfire_upgraded":3,"win_rate":0,"timestamp":1539122767,"path_taken":["M","?","?","$","M","R","M","R","T","R","M","?","?","?","R","BOSS","M","?","?","M","?","E","M","R","T","M","M","R","$","?","R","BOSS","M","M","?"],"build_version":"2018-10-04v2","purchased_purges":2,"victory":false,"max_hp_per_floor":[75,75,75,75,75,75,75,75,75,75,75,75,75,75,75,75,75,75,75,75,75,75,75,75,75,75,75,75,75,75,75,75,75,75,75,75,75],"card_choices":[{"not_picked":["Streamline","Blizzard"],"picked":"FTL","floor":1},{"not_picked":["Aggregate","Cold Snap"],"picked":"Go for the Eyes","floor":3},{"not_picked":["Turbo","Conserve Battery"],"picked":"Chill","floor":5},{"not_picked":["Consume","Sunder"],"picked":"Steam","floor":7},{"not_picked":["Hologram","Go for the Eyes"],"picked":"Conserve Battery","floor":11},{"not_picked":["Force Field","Reboot"],"picked":"Coolheaded","floor":12},{"not_picked":["Glacier","Rebound"],"picked":"Go for the Eyes","floor":13},{"not_picked":["Biased Cognition","Rainbow"],"picked":"Echo Form","floor":16},{"not_picked":["Steam","Leap+1"],"picked":"Sweeping Beam+1","floor":18},{"not_picked":["Compile Driver","Barrage","Recycle"],"picked":"SKIP","floor":21},{"not_picked":["Hello World","Leap"],"picked":"Skim","floor":23},{"not_picked":["Undo","Ball Lightning"],"picked":"Conserve Battery","floor":24},{"not_picked":["Conserve Battery","Barrage"],"picked":"Cold Snap+1","floor":27},{"not_picked":["Streamline","Fusion+1"],"picked":"Gash+1","floor":28},{"not_picked":["Melter","Thunder Strike"],"picked":"Gash+1","floor":34},{"not_picked":["Leap+1","Beam Cell"],"picked":"Redo","floor":34},{"not_picked":["Compile Driver","Undo"],"picked":"Ball Lightning+1","floor":34},{"not_picked":["FTL","Doom and Gloom"],"picked":"Buffer","floor":35},{"not_picked":["Recycle","Aggregate+1"],"picked":"Self Repair","floor":36}],"player_experience":201132,"relics_obtained":[{"floor":9,"key":"Orichalcum"},{"floor":23,"key":"Centennial Puzzle"},{"floor":26,"key":"Pantograph"},{"floor":31,"key":"MawBank"}],"event_choices":[{"event_name":"Shining Light","player_choice":"Ignored","floor":2,"damage_taken":0},{"event_name":"Dead Adventurer","player_choice":"Searched \u00272\u0027 times","floor":14,"damage_taken":0},{"event_name":"The Mausoleum","player_choice":"Yes","floor":19,"damage_taken":0},{"event_name":"Nest","player_choice":"Stole From Cult","floor":20,"damage_taken":0},{"event_name":"Match and Keep!","player_choice":"1 cards matched","floor":22,"damage_taken":0},{"event_name":"Mysterious Sphere","player_choice":"Fight","floor":37,"damage_taken":0}],"is_beta":false,"boss_relics":[{"not_picked":["White Beast Statue","Fusion Hammer"],"picked":"Empty Cage"},{"not_picked":["Lizard Tail","Snecko Eye"],"picked":"Orrery"}],"items_purged_floors":[4,30],"is_endless":false,"potions_floor_spawned":[5,7,11,13,18,23,28,35,36],"killed_by":"Mysterious Sphere","ascension_level":0}