{"path_per_floor":["M","M","?","?","$","E","R","?","T","T","M","M","R","M","R","B",null,"M","$","M","M","?"],"character_chosen":"THE_SILENT","items_purchased":["Anchor","Noxious Fumes","Bouncing Flask","Deadly Poison"],"gold_per_floor":[115,129,129,204,47,75,75,75,75,75,90,106,106,123,123,228,228,240,66,84,100,100,100],"floor_reached":23,"campfire_rested":3,"playtime":896,"item_purchase_floors":[5,19,19,19],"current_hp_per_floor":[70,70,56,45,45,37,58,25,25,25,25,25,46,37,58,40,70,44,44,29,7,7,0],"items_purged":[],"gold":100,"score":216,"play_id":"7f157ec6-d3dc-487a-93c0-963e4ec30020","local_time":"20180609164449","is_prod":false,"is_daily":false,"chose_seed":false,"is_ascension_mode":false,"campfire_upgraded":0,"win_rate":0,"timestamp":1528577089,"campfire_choices":[{"floor":7,"key":"REST"},{"floor":13,"key":"REST"},{"floor":15,"key":"REST"}],"path_taken":["M","M","?","?","$","E","R","?","T","?","M","M","R","M","R","BOSS","M","$","M","?","?","E"],"build_version":"2018-06-07v3","seed_source_timestamp":18365065200938,"purchased_purges":0,"victory":false,"master_deck":["Defend_G","Defend_G","Defend_G","Defend_G","Defend_G","Strike_G","Strike_G","Strike_G","Strike_G","Strike_G+1","Survivor","Neutralize","Dagger Throw+1","Poisoned Stab","Outmaneuver","Deadly Poison","Crippling Poison","Deadly Poison","Terror","Riddle With Holes","PiercingWail","Die Die Die","Deadly Poison","Noxious Fumes","Bouncing Flask","Deadly Poison","Quick Slash","Riddle With Holes","Writhe"],"max_hp_per_floor":[70,70,70,70,70,70,70,70,70,70,70,70,70,70,70,70,70,70,70,70,70,70,70],"relics":["Ring of the Snake","Anchor","Dream Catcher","Girya","Ginger","Mummified Hand","Runic Dome","Lantern"],"card_choices":[{"not_picked":["Calculated Gamble","Bane"],"picked":"Dagger Throw","floor":1},{"not_picked":["Deadly Poison","Catalyst"],"picked":"Poisoned Stab","floor":2},{"not_picked":["Flechettes","Escape Plan"],"picked":"Outmaneuver","floor":6},{"not_picked":["Acrobatics","Wraith Form v2"],"picked":"Deadly Poison","floor":7},{"not_picked":["Cloak And Dagger","Sucker Punch"],"picked":"Crippling Poison","floor":11},{"not_picked":["Sucker Punch","Predator"],"picked":"Deadly Poison","floor":12},{"not_picked":["Malaise","Outmaneuver"],"picked":"Terror","floor":13},{"not_picked":["Deflect","Outmaneuver"],"picked":"Riddle With Holes","floor":14},{"not_picked":["Dodge and Roll","Dagger Spray"],"picked":"PiercingWail","floor":15},{"not_picked":["Storm of Steel","Tactician"],"picked":"Die Die Die","floor":16},{"not_picked":["Underhanded Strike+1","Crippling Poison"],"picked":"Deadly Poison","floor":18},{"not_picked":["Eviscerate","Malaise+1"],"picked":"Quick Slash","floor":20},{"not_picked":["Outmaneuver+1","Well Laid Plans"],"picked":"Riddle With Holes","floor":21}],"player_experience":125932,"potions_floor_usage":[1,6,16,16],"damage_taken":[{"damage":0,"enemies":"2 Louse","floor":1,"turns":1},{"damage":0,"enemies":"Small Slimes","floor":2,"turns":3},{"damage":8,"enemies":"3 Sentries","floor":6,"turns":7},{"damage":0,"enemies":"Cultist","floor":11,"turns":3},{"damage":0,"enemies":"Looter","floor":12,"turns":2},{"damage":9,"enemies":"Blue Slaver","floor":14,"turns":3},{"damage":18,"enemies":"The Guardian","floor":16,"turns":7},{"damage":26,"enemies":"Shell Parasite","floor":18,"turns":5},{"damage":15,"enemies":"2 Thieves","floor":20,"turns":3},{"damage":33,"enemies":"Snecko","floor":21,"turns":5},{"damage":12,"enemies":"Slavers","floor":23,"turns":1}],"relics_obtained":[{"floor":6,"key":"Dream Catcher"},{"floor":9,"key":"Ginger"},{"floor":10,"key":"Mummified Hand"}],"event_choices":[{"event_name":"Shining Light","player_choice":"Entered Light","floor":3,"damage_taken":0},{"event_name":"World of Goop","player_choice":"Gather Gold","floor":4,"damage_taken":0},{"event_name":"Scrap Ooze","player_choice":"success","floor":8,"damage_taken":33},{"event_name":"The Mausoleum","player_choice":"Yes","floor":22,"damage_taken":0}],"boss_relics":[{"not_picked":["Eternal Feather","Busted Crown"],"picked":"Runic Dome"}],"items_purged_floors":[],"potions_floor_spawned":[1,2,6,14,18,21],"seed_played":"1144497809966705479","killed_by":"Slavers","ascension_level":0,"potions_obtained":[{"floor":1,"key":"FairyPotion"},{"floor":6,"key":"SteroidPotion"},{"floor":18,"key":"Strength Potion"},{"floor":21,"key":"Strength Potion"}],"is_trial":false}