{"gold_per_floor":[112,112,112,287,305,340,340,404,404,414,16,26,41,57,57,57],"floor_reached":16,"playtime":905,"items_purged":[],"score":127,"play_id":"cb5dafef-270b-4569-8bf8-b5a62e2cbc2b","local_time":"20181007002100","is_ascension_mode":false,"campfire_choices":[{"data":"Coolheaded","floor":7,"key":"SMITH"},{"data":"Mayhem","floor":15,"key":"SMITH"}],"neow_cost":"NONE","seed_source_timestamp":2062378412761851,"circlet_count":0,"master_deck":["Strike_B","Strike_B","Strike_B","Defend_B","Defend_B","Defend_B","Defend_B","Zap","Dualcast","Beam Cell","Steam","Doubt","Coolheaded+1","Beam Cell","Hologram","Gash","Mayhem+1"],"relics":["Cracked Core","NeowsBlessing","Smiling Mask","Oddly Smooth Stone","Sundial","Nunchaku","MealTicket"],"potions_floor_usage":[],"damage_taken":[{"damage":0,"enemies":"Small Slimes","floor":1,"turns":1},{"damage":0,"enemies":"Jaw Worm","floor":5,"turns":1},{"damage":0,"enemies":"Gremlin Nob","floor":6,"turns":1},{"damage":16,"enemies":"3 Sentries","floor":8,"turns":10},{"damage":0,"enemies":"2 Louse","floor":10,"turns":3},{"damage":5,"enemies":"2 Fungi Beasts","floor":12,"turns":4},{"damage":7,"enemies":"Exordium Thugs","floor":13,"turns":4},{"damage":0,"enemies":"Red Slaver","floor":14,"turns":4},{"damage":49,"enemies":"The Guardian","floor":16,"turns":9}],"seed_played":"-5046138656675667253","potions_obtained":[{"floor":6,"key":"LiquidBronze"},{"floor":8,"key":"Energy Potion"},{"floor":8,"key":"Ancient Potion"},{"floor":14,"key":"Explosive Potion"}],"is_trial":false,"path_per_floor":["M","?","?","?","M","E","R","?","T","M","$","M","M","M","R"],"character_chosen":"DEFECT","items_purchased":["Mayhem","MealTicket"],"campfire_rested":0,"item_purchase_floors":[11,11],"current_hp_per_floor":[75,75,72,72,72,72,72,56,56,56,56,51,44,44,44,0],"gold":57,"neow_bonus":"THREE_ENEMY_KILL","is_prod":false,"is_daily":false,"chose_seed":false,"campfire_upgraded":2,"win_rate":0,"timestamp":1538886060,"path_taken":["M","?","?","?","?","E","R","?","T","M","$","M","?","M","R","BOSS"],"build_version":"2018-10-04v2","purchased_purges":0,"victory":false,"max_hp_per_floor":[75,75,75,75,75,75,75,75,75,75,75,75,75,75,75,75],"card_choices":[{"not_picked":["Lockon","Turbo"],"picked":"Beam Cell","floor":1},{"not_picked":["Ball Lightning","Compile Driver"],"picked":"Coolheaded","floor":5},{"not_picked":["Sweeping Beam","Biased Cognition"],"picked":"Beam Cell","floor":6},{"not_picked":["Cold Snap","Undo"],"picked":"Hologram","floor":8},{"not_picked":["Auto Shields","Beam Cell"],"picked":"Gash","floor":10},{"not_picked":["Ball Lightning","Conserve Battery","Melter"],"picked":"SKIP","floor":12},{"not_picked":["Loop","Darkness","Cold Snap"],"picked":"SKIP","floor":13},{"not_picked":["Barrage","Sweeping Beam","Consume"],"picked":"SKIP","floor":14}],"player_experience":586057,"relics_obtained":[{"floor":6,"key":"Oddly Smooth Stone"},{"floor":8,"key":"Sundial"},{"floor":9,"key":"Nunchaku"}],"event_choices":[{"event_name":"Living Wall","player_choice":"Change","floor":2,"damage_taken":0},{"event_name":"Scrap Ooze","player_choice":"success","floor":3,"damage_taken":3},{"event_name":"Liars Game","player_choice":"agreed","floor":4,"damage_taken":0},{"event_name":"Dead Adventurer","player_choice":"Searched \u00271\u0027 times","floor":8,"damage_taken":0}],"is_beta":false,"boss_relics":[],"items_purged_floors":[],"is_endless":false,"potions_floor_spawned":[6,8,8,10,14],"killed_by":"The Guardian","ascension_level":0}