{"gold_per_floor":[118,118,118,138,155,155,183,199,255,255,11,11,89,106,106,209,209,224,224,234,157,173,173],"floor_reached":23,"playtime":1610,"items_purged":[],"score":292,"play_id":"b65ea43b-8ab7-4818-bfad-ee66fe7c0596","local_time":"20181223105013","is_ascension_mode":true,"campfire_choices":[{"data":"Neutralize","floor":6,"key":"SMITH"},{"data":"Leg Sweep","floor":12,"key":"SMITH"},{"data":"Sucker Punch","floor":15,"key":"SMITH"}],"neow_cost":"NONE","seed_source_timestamp":232737784736868,"circlet_count":0,"master_deck":["Defend_G","Defend_G","Defend_G","Defend_G","Defend_G","Strike_G","Strike_G","Strike_G","Strike_G","Strike_G","Survivor","Neutralize+1","Sucker Punch+1","Blur","Leg Sweep+1","Endless Agony","Finisher","Flechettes","Venomology","Escape Plan+1","Dash","Slice","Well Laid Plans","Dash"],"relics":["Ring of the Snake","NeowsBlessing","Orichalcum","Tiny Chest","Paper Crane","Letter Opener","Pear","Busted Crown"],"potions_floor_usage":[7,14,16,18,22,22,22,22,23],"damage_taken":[{"damage":0,"enemies":"2 Louse","floor":1,"turns":1},{"damage":0,"enemies":"Jaw Worm","floor":4,"turns":1},{"damage":0,"enemies":"Small Slimes","floor":5,"turns":1},{"damage":33,"enemies":"3 Sentries","floor":7,"turns":18},{"damage":0,"enemies":"2 Fungi Beasts","floor":8,"turns":5},{"damage":8,"enemies":"Exordium Thugs","floor":14,"turns":7},{"damage":40,"enemies":"The Guardian","floor":16,"turns":19},{"damage":9,"enemies":"Spheric Guardian","floor":18,"turns":5},{"damage":0,"enemies":"Chosen","floor":20,"turns":5},{"damage":2,"enemies":"Centurion and Healer","floor":22,"turns":11},{"damage":74,"enemies":"Book of Stabbing","floor":23,"turns":10}],"seed_played":"-335369965567356978","potions_obtained":[{"floor":5,"key":"Regen Potion"},{"floor":8,"key":"Ancient Potion"},{"floor":14,"key":"GhostInAJar"},{"floor":16,"key":"SkillPotion"},{"floor":20,"key":"Weak Potion"},{"floor":22,"key":"Fruit Juice"}],"is_trial":false,"path_per_floor":["M","?","?","M","M","R","E","M","T","T","$","R","T","M","R","B",null,"M","?","M","$","M","E"],"character_chosen":"THE_SILENT","items_purchased":["Letter Opener","Well Laid Plans"],"campfire_rested":0,"item_purchase_floors":[11,21],"current_hp_per_floor":[63,63,63,63,63,63,45,45,45,45,45,45,55,47,47,7,62,53,53,53,53,71,0],"gold":173,"neow_bonus":"THREE_ENEMY_KILL","is_prod":false,"is_daily":false,"chose_seed":false,"campfire_upgraded":3,"win_rate":0,"timestamp":1545580213,"path_taken":["M","?","?","M","M","R","E","M","T","?","$","R","?","M","R","BOSS","M","?","M","$","M","E"],"build_version":"2018-12-20","purchased_purges":0,"victory":false,"max_hp_per_floor":[70,70,70,70,70,70,70,70,70,70,70,70,80,80,80,80,80,80,80,80,80,85,85],"card_choices":[{"not_picked":["Concentrate","Expertise"],"picked":"Sucker Punch","floor":1},{"not_picked":["Poisoned Stab","Blade Dance"],"picked":"Blur","floor":4},{"not_picked":["Distraction","Calculated Gamble"],"picked":"Leg Sweep","floor":5},{"not_picked":["Deadly Poison","Finisher"],"picked":"Endless Agony","floor":7},{"not_picked":["Tactician","Quick Slash"],"picked":"Finisher","floor":8},{"not_picked":["Bane","Masterful Stab"],"picked":"Flechettes","floor":14},{"not_picked":["Envenom","A Thousand Cuts"],"picked":"Venomology","floor":16},{"not_picked":[],"picked":"Escape Plan+1","floor":18},{"not_picked":[],"picked":"Slice","floor":20},{"not_picked":[],"picked":"Dash","floor":22}],"player_experience":358570,"relics_obtained":[{"floor":7,"key":"Orichalcum"},{"floor":9,"key":"Tiny Chest"},{"floor":10,"key":"Paper Crane"},{"floor":13,"key":"Pear"}],"event_choices":[{"damage_healed":0,"gold_gain":0,"player_choice":"Ignored","damage_taken":0,"max_hp_gain":0,"max_hp_loss":0,"event_name":"Golden Wing","floor":2,"gold_loss":0},{"damage_healed":0,"gold_gain":0,"player_choice":"Leave","damage_taken":0,"max_hp_gain":0,"max_hp_loss":0,"event_name":"The Cleric","floor":3,"gold_loss":0},{"damage_healed":0,"gold_gain":0,"player_choice":"Read","damage_taken":0,"max_hp_gain":0,"max_hp_loss":0,"event_name":"The Library","floor":19,"gold_loss":0,"cards_obtained":["Dash"]}],"is_beta":false,"boss_relics":[{"not_picked":["Snecko Eye","Black Star"],"picked":"Busted Crown"}],"items_purged_floors":[],"is_endless":false,"potions_floor_spawned":[5,8,14,16,20,22],"killed_by":"Book of Stabbing","ascension_level":8}