{"gold_per_floor":[119,130,130,50,50,50,83,83,106,141,156,156,168,193,193,295,295,312,322,322,338,24,52,52,52,52,62,94,94,19,50,50,154,154,167,186,286,286,298,360,360,374,399,9,9,22,22,38,38,38],"floor_reached":50,"playtime":1839,"items_purged":["Defend_R"],"score":628,"play_id":"d7df2d3f-8767-4392-acb1-c3da4f541bf5","local_time":"20190219015512","is_ascension_mode":false,"campfire_choices":[{"data":"Searing Blow","floor":6.0,"key":"SMITH"},{"data":"Searing Blow+1","floor":8.0,"key":"SMITH"},{"data":"Searing Blow+2","floor":12.0,"key":"SMITH"},{"data":"Searing Blow+3","floor":15.0,"key":"SMITH"},{"data":"Perfected Strike","floor":25.0,"key":"SMITH"},{"data":"Whirlwind","floor":29.0,"key":"SMITH"},{"floor":32.0,"key":"REST"},{"data":"Feed","floor":41.0,"key":"SMITH"},{"data":"Disarm","floor":45.0,"key":"SMITH"},{"data":"Spot Weakness","floor":49.0,"key":"SMITH"}],"neow_cost":"NONE","seed_source_timestamp":2548970044693733,"circlet_count":0,"master_deck":["Strike_R","Strike_R","Strike_R","Strike_R","Strike_R","Defend_R","Defend_R","Defend_R","Bash","Perfected Strike+1","Searing Blow+4","Clash","Pommel Strike","Feed+1","Clothesline","Inflame+1","Inflame","Spot Weakness+1","Panache","Whirlwind+1","Flex","Bludgeon","Feel No Pain+1","Thunderclap","Demon Form","Feel No Pain+1","Pommel Strike+1","Havoc+1","Panache","Disarm+1","Combust+1","Rampage+1","Shrug It Off","Armaments","Writhe","Shrug It Off"],"special_seed":0,"relics":["Burning Blood","NeowsBlessing","Omamori","Thread and Needle","Strawberry","Mummified Hand","Potion Belt","Cursed Key","Self Forming Clay","Bottled Lightning","Red Mask","Anchor","Coffee Dripper","Turnip","Tiny Chest","Lantern","Mango","Ornamental Fan"],"potions_floor_usage":[50,50,50,50],"damage_taken":[{"damage":0.0,"enemies":"Cultist","floor":1.0,"turns":1.0},{"damage":0.0,"enemies":"Small Slimes","floor":2.0,"turns":1.0},{"damage":0.0,"enemies":"Lagavulin","floor":7.0,"turns":1.0},{"damage":18.0,"enemies":"3 Sentries","floor":10.0,"turns":7.0},{"damage":1.0,"enemies":"2 Louse","floor":11.0,"turns":2.0},{"damage":9.0,"enemies":"Lots of Slimes","floor":13.0,"turns":4.0},{"damage":18.0,"enemies":"Gremlin Nob","floor":14.0,"turns":4.0},{"damage":59.0,"enemies":"Hexaghost","floor":16.0,"turns":9.0},{"damage":14.0,"enemies":"2 Thieves","floor":18.0,"turns":3.0},{"damage":21.0,"enemies":"3 Byrds","floor":19.0,"turns":5.0},{"damage":11.0,"enemies":"Centurion and Healer","floor":21.0,"turns":4.0},{"damage":23.0,"enemies":"Gremlin Leader","floor":23.0,"turns":4.0},{"damage":0.0,"enemies":"Snake Plant","floor":27.0,"turns":2.0},{"damage":0.0,"enemies":"Masked Bandits","floor":28.0,"turns":2.0},{"damage":17.0,"enemies":"Slavers","floor":31.0,"turns":5.0},{"damage":71.0,"enemies":"Champ","floor":33.0,"turns":10.0},{"damage":0.0,"enemies":"3 Darklings","floor":35.0,"turns":2.0},{"damage":0.0,"enemies":"Orb Walker","floor":36.0,"turns":2.0},{"damage":28.0,"enemies":"Mind Bloom Boss Battle","floor":37.0,"turns":4.0},{"damage":28.0,"enemies":"Writhing Mass","floor":39.0,"turns":4.0},{"damage":36.0,"enemies":"Nemesis","floor":40.0,"turns":5.0},{"damage":6.0,"enemies":"Sphere and 2 Shapes","floor":42.0,"turns":3.0},{"damage":6.0,"enemies":"Jaw Worm Horde","floor":46.0,"turns":4.0},{"damage":4.0,"enemies":"Spire Growth","floor":48.0,"turns":4.0},{"damage":49,"enemies":"Time Eater","floor":50,"turns":7}],"seed_played":"4789298009344213812","potions_obtained":[{"floor":1.0,"key":"Fire Potion"},{"floor":2.0,"key":"SkillPotion"},{"floor":10.0,"key":"SneckoOil"},{"floor":11.0,"key":"SpeedPotion"},{"floor":16.0,"key":"Energy Potion"},{"floor":21.0,"key":"Explosive Potion"},{"floor":23.0,"key":"Explosive Potion"},{"floor":33.0,"key":"FearPotion"},{"floor":35.0,"key":"Block Potion"},{"floor":39.0,"key":"SpeedPotion"},{"floor":40.0,"key":"EssenceOfSteel"},{"floor":48.0,"key":"Energy Potion"}],"is_trial":false,"path_per_floor":["M","M","?","$","?","R","E","R","T","E","M","R","M","E","R","B",null,"M","M","?","M","$","E","?","R","T","M","?","R","$","E","R","B",null,"M","M","?","?","M","E","R","M","T","$","R","M","T","M","R","B"],"character_chosen":"IRONCLAD","items_purchased":["Searing Blow","Panache","Whirlwind","Flex","Mango","PowerPotion","Shrug It Off"],"campfire_rested":1,"item_purchase_floors":[4,22,22,22,44,44,44],"current_hp_per_floor":[80,80,80,80,80,80,80,80,87,75,80,80,77,65,65,12,87,82,67,67,65,65,48,48,48,48,57,63,63,63,52,80,15,96,96,96,74,74,52,22,22,22,22,36,36,40,40,42,42,0],"gold":38,"neow_bonus":"THREE_ENEMY_KILL","is_prod":false,"is_daily":false,"chose_seed":false,"campfire_upgraded":9,"win_rate":0,"timestamp":1550562912,"path_taken":["M","?","?","?","?","R","E","R","T","E","?","R","M","E","R","BOSS","M","?","?","M","$","E","?","R","T","M","?","R","$","E","R","BOSS","M","M","?","?","M","E","R","M","T","$","R","?","?","M","R","BOSS"],"build_version":"2019-01-23","purchased_purges":1,"victory":false,"max_hp_per_floor":[80,80,80,80,80,80,80,80,87,87,87,87,87,87,87,87,87,90,90,90,93,93,93,93,93,93,96,96,96,96,96,96,96,96,96,96,96,96,96,96,96,96,96,110,110,114,114,114,114,114],"card_choices":[{"not_picked":["Dual Wield","Heavy Blade","Entrench"],"picked":"SKIP","floor":1.0},{"not_picked":["Clothesline","Twin Strike"],"picked":"Perfected Strike","floor":2.0},{"not_picked":["Headbutt","Iron Wave","Anger"],"picked":"SKIP","floor":7.0},{"not_picked":["Iron Wave","Limit Break","Flex"],"picked":"SKIP","floor":10.0},{"not_picked":["Anger","Heavy Blade"],"picked":"Clash","floor":11.0},{"not_picked":["True Grit","Shockwave","Flex"],"picked":"SKIP","floor":13.0},{"not_picked":["Armaments","Dropkick"],"picked":"Pommel Strike","floor":14.0},{"not_picked":["Immolate","Berserk"],"picked":"Feed","floor":16.0},{"not_picked":["Pummel","Flex+1"],"picked":"Clothesline","floor":18.0},{"not_picked":["Hemokinesis","Havoc"],"picked":"Inflame+1","floor":19.0},{"not_picked":["Warcry","Sentinel+1"],"picked":"Spot Weakness","floor":21.0},{"not_picked":["Power Through","Entrench"],"picked":"Bludgeon","floor":23.0},{"not_picked":["Battle Trance","Pommel Strike"],"picked":"Feel No Pain+1","floor":27.0},{"not_picked":["Rage","Heavy Blade+1"],"picked":"Thunderclap","floor":28.0},{"not_picked":["Headbutt","Power Through","Twin Strike"],"picked":"SKIP","floor":31.0},{"not_picked":["Fiend Fire","Double Tap"],"picked":"Demon Form","floor":33.0},{"not_picked":["Warcry+1","Perfected Strike"],"picked":"Feel No Pain+1","floor":35.0},{"not_picked":["Twin Strike+1","Iron Wave+1"],"picked":"Pommel Strike+1","floor":36.0},{"not_picked":["Sentinel","Twin Strike"],"picked":"Havoc+1","floor":37.0},{"not_picked":["Warcry","Dark Embrace"],"picked":"Disarm","floor":39.0},{"not_picked":["Twin Strike+1","Clothesline+1"],"picked":"Combust+1","floor":40.0},{"not_picked":["Intimidate+1","Sword Boomerang"],"picked":"Rampage+1","floor":42.0},{"not_picked":["Body Slam+1","Heavy Blade","Armaments"],"picked":"SKIP","floor":46.0},{"not_picked":["Body Slam+1","Heavy Blade"],"picked":"Armaments","floor":46.0},{"not_picked":["Sentinel+1","Rupture+1"],"picked":"Shrug It Off","floor":48.0}],"player_experience":551171,"relics_obtained":[{"floor":7.0,"key":"Thread and Needle"},{"floor":9.0,"key":"Strawberry"},{"floor":10.0,"key":"Mummified Hand"},{"floor":14.0,"key":"Potion Belt"},{"floor":23.0,"key":"Self Forming Clay"},{"floor":26.0,"key":"Bottled Lightning"},{"floor":28.0,"key":"Red Mask"},{"floor":31.0,"key":"Anchor"},{"floor":37.0,"key":"Turnip"},{"floor":40.0,"key":"Tiny Chest"},{"floor":43.0,"key":"Lantern"},{"floor":47.0,"key":"Ornamental Fan"}],"event_choices":[{"damage_healed":0.0,"max_hp_gain":0.0,"max_hp_loss":0.0,"gold_gain":0.0,"event_name":"The Woman in Blue","player_choice":"Bought 0 Potions","floor":3.0,"gold_loss":0.0,"damage_taken":0.0},{"damage_healed":0.0,"max_hp_gain":0.0,"max_hp_loss":0.0,"gold_gain":0.0,"event_name":"WeMeetAgain","player_choice":"Gave Potion","floor":5.0,"gold_loss":0.0,"damage_taken":0.0,"relics_obtained":["Omamori"]},{"damage_healed":0.0,"max_hp_gain":0.0,"max_hp_loss":0.0,"gold_gain":0.0,"event_name":"The Library","player_choice":"Read","floor":20.0,"gold_loss":0.0,"damage_taken":0.0,"cards_obtained":["Inflame"]},{"damage_healed":0.0,"max_hp_gain":0.0,"max_hp_loss":0.0,"gold_gain":0.0,"event_name":"Beggar","player_choice":"Ignored","floor":24.0,"gold_loss":0.0,"damage_taken":0.0},{"damage_healed":0.0,"max_hp_gain":0.0,"max_hp_loss":0.0,"gold_gain":0.0,"event_name":"Masked Bandits","player_choice":"Fought Bandits","floor":28.0,"gold_loss":0.0,"damage_taken":0.0},{"damage_healed":0.0,"max_hp_gain":0.0,"max_hp_loss":0.0,"gold_gain":0.0,"event_name":"MindBloom","player_choice":"Fight","floor":37.0,"gold_loss":0.0,"damage_taken":0.0},{"damage_healed":0.0,"max_hp_gain":0.0,"max_hp_loss":0.0,"gold_gain":0.0,"event_name":"Duplicator","player_choice":"Copied","floor":38.0,"gold_loss":0.0,"damage_taken":0.0,"cards_obtained":["Panache"]}],"is_beta":false,"boss_relics":[{"not_picked":["Tiny House","White Beast Statue"],"picked":"Cursed Key"},{"not_picked":["Astrolabe","Snecko Eye"],"picked":"Coffee Dripper"}],"items_purged_floors":[30],"is_endless":false,"potions_floor_spawned":[1,2,10,11,16,21,23,33,35,39,40,48],"killed_by":"Time Eater","ascension_level":0}