{"gold_per_floor":[117,131,131,131,151,185,185,197,247,280,280,307,318,318,318,423,423,439,474,474,28,28,60,60,86,86,86,101,119,195,208,208,304,304,316,334,41,53,102,102],"floor_reached":40,"playtime":2804,"items_purged":["Clumsy"],"score":549,"play_id":"6b1310ec-27a5-4279-a041-8eecb95b1bd8","local_time":"20181201092718","is_ascension_mode":true,"campfire_choices":[{"data":"Neutralize","floor":7,"key":"SMITH"},{"data":"Bouncing Flask","floor":11,"key":"SMITH"},{"data":"Deadly Poison","floor":15,"key":"SMITH"},{"floor":24,"key":"REST"},{"data":"J.A.X.","floor":27,"key":"SMITH"},{"floor":32,"key":"REST"}],"neow_cost":"CURSE","seed_source_timestamp":643509690701116,"circlet_count":0,"master_deck":["Defend_G","Defend_G","Defend_G","Defend_G","Defend_G","Strike_G+1","Strike_G+1","Strike_G+1","Survivor","Neutralize+1","Bouncing Flask+1","Infinite Blades+1","Flying Knee+1","Deadly Poison+1","Burst","Dodge and Roll","Flying Knee+1","J.A.X.+1","Panache+1","Poisoned Stab","Infinite Blades+1","Adrenaline","Corpse Explosion+1","Burst+1","Deadly Poison+1","Escape Plan+1","Deadly Poison","Accuracy+1"],"relics":["Ring of the Snake","Nunchaku","Frozen Egg 2","Snake Skull","Ancient Tea Set","Sundial","WingedGreaves","Lizard Tail","Red Mask","ClockworkSouvenir","Shuriken","Whetstone","Bag of Preparation","Bottled Lightning","Astrolabe","Letter Opener","The Specimen"],"potions_floor_usage":[10,10,16,18,19,23,33,33,38,40,40],"damage_taken":[{"damage":9,"enemies":"Jaw Worm","floor":1,"turns":7},{"damage":1,"enemies":"Cultist","floor":2,"turns":4},{"damage":0,"enemies":"Small Slimes","floor":5,"turns":3},{"damage":22,"enemies":"Gremlin Nob","floor":6,"turns":5},{"damage":8,"enemies":"Exordium Wildlife","floor":8,"turns":4},{"damage":0,"enemies":"Lagavulin","floor":10,"turns":5},{"damage":0,"enemies":"Gremlin Nob","floor":12,"turns":3},{"damage":9,"enemies":"Blue Slaver","floor":13,"turns":2},{"damage":4,"enemies":"Hexaghost","floor":16,"turns":7},{"damage":11,"enemies":"3 Byrds","floor":18,"turns":5},{"damage":59,"enemies":"Masked Bandits","floor":19,"turns":6},{"damage":33,"enemies":"Gremlin Leader","floor":23,"turns":6},{"damage":0,"enemies":"Chosen","floor":28,"turns":3},{"damage":8,"enemies":"Snecko","floor":29,"turns":3},{"damage":4,"enemies":"Snake Plant","floor":31,"turns":3},{"damage":29,"enemies":"Champ","floor":33,"turns":8},{"damage":12,"enemies":"Orb Walker","floor":35,"turns":2},{"damage":13,"enemies":"3 Shapes","floor":36,"turns":5},{"damage":6,"enemies":"Sphere and 2 Shapes","floor":38,"turns":4},{"damage":38,"enemies":"2 Orb Walkers","floor":39,"turns":3},{"damage":16,"enemies":"Reptomancer","floor":40,"turns":2}],"seed_played":"8845014034658521893","potions_obtained":[{"floor":1,"key":"Regen Potion"},{"floor":6,"key":"EssenceOfSteel"},{"floor":12,"key":"SpeedPotion"},{"floor":13,"key":"Regen Potion"},{"floor":16,"key":"Block Potion"},{"floor":18,"key":"Ancient Potion"},{"floor":28,"key":"LiquidBronze"},{"floor":31,"key":"Regen Potion"},{"floor":36,"key":"Swift Potion"},{"floor":38,"key":"Poison Potion"}],"is_trial":false,"path_per_floor":["M","M","?","?","M","E","R","M","T","E","R","E","M","?","R","B",null,"M","?","?","$","?","E","R","T","T","R","M","M","T","M","R","B",null,"M","M","$","M","?","E"],"character_chosen":"THE_SILENT","items_purchased":["Panache+1","ClockworkSouvenir","Letter Opener","AttackPotion"],"campfire_rested":2,"item_purchase_floors":[21,21,37,37],"current_hp_per_floor":[61,60,60,60,60,38,38,30,30,45,45,45,36,22,22,33,70,59,35,35,35,35,2,23,23,23,23,23,15,15,11,32,18,70,58,45,45,39,1,0],"gold":102,"neow_bonus":"ONE_RARE_RELIC","is_prod":false,"is_daily":false,"chose_seed":false,"campfire_upgraded":4,"win_rate":0,"timestamp":1543674438,"path_taken":["M","M","?","?","M","E","R","M","T","E","R","E","?","?","R","BOSS","M","?","?","?","?","E","R","?","T","R","?","M","?","M","R","BOSS","M","?","$","M","?","E"],"build_version":"2018-11-15","purchased_purges":1,"victory":false,"max_hp_per_floor":[70,70,70,70,70,70,70,70,70,70,70,70,70,70,70,70,70,70,70,70,70,70,70,70,70,70,70,70,70,70,70,70,70,70,70,70,70,70,70,70],"card_choices":[{"not_picked":["Cloak And Dagger","Blade Dance"],"picked":"Bouncing Flask","floor":1},{"not_picked":["Dagger Spray","Cloak And Dagger"],"picked":"Backflip","floor":2},{"not_picked":["Cloak And Dagger","Finisher"],"picked":"Infinite Blades+1","floor":5},{"not_picked":["Bane","Eviscerate"],"picked":"Flying Knee","floor":6},{"not_picked":["Concentrate","Deflect","Tactician"],"picked":"SKIP","floor":8},{"not_picked":["Dagger Throw","PiercingWail","Deflect"],"picked":"SKIP","floor":10},{"not_picked":["Storm of Steel","Prepared"],"picked":"Deadly Poison","floor":12},{"not_picked":["Bane","Riddle With Holes","Prepared"],"picked":"SKIP","floor":13},{"not_picked":["Doppelganger","Malaise"],"picked":"Burst","floor":16},{"not_picked":["Outmaneuver","Dagger Throw"],"picked":"Dodge and Roll","floor":18},{"not_picked":["Tactician","Blade Dance"],"picked":"Flying Knee+1","floor":19},{"not_picked":["Predator+1","PiercingWail+1"],"picked":"Poisoned Stab","floor":23},{"not_picked":["Sucker Punch+1","Bane","Endless Agony"],"picked":"SKIP","floor":28},{"not_picked":["Quick Slash","Dagger Throw"],"picked":"Infinite Blades+1","floor":29},{"not_picked":["Doppelganger","Flying Knee","Outmaneuver"],"picked":"SKIP","floor":31},{"not_picked":["Grand Finale","Unload"],"picked":"Adrenaline","floor":33},{"not_picked":["Calculated Gamble+1","Choke+1"],"picked":"Escape Plan+1","floor":35},{"not_picked":["Backflip+1","Terror","Dagger Spray+1"],"picked":"SKIP","floor":36},{"not_picked":["Poisoned Stab+1","Outmaneuver+1"],"picked":"Deadly Poison","floor":38},{"not_picked":["Quick Slash","Acrobatics"],"picked":"Accuracy+1","floor":39}],"player_experience":189830,"relics_obtained":[{"floor":6,"key":"Snake Skull"},{"floor":9,"key":"Ancient Tea Set"},{"floor":10,"key":"Sundial"},{"floor":12,"key":"WingedGreaves"},{"floor":19,"key":"Red Mask"},{"floor":23,"key":"Shuriken"},{"floor":25,"key":"Whetstone"},{"floor":26,"key":"Bag of Preparation"},{"floor":30,"key":"Bottled Lightning"},{"floor":39,"key":"The Specimen"}],"event_choices":[{"damage_healed":0,"gold_gain":0,"player_choice":"Box","damage_taken":0,"relics_obtained":["Frozen Egg 2"],"max_hp_gain":0,"max_hp_loss":0,"event_name":"Big Fish","floor":3,"gold_loss":0,"cards_obtained":["Regret"]},{"cards_removed":["Regret"],"damage_healed":0,"gold_gain":0,"player_choice":"Purged","damage_taken":0,"max_hp_gain":0,"max_hp_loss":0,"event_name":"Purifier","floor":4,"gold_loss":0},{"damage_healed":0,"gold_gain":0,"player_choice":"Entered Light","damage_taken":14,"max_hp_gain":0,"max_hp_loss":0,"event_name":"Shining Light","floor":14,"gold_loss":0,"cards_upgraded":["Flying Knee","Strike_G"]},{"damage_healed":0,"gold_gain":0,"player_choice":"Fought Bandits","damage_taken":0,"max_hp_gain":0,"max_hp_loss":0,"event_name":"Masked Bandits","floor":19,"gold_loss":0},{"damage_healed":0,"gold_gain":0,"player_choice":"Obtain J.A.X.","damage_taken":0,"max_hp_gain":0,"max_hp_loss":0,"event_name":"Drug Dealer","floor":20,"gold_loss":0,"cards_obtained":["J.A.X."]},{"damage_healed":0,"gold_gain":0,"player_choice":"Ignored","damage_taken":0,"max_hp_gain":0,"max_hp_loss":0,"event_name":"Beggar","floor":22,"gold_loss":0},{"damage_healed":0,"gold_gain":0,"player_choice":"Fight","damage_taken":0,"max_hp_gain":0,"max_hp_loss":0,"event_name":"Mysterious Sphere","floor":39,"gold_loss":0}],"is_beta":false,"boss_relics":[{"not_picked":["Philosopher\u0027s Stone","Snecko Eye"],"picked":"Lizard Tail"},{"not_picked":["Busted Crown","Empty Cage"],"picked":"Astrolabe"}],"items_purged_floors":[21],"is_endless":false,"potions_floor_spawned":[1,6,12,13,16,18,28,31,36,38],"killed_by":"Reptomancer","ascension_level":2}