{"gold_per_floor":[117,134,151,168,168,168,208,229,229,250,250],"floor_reached":11,"playtime":680,"items_purged":[],"score":204,"play_id":"7b8081d2-b023-45d4-a51e-fd1ef43e2075","local_time":"20181222140454","is_ascension_mode":true,"campfire_choices":[{"data":"Zap","floor":6,"key":"SMITH"}],"neow_cost":"PERCENT_DAMAGE","seed_source_timestamp":68543049018892,"circlet_count":0,"master_deck":["AscendersBane","Strike_B","Strike_B","Strike_B","Strike_B","Defend_B","Defend_B","Defend_B","Defend_B","Zap+1","Dualcast","Coolheaded","Chill","Loop","Ball Lightning","Lockon","Ball Lightning"],"relics":["Cracked Core","Golden Idol","Omamori","Sundial"],"potions_floor_usage":[7,7],"damage_taken":[{"damage":6,"enemies":"Cultist","floor":1,"turns":4},{"damage":2,"enemies":"2 Louse","floor":2,"turns":3},{"damage":3,"enemies":"Jaw Worm","floor":3,"turns":7},{"damage":13,"enemies":"3 Louse","floor":4,"turns":5},{"damage":0,"enemies":"3 Sentries","floor":7,"turns":6},{"damage":1,"enemies":"2 Fungi Beasts","floor":8,"turns":3},{"damage":20,"enemies":"Lots of Slimes","floor":10,"turns":4},{"damage":31,"enemies":"Gremlin Nob","floor":11,"turns":3}],"seed_played":"-4489849700886457669","potions_obtained":[{"floor":3,"key":"EssenceOfSteel"},{"floor":4,"key":"Explosive Potion"}],"is_trial":false,"path_per_floor":["M","M","M","M","?","R","E","M","T","M","E"],"character_chosen":"DEFECT","items_purchased":[],"campfire_rested":0,"item_purchase_floors":[],"current_hp_per_floor":[54,52,49,36,36,36,36,35,35,15,0],"gold":250,"neow_bonus":"TWENTY_PERCENT_HP_BONUS","is_prod":false,"is_daily":false,"chose_seed":false,"campfire_upgraded":1,"win_rate":0,"timestamp":1545516294,"path_taken":["M","M","M","?","?","R","E","M","T","M","E"],"build_version":"2018-12-20","purchased_purges":0,"victory":false,"max_hp_per_floor":[85,85,85,85,77,77,77,77,77,77,77],"card_choices":[{"not_picked":["Redo","Scrape"],"picked":"Coolheaded","floor":1},{"not_picked":["Beam Cell","Hologram"],"picked":"Chill","floor":2},{"not_picked":["Hologram","Turbo"],"picked":"Loop","floor":3},{"not_picked":["Scrape","Rip and Tear"],"picked":"Ball Lightning","floor":4},{"not_picked":["Turbo","Rebound","Stack"],"picked":"SKIP","floor":7},{"not_picked":["Barrage","Turbo"],"picked":"Lockon","floor":8},{"not_picked":["Steam","Sweeping Beam"],"picked":"Ball Lightning","floor":10}],"player_experience":3977689,"relics_obtained":[{"floor":7,"key":"Omamori"},{"floor":9,"key":"Sundial"}],"event_choices":[{"damage_healed":0,"gold_gain":0,"player_choice":"Lose Max HP","damage_taken":0,"relics_obtained":["Golden Idol"],"max_hp_gain":0,"max_hp_loss":8,"event_name":"Golden Idol","floor":5,"gold_loss":0}],"is_beta":true,"boss_relics":[],"items_purged_floors":[],"is_endless":false,"potions_floor_spawned":[3,4],"killed_by":"Gremlin Nob","ascension_level":20}