{"path_per_floor":["M","M","?","$","M","M","?","M","T","R","$","M","R","T","R","B",null,"M","?","?","?","?","R","E","?","T","M","$","R","?","M","R"],"character_chosen":"IRONCLAD","items_purchased":["Anchor"],"gold_per_floor":[117,130,130,55,74,86,86,98,123,123,23,33,33,33,33,138,138,151,151,151,76,76,76,109,109,134,152,8,8,8,20,20],"floor_reached":33,"campfire_rested":2,"playtime":954,"current_hp_per_floor":[70,76,64,64,70,64,64,57,57,57,57,62,62,62,62,9,62,52,52,52,52,52,76,17,17,17,27,27,66,66,68,68],"items_purged":["Dark Embrace","Bash"],"gold":20,"score":342,"play_id":"31255e4e-c432-4aef-a41d-00c304932a2a","local_time":"20180309024521","is_prod":false,"is_daily":false,"is_ascension_mode":true,"campfire_upgraded":4,"timestamp":1520585121,"path_taken":["M","M","?","$","M","M","?","M","T","R","$","M","R","?","R","BOSS","M","?","?","?","?","R","E","?","T","M","$","R","?","M","R","BOSS"],"build_version":"2018-03-01-PROD1","purchased_purges":2,"victory":false,"master_deck":["Strike_R+1","Strike_R+1","Strike_R+1","Strike_R+1","Defend_R+1","Defend_R+1","Defend_R+1","Defend_R+1","Bludgeon+1","Seeing Red+1","Thunderclap","Battle Trance+1","Uppercut+1","Limit Break","Infernal Blade+1","Seeing Red+1","Rampage+1","Cleave+1"],"max_hp_per_floor":[80,80,80,80,80,80,80,80,80,80,80,80,80,80,80,80,80,80,80,80,80,80,80,80,80,80,80,80,80,80,80,80],"relics":["Black Blood","Dream Catcher","Matryoshka","Juzu Bracelet","Du-Vu Doll","Vajra","Regal Pillow","Anchor","Nloth\u0027s Gift"],"card_choices":[{"not_picked":["Havoc","Heavy Blade"],"picked":"Bludgeon"},{"not_picked":["Perfected Strike","Sentinel"],"picked":"Seeing Red"},{"not_picked":["Wild Strike","Heavy Blade"],"picked":"Thunderclap"},{"not_picked":["Dual Wield","Havoc"],"picked":"Battle Trance"},{"not_picked":["Burning Pact","Armaments"],"picked":"Uppercut"},{"not_picked":["Barricade","Juggernaut"],"picked":"Limit Break"},{"not_picked":["Havoc","Iron Wave"],"picked":"Infernal Blade"},{"not_picked":["Feed","Corruption"],"picked":"Rampage"},{"not_picked":["Ghostly Armor","Warcry"],"picked":"Cleave"}],"player_experience":298061,"potions_floor_usage":[5,6,24],"damage_taken":[{"damage":8,"enemies":"Small Slimes","floor":1,"turns":4},{"damage":0,"enemies":"Cultist","floor":2,"turns":2},{"damage":0,"enemies":"Jaw Worm","floor":5,"turns":1},{"damage":12,"enemies":"Lots of Slimes","floor":6,"turns":4},{"damage":13,"enemies":"3 Louse","floor":8,"turns":3},{"damage":1,"enemies":"Blue Slaver","floor":12,"turns":3},{"damage":59,"enemies":"Slime Boss","floor":16,"turns":11},{"damage":20,"enemies":"3 Byrds","floor":18,"turns":6},{"damage":78,"enemies":"Gremlin Leader","floor":24,"turns":8},{"damage":0,"enemies":"Spheric Guardian","floor":27,"turns":2},{"damage":8,"enemies":"3 Cultists","floor":31,"turns":5},{"damage":74,"enemies":"Collector","floor":33,"turns":7}],"event_choices":[{"event_name":"Scrap Ooze","player_choice":"success","floor":3,"damage_taken":12},{"event_name":"The Woman in Blue","player_choice":"Bought 0 Potions","floor":7,"damage_taken":0},{"event_name":"Back to Basics","player_choice":"Simplicity","floor":19,"damage_taken":0},{"event_name":"The Mausoleum","player_choice":"Yes","floor":20,"damage_taken":0},{"event_name":"Beggar","player_choice":"Gave Gold","floor":21,"damage_taken":0},{"event_name":"Duplicator","player_choice":"One dupe","floor":22,"damage_taken":0},{"event_name":"Cursed Tome","player_choice":"Ignored","floor":25,"damage_taken":0},{"event_name":"N\u0027loth","player_choice":"Traded a War Paint","floor":30,"damage_taken":0}],"boss_relics":[{"not_picked":["Astrolabe","Snecko Eye"],"picked":"Black Blood"}],"potions_floor_spawned":[1,5,12,16,24],"seed_played":"1484347264146713784","killed_by":"Collector","ascension_level":7,"is_trial":false}