{"gold_per_floor":[111,129,141,14,29,63,79,94,120,135,33,62,62,77,77,173,173,191,208,15,27,42,42,42,42,121,121,137,137,137,149,149,248,248,258,258,95,95,109,109,140,140,167,185,17,32,32,52,52,52,52,52,17,52,52],"floor_reached":55,"playtime":3184,"items_purged":["Strike_G"],"score":797,"play_id":"c9c0dd3d-38a1-4289-a08b-251a3c7396b4","local_time":"20190209232722","is_ascension_mode":true,"campfire_choices":[{"floor":13.0,"key":"REST"},{"data":"Infinite Blades","floor":15.0,"key":"SMITH"},{"floor":23.0,"key":"RECALL"},{"floor":29.0,"key":"REST"},{"floor":32.0,"key":"REST"},{"floor":40,"key":"REST"},{"floor":42,"key":"REST"},{"floor":47,"key":"REST"},{"floor":49,"key":"REST"},{"data":"A Thousand Cuts","floor":52,"key":"SMITH"}],"neow_cost":"NONE","seed_source_timestamp":0,"circlet_count":0,"master_deck":["Defend_G","Defend_G","Defend_G","Defend_G","Defend_G","Survivor","Neutralize","Grand Finale","Terror","Adrenaline","Dash","Deadly Poison","Caltrops","Prepared","Infinite Blades+1","Dagger Throw","Infinite Blades","Cloak And Dagger","Cloak And Dagger","Escape Plan","Catalyst","Corpse Explosion","Infinite Blades+1","Panache","Blur","Bite","Bite","Bite","Bite","Bite","A Thousand Cuts+1","Backstab+1","Accuracy","Blade Dance","Riddle With Holes+1","Trip","Infinite Blades","Dramatic Entrance","Madness","Madness","Backstab","PiercingWail","Mind Blast","Escape Plan","Infinite Blades","Footwork"],"special_seed":0,"relics":["Ring of the Snake","Snake Skull","Sozu","Shuriken","Enchiridion","Orrery","Vajra","Ancient Tea Set","Pen Nib"],"potions_floor_usage":[],"damage_taken":[{"damage":0.0,"enemies":"Cultist","floor":1.0,"turns":2.0},{"damage":2.0,"enemies":"Small Slimes","floor":2.0,"turns":5.0},{"damage":0.0,"enemies":"2 Louse","floor":3.0,"turns":2.0},{"damage":0.0,"enemies":"2 Fungi Beasts","floor":5.0,"turns":3.0},{"damage":38.0,"enemies":"3 Sentries","floor":6.0,"turns":13.0},{"damage":0.0,"enemies":"Exordium Wildlife","floor":7.0,"turns":4.0},{"damage":5.0,"enemies":"Large Slime","floor":8.0,"turns":5.0},{"damage":7.0,"enemies":"Gremlin Gang","floor":10.0,"turns":5.0},{"damage":5.0,"enemies":"Gremlin Nob","floor":12.0,"turns":5.0},{"damage":1.0,"enemies":"Blue Slaver","floor":14.0,"turns":3.0},{"damage":13.0,"enemies":"Hexaghost","floor":16.0,"turns":9.0},{"damage":30.0,"enemies":"Spheric Guardian","floor":18.0,"turns":6.0},{"damage":0.0,"enemies":"Shell Parasite","floor":19.0,"turns":5.0},{"damage":4.0,"enemies":"Snake Plant","floor":21.0,"turns":4.0},{"damage":17.0,"enemies":"Centurion and Healer","floor":22.0,"turns":5.0},{"damage":5.0,"enemies":"3 Cultists","floor":28.0,"turns":4.0},{"damage":5.0,"enemies":"Cultist and Chosen","floor":31.0,"turns":5.0},{"damage":26.0,"enemies":"Champ","floor":33.0,"turns":8.0},{"damage":14,"enemies":"3 Shapes","floor":35,"turns":3},{"damage":24,"enemies":"3 Darklings","floor":39,"turns":3},{"damage":42,"enemies":"Nemesis","floor":41,"turns":5},{"damage":5,"enemies":"Sphere and 2 Shapes","floor":44,"turns":3},{"damage":4,"enemies":"Maw","floor":46,"turns":6},{"damage":15,"enemies":"3 Darklings","floor":48,"turns":3},{"damage":51,"enemies":"Donu and Deca","floor":50,"turns":6},{"damage":101,"enemies":"Shield and Spear","floor":54,"turns":4},{"damage":7,"enemies":"The Heart","floor":55,"turns":2}],"seed_played":"-8705150072197129286","potions_obtained":[{"floor":2.0,"key":"Block Potion"},{"floor":3.0,"key":"Weak Potion"},{"floor":6.0,"key":"FairyPotion"},{"floor":12.0,"key":"SneckoOil"},{"floor":14.0,"key":"Regen Potion"}],"is_trial":false,"path_per_floor":["M","M","M","$","M","E","M","M","T","M","$","E","R","M","R","B",null,"M","M","$","M","M","R","$","?","T","?","M","R","?","M","R","B",null,"M","?","$","?","M","R","E","R","T","M","$","M","R","M","R","B",null,"R","$","E","B"],"character_chosen":"THE_SILENT","items_purchased":["Deadly Poison","Caltrops","Cloak And Dagger","Panache","Infinite Blades","Dramatic Entrance","Mind Blast","Escape Plan","Infinite Blades"],"campfire_rested":7,"item_purchase_floors":[4,4,11,20,37,37,45,45,53],"current_hp_per_floor":[70,68,68,68,68,30,32,29,29,24,24,21,42,43,43,32,70,40,42,42,40,39,39,39,39,39,23,20,41,41,44,65,55,70,60,60,60,51,33,54,16,37,37,40,40,44,65,52,70,25,70,70,70,7,0],"gold":52,"neow_bonus":"TRANSFORM_CARD","is_prod":false,"is_daily":false,"chose_seed":false,"campfire_upgraded":2,"win_rate":0,"timestamp":1549772842,"path_taken":["M","M","M","$","M","E","M","M","T","M","$","E","R","M","R","BOSS","M","?","?","?","M","R","$","?","T","?","M","R","?","M","R","BOSS","M","?","$","?","M","R","E","R","T","M","?","M","R","M","R","BOSS","R","$","E","BOSS"],"build_version":"2019-01-23","purchased_purges":1,"victory":false,"max_hp_per_floor":[70,70,70,70,70,70,70,70,70,70,70,70,70,70,70,70,70,70,70,70,70,70,70,70,70,70,70,70,70,70,70,70,70,70,70,70,70,70,70,70,70,70,70,70,70,70,70,70,70,70,70,70,70,70,70],"card_choices":[{"not_picked":["Flying Knee","Dagger Spray"],"picked":"Terror","floor":1.0},{"not_picked":["Prepared","Dodge and Roll"],"picked":"Adrenaline","floor":2.0},{"not_picked":["Underhanded Strike","Accuracy"],"picked":"Dash","floor":3.0},{"not_picked":["Eviscerate","All Out Attack"],"picked":"Prepared","floor":5.0},{"not_picked":["Leg Sweep","Masterful Stab"],"picked":"Infinite Blades","floor":6.0},{"not_picked":["Flying Knee","Bane"],"picked":"Dagger Throw","floor":7.0},{"not_picked":["Flechettes","Deflect"],"picked":"Infinite Blades","floor":8.0},{"not_picked":["Poisoned Stab","Well Laid Plans"],"picked":"Cloak And Dagger","floor":10.0},{"not_picked":["Blade Dance","Infinite Blades"],"picked":"Escape Plan","floor":12.0},{"not_picked":["PiercingWail","Flying Knee"],"picked":"Catalyst","floor":14.0},{"not_picked":["Storm of Steel","Bullet Time"],"picked":"Corpse Explosion","floor":16.0},{"not_picked":["Crippling Poison+1","Dodge and Roll+1"],"picked":"Infinite Blades+1","floor":18.0},{"not_picked":["Predator","Dash","Heel Hook"],"picked":"SKIP","floor":19.0},{"not_picked":["Sucker Punch","Blade Dance","Bane"],"picked":"SKIP","floor":21.0},{"not_picked":["Dodge and Roll+1","Choke"],"picked":"Blur","floor":22.0},{"not_picked":["Flechettes+1","Tactician","Burst"],"picked":"SKIP","floor":28.0},{"not_picked":["Leg Sweep+1","Predator+1","Slice"],"picked":"SKIP","floor":31.0},{"not_picked":["Phantasmal Killer","Unload"],"picked":"A Thousand Cuts","floor":33.0},{"not_picked":["Outmaneuver","Deadly Poison"],"picked":"Backstab+1","floor":34},{"not_picked":["Deflect","Footwork"],"picked":"Accuracy","floor":34},{"not_picked":["Slice+1","Endless Agony+1"],"picked":"Blade Dance","floor":34},{"not_picked":["PiercingWail","Acrobatics"],"picked":"Riddle With Holes+1","floor":35},{"not_picked":["Madness","PanicButton"],"picked":"Trip","floor":36},{"not_picked":["Underhanded Strike","Blade Dance"],"picked":"Backstab","floor":39},{"not_picked":["Blade Dance","Skewer"],"picked":"PiercingWail","floor":41},{"not_picked":["Corpse Explosion","Acrobatics","Underhanded Strike+1"],"picked":"SKIP","floor":44},{"not_picked":["Deflect+1","Calculated Gamble","Deadly Poison"],"picked":"SKIP","floor":46},{"not_picked":["Predator","Calculated Gamble","Slice+1"],"picked":"SKIP","floor":48},{"not_picked":["Outmaneuver+1","Well Laid Plans"],"picked":"Footwork","floor":54}],"player_experience":1012493,"relics_obtained":[{"floor":6.0,"key":"Blood Vial"},{"floor":12.0,"key":"Snake Skull"},{"floor":26.0,"key":"Shuriken"},{"floor":27.0,"key":"Enchiridion"},{"floor":41,"key":"Vajra"},{"floor":43,"key":"Ancient Tea Set"},{"floor":54,"key":"Pen Nib"}],"event_choices":[{"cards_removed":["Strike_G"],"damage_healed":0.0,"max_hp_gain":0.0,"max_hp_loss":0.0,"gold_gain":0.0,"event_name":"Back to Basics","player_choice":"Elegance","floor":25.0,"gold_loss":0.0,"damage_taken":0.0},{"damage_healed":0.0,"max_hp_gain":0.0,"max_hp_loss":0.0,"gold_gain":0.0,"event_name":"Cursed Tome","player_choice":"Obtained Book","floor":27.0,"gold_loss":0.0,"damage_taken":16.0},{"damage_healed":0.0,"max_hp_gain":0.0,"max_hp_loss":0.0,"gold_gain":0.0,"event_name":"Vampires","player_choice":"Became a vampire (Vial)","floor":30.0,"relics_lost":["Blood Vial"],"gold_loss":0.0,"damage_taken":0.0,"cards_obtained":["Bite","Bite","Bite","Bite","Bite"]},{"damage_healed":0,"gold_gain":0,"player_choice":"Memory 1","damage_taken":0,"max_hp_gain":0,"max_hp_loss":0,"event_name":"SensoryStone","floor":36,"gold_loss":0},{"damage_healed":0,"gold_gain":0,"player_choice":"Embrace Madness","damage_taken":9,"max_hp_gain":0,"max_hp_loss":0,"event_name":"Winding Halls","floor":38,"gold_loss":0,"cards_obtained":["Madness","Madness"]}],"is_beta":false,"boss_relics":[{"not_picked":["Empty Cage","Fusion Hammer"],"picked":"Sozu"},{"not_picked":["Tiny House","Snecko Eye"],"picked":"Orrery"}],"items_purged_floors":[11],"is_endless":false,"potions_floor_spawned":[2,3,6,12,14,18,22,28,33,35,41,46],"killed_by":"The Heart","ascension_level":1}