{"path_per_floor":["M","?","M","$","?","R","$","M","T","E","R","E","M","E","R","B",null,"M","M","?","$","M","R","E","M","T","M","R","E","R","E","R","B",null,"M","?","?","M","M","R","?","R","T","M","$","R","M","$","R","B"],"character_chosen":"IRONCLAD","items_purchased":["Anger","War Paint","Vajra","Bottled Flame"],"gold_per_floor":[109,109,127,52,52,52,27,43,90,124,124,153,168,197,197,294,294,305,318,318,72,90,90,116,129,129,144,144,176,176,202,202,299,299,311,311,311,327,344,344,393,393,393,413,263,263,282,23,23,23],"floor_reached":51,"campfire_rested":5,"playtime":2268,"current_hp_per_floor":[77,77,71,71,64,64,64,70,70,44,68,58,53,26,50,26,67,63,65,49,49,51,51,24,25,25,27,66,68,68,70,70,43,71,73,63,63,42,41,80,55,55,55,29,29,68,70,70,70,46],"items_purged":["Strike_R","Anger"],"gold":23,"play_id":"62143734-baec-4fa6-996c-82093d48a074","is_prod":false,"is_daily":false,"is_ascension_mode":true,"campfire_upgraded":6,"path_taken":["M","?","M","$","?","R","?","M","T","E","R","E","M","E","R","BOSS","M","M","?","$","?","R","E","M","T","M","R","E","R","E","R","BOSS","M","?","?","M","M","R","?","R","T","M","$","R","M","$","R","BOSS"],"build_version":"2018-02-01-PROD3","purchased_purges":2,"victory":true,"master_deck":["Strike_R","Strike_R","Strike_R","Strike_R","Defend_R+1","Bash+1","Perfected Strike+1","Double Tap+1","Clash","Offering+1","Whirlwind+1","Iron Wave","Necronomicurse","Shrug It Off","Metallicize+1","Rampage+1","Madness+1","Madness+1","Metallicize+1"],"max_hp_per_floor":[80,80,80,80,80,80,80,80,80,80,80,80,80,80,80,80,80,80,80,80,80,80,80,80,80,80,80,80,80,80,80,80,80,80,80,80,80,80,80,80,80,80,80,80,80,80,80,80,80,80],"relics":["Burning Blood","Bronze Scales","Kunai","Frozen Egg 2","Letter Opener","Lizard Tail","Necronomicon","War Paint","Regal Pillow","Thread and Needle","Smiling Mask","Mercury Hourglass","Philosopher\u0027s Stone","Du-Vu Doll","Ginger","Vajra","Bottled Flame"],"card_choices":[{"not_picked":["Body Slam","Thunderclap"],"picked":"Shrug It Off"},{"not_picked":["Impervious","Thunderclap"],"picked":"Perfected Strike"},{"not_picked":["Thunderclap","Wild Strike"],"picked":"Double Tap"},{"not_picked":["Entrench","Anger"],"picked":"Clash"},{"not_picked":["Limit Break","Impervious"],"picked":"Offering"},{"not_picked":["Reckless Charge","Clothesline"],"picked":"Whirlwind"},{"not_picked":["Dual Wield","Pommel Strike"],"picked":"Iron Wave"},{"not_picked":["Evolve","Twin Strike"],"picked":"Shrug It Off"},{"not_picked":["Warcry","Havoc"],"picked":"Metallicize"},{"not_picked":["Headbutt","Heavy Blade"],"picked":"Rampage"},{"not_picked":["Evolve","Searing Blow"],"picked":"Metallicize"}],"player_experience":208397,"potions_floor_usage":[22,25,29,33,50,50],"damage_taken":[{"damage":1,"enemies":"Small Slimes","floor":1,"turns":4},{"damage":12,"enemies":"Jaw Worm","floor":3,"turns":3},{"damage":0,"enemies":"Cultist","floor":8,"turns":2},{"damage":32,"enemies":"Lagavulin","floor":10,"turns":5},{"damage":16,"enemies":"3 Sentries","floor":12,"turns":7},{"damage":11,"enemies":"Looter","floor":13,"turns":2},{"damage":33,"enemies":"Lagavulin","floor":14,"turns":5},{"damage":30,"enemies":"Hexaghost","floor":16,"turns":7},{"damage":10,"enemies":"3 Byrds","floor":18,"turns":3},{"damage":4,"enemies":"2 Thieves","floor":19,"turns":1},{"damage":4,"enemies":"Sentry and Sphere","floor":22,"turns":1},{"damage":33,"enemies":"Slavers","floor":24,"turns":5},{"damage":5,"enemies":"Centurion and Healer","floor":25,"turns":2},{"damage":4,"enemies":"Snecko","floor":27,"turns":3},{"damage":4,"enemies":"Gremlin Leader","floor":29,"turns":3},{"damage":4,"enemies":"Slavers","floor":31,"turns":2},{"damage":33,"enemies":"Champ","floor":33,"turns":7},{"damage":4,"enemies":"Orb Walker","floor":35,"turns":1},{"damage":27,"enemies":"3 Shapes","floor":38,"turns":3},{"damage":7,"enemies":"3 Darklings","floor":39,"turns":3},{"damage":31,"enemies":"Mysterious Sphere","floor":41,"turns":4},{"damage":32,"enemies":"4 Shapes","floor":44,"turns":2},{"damage":4,"enemies":"Maw","floor":47,"turns":4},{"damage":76,"enemies":"Donu and Deca","floor":50,"turns":7}],"event_choices":[{"event_name":"Living Wall","player_choice":"Forget","floor":2,"damage_taken":0},{"event_name":"Golden Wing","player_choice":"Card Removal","floor":5,"damage_taken":0},{"event_name":"Cursed Tome","player_choice":"Obtained Book","floor":20,"damage_taken":0},{"event_name":"Winding Halls","player_choice":"Embrace Madness","floor":36,"damage_taken":0},{"event_name":"Mysterious Sphere","player_choice":"Fight","floor":41,"damage_taken":0}],"boss_relics":[{"not_picked":["Question Card","Runic Pyramid"],"picked":"Lizard Tail"},{"not_picked":["Velvet Choker","Astrolabe"],"picked":"Philosopher\u0027s Stone"}],"potions_floor_spawned":[3,13,16,18,24,25,27,33,39,41,44],"seed_played":"-6969356349431188059","ascension_level":6,"is_trial":false}