{"gold_per_floor":[117,127,138,63,80,112,112,12,12,29,63,63,88,121,121,121],"floor_reached":16,"playtime":774,"items_purged":["Defend_R","Dropkick"],"score":120,"play_id":"1f3a3fef-a58a-4133-9975-4da2533df1bc","local_time":"20190224145327","is_ascension_mode":false,"campfire_choices":[{"data":"Bash","floor":7,"key":"SMITH"},{"data":"Strike_R","floor":12,"key":"SMITH"},{"data":"1","floor":15,"key":"LIFT"}],"neow_cost":"NONE","seed_source_timestamp":762170693590520,"circlet_count":0,"master_deck":["Strike_R","Strike_R","Strike_R","Strike_R+1","Defend_R","Defend_R","Defend_R","Bash+1"],"relics":["Burning Blood","Shuriken","Frozen Egg 2","Self Forming Clay","Juzu Bracelet","Girya"],"potions_floor_usage":[5,11,14,16,16],"damage_taken":[{"damage":1,"enemies":"Cultist","floor":1,"turns":3},{"damage":5,"enemies":"Small Slimes","floor":2,"turns":3},{"damage":4,"enemies":"2 Louse","floor":3,"turns":4},{"damage":15,"enemies":"Exordium Thugs","floor":5,"turns":6},{"damage":36,"enemies":"Lagavulin","floor":6,"turns":7},{"damage":6,"enemies":"2 Fungi Beasts","floor":10,"turns":4},{"damage":14,"enemies":"Gremlin Nob","floor":11,"turns":3},{"damage":18,"enemies":"3 Sentries","floor":14,"turns":5},{"damage":41,"enemies":"Slime Boss","floor":16,"turns":7}],"seed_played":"-4806326119042500800","potions_obtained":[{"floor":1,"key":"SteroidPotion"},{"floor":3,"key":"BloodPotion"},{"floor":5,"key":"SpeedPotion"},{"floor":10,"key":"AttackPotion"},{"floor":11,"key":"PowerPotion"}],"is_trial":false,"path_per_floor":["M","M","M","$","M","E","R","$","T","M","E","R","T","E","R","B"],"character_chosen":"IRONCLAD","items_purchased":[],"campfire_rested":0,"item_purchase_floors":[],"current_hp_per_floor":[80,80,80,80,71,41,41,41,41,41,33,33,33,21,21,0],"gold":121,"neow_bonus":"REMOVE_CARD","is_prod":false,"is_daily":false,"chose_seed":false,"campfire_upgraded":2,"win_rate":0,"timestamp":1550987607,"path_taken":["M","M","M","$","M","E","R","$","T","M","E","R","?","E","R","BOSS"],"build_version":"2019-01-23","purchased_purges":2,"victory":false,"max_hp_per_floor":[80,80,80,80,80,80,80,80,80,80,80,80,80,80,80,80],"card_choices":[{"not_picked":["Sword Boomerang","Clothesline","Wild Strike"],"picked":"SKIP","floor":1},{"not_picked":["Clash","Armaments","Shrug It Off"],"picked":"SKIP","floor":2},{"not_picked":["Fire Breathing","Body Slam","Cleave"],"picked":"SKIP","floor":3},{"not_picked":["Rampage","Warcry"],"picked":"Dropkick","floor":5},{"not_picked":["Reaper","Metallicize","Brutality"],"picked":"SKIP","floor":6},{"not_picked":["Twin Strike","Second Wind","Sever Soul"],"picked":"SKIP","floor":10},{"not_picked":["Pummel","Body Slam","Anger"],"picked":"SKIP","floor":11},{"not_picked":["Havoc","Clothesline","Perfected Strike"],"picked":"SKIP","floor":14}],"player_experience":906489,"relics_obtained":[{"floor":6,"key":"Shuriken"},{"floor":9,"key":"Frozen Egg 2"},{"floor":11,"key":"Self Forming Clay"},{"floor":13,"key":"Juzu Bracelet"},{"floor":14,"key":"Girya"}],"event_choices":[],"is_beta":false,"boss_relics":[],"items_purged_floors":[4,8],"is_endless":false,"potions_floor_spawned":[1,3,5,10,11],"killed_by":"Slime Boss","ascension_level":0}