{"gold_per_floor":[117,117,192,212,235,269,269,544,544,144,176,187,200,33,33,105,105,118,68,68,79,97,97],"floor_reached":23,"playtime":832,"items_purged":["Regret","Entrench"],"score":448,"play_id":"82084f07-8b70-4fa3-b880-4aefad599505","local_time":"20190303135905","is_ascension_mode":true,"campfire_choices":[{"data":"Bash","floor":7,"key":"SMITH"},{"data":"Metallicize","floor":15,"key":"SMITH"}],"neow_cost":"NONE","seed_source_timestamp":146109951210779,"circlet_count":0,"master_deck":["AscendersBane","Bash+1","Thunderclap","Shrug It Off","Metallicize+1","Twin Strike+1","Twin Strike+1","Body Slam+1","Hemokinesis+1","Dual Wield","Bludgeon+1","Rupture","Double Tap","Double Tap","Cleave+1","Twin Strike+1"],"relics":["Burning Blood","NeowsBlessing","Smiling Mask","Torii","Molten Egg 2","Membership Card","Meat on the Bone","Bag of Preparation","FossilizedHelix","Pandora\u0027s Box"],"potions_floor_usage":[11,22,22],"damage_taken":[{"damage":0,"enemies":"2 Louse","floor":1,"turns":1},{"damage":0,"enemies":"Small Slimes","floor":4,"turns":1},{"damage":0,"enemies":"Gremlin Nob","floor":6,"turns":1},{"damage":52,"enemies":"Lagavulin","floor":11,"turns":10},{"damage":1,"enemies":"Jaw Worm","floor":12,"turns":3},{"damage":8,"enemies":"2 Fungi Beasts","floor":13,"turns":4},{"damage":14,"enemies":"The Guardian","floor":16,"turns":11},{"damage":28,"enemies":"2 Thieves","floor":18,"turns":4},{"damage":25,"enemies":"Spheric Guardian","floor":21,"turns":5},{"damage":32,"enemies":"Snake Plant","floor":22,"turns":4},{"damage":29,"enemies":"Gremlin Leader","floor":23,"turns":5}],"seed_played":"7191107568346699160","potions_obtained":[{"floor":4,"key":"Block Potion"},{"floor":13,"key":"Swift Potion"},{"floor":20,"key":"BloodPotion"}],"is_trial":false,"path_per_floor":["M","?","?","M","T","E","R","?","T","$","E","M","M","$","R","B",null,"M","$","?","M","M","E"],"character_chosen":"IRONCLAD","items_purchased":["Membership Card","Meat on the Bone","FossilizedHelix"],"campfire_rested":0,"item_purchase_floors":[10,10,14],"current_hp_per_floor":[74,67,56,62,62,68,68,68,68,68,34,51,49,49,49,53,70,48,48,48,41,34,5],"gold":97,"neow_bonus":"THREE_ENEMY_KILL","is_prod":false,"is_daily":false,"chose_seed":false,"campfire_upgraded":2,"win_rate":0,"timestamp":1551589145,"path_taken":["M","?","?","M","?","E","R","?","T","$","E","?","M","$","R","BOSS","M","$","?","?","M","E"],"build_version":"2019-01-23","purchased_purges":2,"victory":false,"max_hp_per_floor":[75,75,75,75,75,75,75,75,75,75,75,75,75,75,75,75,75,75,75,75,75,75,75],"card_choices":[{"not_picked":["Clash","Headbutt"],"picked":"Thunderclap","floor":1},{"not_picked":["Flex","Warcry"],"picked":"Shrug It Off","floor":4},{"not_picked":["Iron Wave","Infernal Blade"],"picked":"Metallicize","floor":6},{"not_picked":["Dark Embrace","Warcry"],"picked":"Twin Strike+1","floor":11},{"not_picked":["Shockwave","Uppercut+1"],"picked":"Twin Strike+1","floor":12},{"not_picked":["Burning Pact","Clash+1","Clothesline+1"],"picked":"SKIP","floor":13},{"not_picked":["True Grit","Havoc+1"],"picked":"Cleave+1","floor":18},{"not_picked":["Havoc","Sword Boomerang+1"],"picked":"Twin Strike+1","floor":21},{"not_picked":["Thunderclap+1","Anger+1","Flame Barrier"],"picked":"SKIP","floor":22}],"player_experience":1033264,"relics_obtained":[{"floor":5,"key":"Smiling Mask"},{"floor":6,"key":"Torii"},{"floor":9,"key":"Molten Egg 2"},{"floor":11,"key":"Bag of Preparation"}],"event_choices":[{"cards_removed":["Strike_R"],"damage_healed":0,"gold_gain":0,"player_choice":"Card Removal","damage_taken":7,"max_hp_gain":0,"max_hp_loss":0,"event_name":"Golden Wing","floor":2,"gold_loss":0},{"damage_healed":0,"gold_gain":75,"player_choice":"Gather Gold","damage_taken":11,"max_hp_gain":0,"max_hp_loss":0,"event_name":"World of Goop","floor":3,"gold_loss":0},{"damage_healed":0,"gold_gain":275,"player_choice":"Desecrate","damage_taken":0,"max_hp_gain":0,"max_hp_loss":0,"event_name":"Golden Shrine","floor":8,"gold_loss":0,"cards_obtained":["Regret"]},{"damage_healed":0,"gold_gain":0,"player_choice":"Got Potions","damage_taken":0,"max_hp_gain":0,"max_hp_loss":0,"event_name":"Lab","floor":20,"gold_loss":0}],"is_beta":false,"boss_relics":[{"not_picked":["White Beast Statue","Snecko Eye"],"picked":"Pandora\u0027s Box"}],"items_purged_floors":[10,19],"is_endless":false,"potions_floor_spawned":[4,13,21],"killed_by":"Gremlin Leader","ascension_level":20}