{"gold_per_floor":[116,291,310,310,310,353,353,353,353,396,415,440,461,62,62,193,193,212,212,232,278,278,313,313,313,313,346,94,112,136,136,136,267,267,286,305,305,324,349,380,380,418,441,66,191,191,266,18,18,18],"floor_reached":51,"playtime":4130,"items_purged":["Doubt"],"score":1156,"play_id":"02eb3f4d-6166-4587-88b3-32c6d4354382","local_time":"20190209113926","is_ascension_mode":true,"campfire_choices":[{"floor":8,"key":"REST"},{"data":"Limit Break","floor":15,"key":"SMITH"},{"floor":25,"key":"REST"},{"data":"Armaments","floor":32,"key":"SMITH"},{"floor":41,"key":"REST"},{"floor":46,"key":"REST"},{"floor":49,"key":"REST"}],"neow_cost":"NONE","seed_source_timestamp":1433917118623500,"circlet_count":0,"master_deck":["Strike_R","Strike_R","Strike_R","Strike_R","Strike_R","Defend_R","Defend_R","Defend_R","Defend_R+1","Bash","Headbutt+1","Inflame","Double Tap","Battle Trance","Seeing Red","Shockwave","Limit Break+1","Feed","Heavy Blade","J.A.X.","Warcry","Clothesline+1","Ghostly","Ghostly","Ghostly","Ghostly","Ghostly","Ghostly Armor","Evolve","Immolate","Armaments+1","Fiend Fire","Infernal Blade+1","Carnage+1","Seeing Red+1","Inflame"],"relics":["Burning Blood","NeowsBlessing","Golden Idol","Ornamental Fan","Ginger","Turnip","Blood Vial","Pantograph","Runic Pyramid","Lantern","Enchiridion","Boot","Matryoshka","The Courier","Bag of Preparation","Fusion Hammer","WingedGreaves","Mercury Hourglass","Darkstone Periapt","Regal Pillow","Paper Frog","Vajra","Du-Vu Doll","Ice Cream"],"potions_floor_usage":[13,16,20,20,20,23,29,33,33,33,33,40,42,42,45],"damage_taken":[{"damage":0,"enemies":"Small Slimes","floor":1,"turns":1},{"damage":0,"enemies":"Jaw Worm","floor":3,"turns":1},{"damage":0,"enemies":"3 Sentries","floor":6,"turns":2},{"damage":32,"enemies":"Lagavulin","floor":10,"turns":5},{"damage":2,"enemies":"2 Louse","floor":11,"turns":3},{"damage":8,"enemies":"Blue Slaver","floor":12,"turns":3},{"damage":11,"enemies":"Exordium Thugs","floor":13,"turns":4},{"damage":42,"enemies":"Hexaghost","floor":16,"turns":9},{"damage":30,"enemies":"Spheric Guardian","floor":18,"turns":5},{"damage":16,"enemies":"3 Byrds","floor":20,"turns":5},{"damage":27,"enemies":"Book of Stabbing","floor":23,"turns":4},{"damage":2,"enemies":"Gremlin Leader","floor":27,"turns":5},{"damage":10,"enemies":"Snecko","floor":29,"turns":6},{"damage":6,"enemies":"Snake Plant","floor":30,"turns":2},{"damage":15,"enemies":"Collector","floor":33,"turns":9},{"damage":17,"enemies":"3 Shapes","floor":35,"turns":2},{"damage":6,"enemies":"3 Darklings","floor":36,"turns":6},{"damage":22,"enemies":"Jaw Worm Horde","floor":38,"turns":5},{"damage":1,"enemies":"Maw","floor":39,"turns":6},{"damage":7,"enemies":"Nemesis","floor":40,"turns":5},{"damage":7,"enemies":"Giant Head","floor":42,"turns":5},{"damage":20,"enemies":"Mind Bloom Boss Battle","floor":45,"turns":4},{"damage":42,"enemies":"Donu and Deca","floor":50,"turns":7}],"seed_played":"324359549583174408","potions_obtained":[{"floor":3,"key":"Strength Potion"},{"floor":12,"key":"FearPotion"},{"floor":18,"key":"EntropicBrew"},{"floor":20,"key":"Block Potion"},{"floor":23,"key":"Block Potion"},{"floor":36,"key":"Dexterity Potion"},{"floor":38,"key":"GamblersBrew"},{"floor":39,"key":"Regen Potion"},{"floor":40,"key":"PowerPotion"}],"is_trial":false,"path_per_floor":["M","?","M","?","?","E","?","R","T","E","M","M","M","$","R","B",null,"M","?","M","T","?","E","?","R","T","E","$","M","M","?","R","B",null,"M","M","?","M","M","E","R","E","T","$","?","R","?","$","R","B",null],"character_chosen":"IRONCLAD","items_purchased":["Limit Break","Pantograph","Bag of Preparation","EntropicBrew","Paper Frog","Vajra","Inflame","Ice Cream"],"campfire_rested":5,"item_purchase_floors":[14,14,28,28,44,44,44,48],"current_hp_per_floor":[78,78,80,60,44,50,47,71,71,45,51,51,48,48,48,39,70,51,51,46,46,30,14,14,27,27,36,36,37,42,42,42,47,54,45,47,47,33,40,59,60,59,59,59,46,60,54,54,60,28],"gold":18,"neow_bonus":"THREE_ENEMY_KILL","is_prod":false,"is_daily":false,"chose_seed":false,"campfire_upgraded":2,"win_rate":0,"timestamp":1549730366,"path_taken":["M","?","M","?","?","E","?","R","T","E","M","M","M","$","R","BOSS","M","?","M","?","?","E","?","R","T","E","$","M","M","?","R","BOSS","M","M","?","?","M","E","R","E","T","$","?","R","?","$","R","BOSS"],"build_version":"2019-01-23","purchased_purges":1,"victory":true,"max_hp_per_floor":[80,80,80,80,80,80,80,80,80,80,80,80,80,80,80,80,80,83,83,86,86,86,89,44,44,44,47,47,50,53,53,53,56,56,56,56,56,56,56,60,60,60,60,60,60,60,60,60,60,64],"card_choices":[{"not_picked":["Havoc","Twin Strike"],"picked":"Headbutt","floor":1},{"not_picked":["Body Slam","Cleave"],"picked":"Inflame","floor":3},{"not_picked":["Spot Weakness","Rampage"],"picked":"Double Tap","floor":6},{"not_picked":["Barricade","Evolve"],"picked":"Battle Trance","floor":10},{"not_picked":["Entrench","Body Slam"],"picked":"Anger","floor":11},{"not_picked":["Corruption","Flex"],"picked":"Seeing Red","floor":12},{"not_picked":["Sword Boomerang","Flame Barrier"],"picked":"Shockwave","floor":13},{"not_picked":["Fiend Fire","Barricade"],"picked":"Feed","floor":16},{"not_picked":["Warcry","Ghostly Armor"],"picked":"Heavy Blade","floor":18},{"not_picked":["Twin Strike","Sentinel"],"picked":"Warcry","floor":20},{"not_picked":["Pommel Strike","Dropkick+1"],"picked":"Clothesline+1","floor":23},{"not_picked":["Searing Blow","Intimidate"],"picked":"Ghostly Armor","floor":27},{"not_picked":["Perfected Strike+1","Wild Strike"],"picked":"Evolve","floor":29},{"not_picked":["Warcry","Wild Strike"],"picked":"Immolate","floor":30},{"not_picked":["Exhume","Bludgeon"],"picked":"Fiend Fire","floor":33},{"not_picked":["True Grit","Headbutt","Second Wind"],"picked":"SKIP","floor":35},{"not_picked":["True Grit","Headbutt","Second Wind"],"picked":"SKIP","floor":35},{"not_picked":["Wild Strike+1","Headbutt+1"],"picked":"Infernal Blade+1","floor":36},{"not_picked":["Perfected Strike+1","Hemokinesis"],"picked":"Carnage+1","floor":38},{"not_picked":["Warcry","Perfected Strike","Corruption+1"],"picked":"SKIP","floor":39},{"not_picked":["Clash+1","Wild Strike+1"],"picked":"Seeing Red+1","floor":40},{"not_picked":["Clash","Twin Strike","True Grit"],"picked":"SKIP","floor":42}],"player_experience":460730,"relics_obtained":[{"floor":6,"key":"Ornamental Fan"},{"floor":9,"key":"Turnip"},{"floor":10,"key":"Blood Vial"},{"floor":21,"key":"Lantern"},{"floor":22,"key":"Enchiridion"},{"floor":23,"key":"Boot"},{"floor":26,"key":"Matryoshka"},{"floor":27,"key":"The Courier"},{"floor":40,"key":"WingedGreaves"},{"floor":42,"key":"Mercury Hourglass"},{"floor":43,"key":"Darkstone Periapt"},{"floor":43,"key":"Regal Pillow"},{"floor":45,"key":"Du-Vu Doll"}],"event_choices":[{"damage_healed":0,"gold_gain":175,"player_choice":"AGREE","damage_taken":0,"max_hp_gain":0,"max_hp_loss":0,"event_name":"Liars Game","floor":2,"gold_loss":0,"cards_obtained":["Doubt"]},{"damage_healed":0,"gold_gain":0,"player_choice":"Take Damage","damage_taken":20,"relics_obtained":["Golden Idol"],"max_hp_gain":0,"max_hp_loss":0,"event_name":"Golden Idol","floor":4,"gold_loss":0},{"damage_healed":0,"gold_gain":0,"player_choice":"Entered Light","damage_taken":16,"max_hp_gain":0,"max_hp_loss":0,"event_name":"Shining Light","floor":5,"gold_loss":0,"cards_upgraded":["Defend_R","Headbutt"]},{"damage_healed":0,"gold_gain":0,"player_choice":"Success","damage_taken":3,"relics_obtained":["Ginger"],"max_hp_gain":0,"max_hp_loss":0,"event_name":"Scrap Ooze","floor":7,"gold_loss":0},{"damage_healed":0,"gold_gain":0,"player_choice":"Obtain J.A.X.","damage_taken":0,"max_hp_gain":0,"max_hp_loss":0,"event_name":"Drug Dealer","floor":19,"gold_loss":0,"cards_obtained":["J.A.X."]},{"damage_healed":0,"gold_gain":0,"player_choice":"Obtained Book","damage_taken":16,"max_hp_gain":0,"max_hp_loss":0,"event_name":"Cursed Tome","floor":22,"gold_loss":0},{"damage_healed":0,"gold_gain":0,"player_choice":"Became a Ghost","damage_taken":0,"max_hp_gain":0,"max_hp_loss":45,"event_name":"Ghosts","floor":24,"gold_loss":0,"cards_obtained":["Ghostly","Ghostly","Ghostly","Ghostly","Ghostly"]},{"damage_healed":0,"gold_gain":0,"player_choice":"Read","damage_taken":0,"max_hp_gain":0,"max_hp_loss":0,"event_name":"The Library","floor":31,"gold_loss":0,"cards_obtained":["Armaments"]},{"cards_removed":["Anger"],"damage_healed":0,"gold_gain":0,"player_choice":"Purged","damage_taken":0,"max_hp_gain":0,"max_hp_loss":0,"event_name":"Purifier","floor":37,"gold_loss":0},{"damage_healed":0,"gold_gain":0,"player_choice":"Fight","damage_taken":0,"max_hp_gain":0,"max_hp_loss":0,"event_name":"MindBloom","floor":45,"gold_loss":0},{"damage_healed":0,"gold_gain":75,"player_choice":"Touch","damage_taken":6,"max_hp_gain":0,"max_hp_loss":0,"event_name":"FaceTrader","floor":47,"gold_loss":0}],"is_beta":false,"boss_relics":[{"not_picked":["Empty Cage","Calling Bell"],"picked":"Runic Pyramid"},{"not_picked":["Runic Cube","Mark of Pain"],"picked":"Fusion Hammer"}],"items_purged_floors":[28],"is_endless":false,"potions_floor_spawned":[3,12,18,20,23,36,38,39,40],"ascension_level":7}