{"gold_per_floor":[118,293,293,243,52,52,91,114,162,180,205,205,220,220,220,220],"floor_reached":16,"playtime":932,"items_purged":[],"score":144,"play_id":"48c5666e-70f9-48f5-b6fb-6fac641bd188","local_time":"20190228132135","is_ascension_mode":true,"campfire_choices":[{"data":"Calculated Gamble","floor":6,"key":"SMITH"},{"data":"Blur","floor":12,"key":"SMITH"},{"floor":15,"key":"REST"}],"neow_cost":"NONE","seed_source_timestamp":677875447986071,"circlet_count":0,"master_deck":["Defend_G","Defend_G","Defend_G","Defend_G","Defend_G","Strike_G","Strike_G","Strike_G","Strike_G","Strike_G","Survivor","Neutralize","Calculated Gamble+1","Dash","Blur+1","Infinite Blades","Cloak And Dagger"],"relics":["Ring of the Snake","NeowsBlessing","Golden Idol","Toy Ornithopter","Bottled Flame","Smiling Mask","Snake Skull"],"potions_floor_usage":[11,16],"damage_taken":[{"damage":0,"enemies":"Jaw Worm","floor":1,"turns":1},{"damage":0,"enemies":"Gremlin Nob","floor":7,"turns":1},{"damage":0,"enemies":"Small Slimes","floor":8,"turns":1},{"damage":0,"enemies":"2 Louse","floor":10,"turns":3},{"damage":7,"enemies":"Gremlin Gang","floor":11,"turns":8},{"damage":0,"enemies":"2 Fungi Beasts","floor":13,"turns":5},{"damage":67,"enemies":"Hexaghost","floor":16,"turns":18}],"seed_played":"-5632916233743556131","potions_obtained":[{"floor":1,"key":"GhostInAJar"},{"floor":8,"key":"Poison Potion"},{"floor":11,"key":"SneckoOil"}],"is_trial":false,"path_per_floor":["M","?","?","?","$","R","E","M","T","M","M","R","M","?","R","B"],"character_chosen":"THE_SILENT","items_purchased":["Toy Ornithopter"],"campfire_rested":1,"item_purchase_floors":[5],"current_hp_per_floor":[70,70,53,53,53,53,53,53,53,53,51,51,51,39,60,0],"gold":220,"neow_bonus":"THREE_ENEMY_KILL","is_prod":false,"is_daily":false,"chose_seed":false,"campfire_upgraded":2,"win_rate":0,"timestamp":1551356495,"path_taken":["M","?","?","?","?","R","E","M","T","M","?","R","M","?","R","BOSS"],"build_version":"2019-01-23","purchased_purges":0,"victory":false,"max_hp_per_floor":[70,70,70,70,70,70,70,70,70,70,70,70,70,70,70,70],"card_choices":[{"not_picked":["Heel Hook","Underhanded Strike"],"picked":"Calculated Gamble","floor":1},{"not_picked":["Masterful Stab","Outmaneuver","Slice"],"picked":"SKIP","floor":7},{"not_picked":["Caltrops","Endless Agony"],"picked":"Dash","floor":8},{"not_picked":["Predator","Masterful Stab"],"picked":"Blur","floor":10},{"not_picked":["All Out Attack","Crippling Poison"],"picked":"Infinite Blades","floor":11},{"not_picked":["Masterful Stab","Deflect"],"picked":"Cloak And Dagger","floor":13}],"player_experience":385493,"relics_obtained":[{"floor":7,"key":"Bottled Flame"},{"floor":9,"key":"Smiling Mask"}],"event_choices":[{"damage_healed":0,"gold_gain":175,"player_choice":"AGREE","damage_taken":0,"max_hp_gain":0,"max_hp_loss":0,"event_name":"Liars Game","floor":2,"gold_loss":0,"cards_obtained":["Doubt"]},{"damage_healed":0,"gold_gain":0,"player_choice":"Take Damage","damage_taken":17,"relics_obtained":["Golden Idol"],"max_hp_gain":0,"max_hp_loss":0,"event_name":"Golden Idol","floor":3,"gold_loss":0},{"cards_removed":["Doubt"],"damage_healed":0,"gold_gain":0,"player_choice":"Card Removal","damage_taken":0,"max_hp_gain":0,"max_hp_loss":0,"event_name":"The Cleric","floor":4,"gold_loss":50},{"damage_healed":0,"gold_gain":0,"player_choice":"Success","damage_taken":12,"relics_obtained":["Snake Skull"],"max_hp_gain":0,"max_hp_loss":0,"event_name":"Scrap Ooze","floor":14,"gold_loss":0}],"is_beta":false,"boss_relics":[],"items_purged_floors":[],"is_endless":false,"potions_floor_spawned":[1,8,11],"killed_by":"Hexaghost","ascension_level":3}