{"gold_per_floor":[110,126,141,0,13,13,13,13,38,84,107,132,164,195,207,318,330,330,330,330,330,168,168,168,168,168,168,168,18,18,18,18,18,18,18,0,0,0,0,0,0,0,0,0,0,0,0,0,0,0],"floor_reached":51,"playtime":2227,"items_purged":["Strike_G","Strike_G","Quick Slash","Strike_G"],"score":1039,"play_id":"443daf92-f565-4544-9d39-f546f27dac46","local_time":"20190302222545","is_ascension_mode":true,"campfire_choices":[{"data":"Adrenaline","floor":6,"key":"SMITH"},{"data":"Accuracy","floor":8,"key":"SMITH"},{"floor":15,"key":"REST"},{"data":"Footwork","floor":23,"key":"SMITH"},{"data":"Noxious Fumes","floor":25,"key":"SMITH"},{"data":"Envenom","floor":28,"key":"SMITH"},{"data":"Cloak And Dagger","floor":32,"key":"SMITH"},{"data":"Adrenaline","floor":40,"key":"SMITH"},{"data":"Accuracy","floor":42,"key":"SMITH"},{"data":"Leg Sweep","floor":47,"key":"SMITH"},{"data":"Cloak And Dagger","floor":49,"key":"SMITH"}],"neow_cost":"","seed_source_timestamp":0,"circlet_count":0,"master_deck":["Defend_G","Defend_G","Defend_G","Defend_G","Defend_G","Survivor","Neutralize","Infinite Blades+1","Accuracy+1","Cloak And Dagger+1","Flying Knee","Leg Sweep+1","Adrenaline+1","Backflip","Envenom+1","Backflip","Well Laid Plans+1","Flying Knee+1","Footwork+1","Flechettes+1","Cloak And Dagger+1","Noxious Fumes+1","Blade Dance+1","Adrenaline+1","PiercingWail+1","Accuracy+1","Panacea","Panacea","Panacea"],"special_seed":0,"relics":["Ring of the Snake","MerchantsRug","Ectoplasm","Bottled Tornado","Bronze Scales","Anchor","The Courier","Tiny House","Red Mask","Bird Faced Urn","Blood Vial","Whetstone"],"potions_floor_usage":[12,16,16,16,50,50,50],"damage_taken":[{"damage":0,"enemies":"Cultist","floor":1,"turns":4},{"damage":0,"enemies":"2 Louse","floor":2,"turns":3},{"damage":2,"enemies":"Small Slimes","floor":3,"turns":4},{"damage":0,"enemies":"2 Fungi Beasts","floor":5,"turns":5},{"damage":17,"enemies":"Gremlin Nob","floor":10,"turns":5},{"damage":0,"enemies":"Looter","floor":11,"turns":4},{"damage":12,"enemies":"Gremlin Gang","floor":12,"turns":6},{"damage":0,"enemies":"2 Fungi Beasts","floor":13,"turns":4},{"damage":8,"enemies":"3 Louse","floor":14,"turns":5},{"damage":0,"enemies":"Hexaghost","floor":16,"turns":8},{"damage":8,"enemies":"Spheric Guardian","floor":18,"turns":4},{"damage":0,"enemies":"Chosen","floor":20,"turns":4},{"damage":0,"enemies":"Snecko","floor":21,"turns":6},{"damage":22,"enemies":"Slavers","floor":24,"turns":7},{"damage":0,"enemies":"Book of Stabbing","floor":27,"turns":6},{"damage":3,"enemies":"Shelled Parasite and Fungi","floor":30,"turns":4},{"damage":18,"enemies":"Champ","floor":33,"turns":9},{"damage":0,"enemies":"3 Darklings","floor":35,"turns":4},{"damage":1,"enemies":"Orb Walker","floor":37,"turns":4},{"damage":19,"enemies":"2 Orb Walkers","floor":39,"turns":5},{"damage":0,"enemies":"3 Darklings","floor":41,"turns":4},{"damage":13,"enemies":"Giant Head","floor":44,"turns":8},{"damage":4,"enemies":"Maw","floor":48,"turns":7},{"damage":40,"enemies":"Donu and Deca","floor":50,"turns":8}],"seed_played":"-8664587010556448612","potions_obtained":[{"floor":2,"key":"Block Potion"},{"floor":3,"key":"Strength Potion"},{"floor":11,"key":"SpeedPotion"},{"floor":12,"key":"LiquidBronze"},{"floor":13,"key":"Swift Potion"},{"floor":20,"key":"SneckoOil"},{"floor":21,"key":"Explosive Potion"},{"floor":30,"key":"Regen Potion"},{"floor":34,"key":"Block Potion"}],"is_trial":false,"path_per_floor":["M","M","M","$","M","R","?","R","T","E","M","M","M","M","R","B",null,"M","?","M","M","$","R","E","R","T","E","R","$","M","?","R","B",null,"M","?","M","$","?","R","M","R","T","E","$","?","R","M","R","B",null],"character_chosen":"THE_SILENT","items_purchased":["Infinite Blades","Accuracy","Cloak And Dagger","Flying Knee","MerchantsRug","Adrenaline","Noxious Fumes"],"campfire_rested":1,"item_purchase_floors":[0,0,0,0,0,4,22],"current_hp_per_floor":[46,46,44,44,44,44,44,44,44,27,27,15,15,7,28,28,70,62,62,62,62,62,62,40,40,40,40,40,40,37,37,37,19,75,75,75,74,74,55,55,69,69,69,62,62,52,52,64,64,49],"gold":0,"neow_bonus":"","is_prod":false,"is_daily":false,"chose_seed":false,"campfire_upgraded":10,"win_rate":0,"timestamp":1551561945,"path_taken":["M","M","M","$","M","R","?","R","T","E","M","M","M","M","R","BOSS","M","?","M","M","$","R","E","R","T","E","R","$","M","?","R","BOSS","M","?","M","$","?","R","M","R","T","E","$","?","R","M","R","BOSS"],"build_version":"2019-01-23","purchased_purges":4,"victory":true,"max_hp_per_floor":[70,70,70,70,70,70,70,70,70,70,70,70,70,70,70,70,70,70,70,70,70,70,70,70,70,70,70,70,70,70,70,70,70,75,75,75,75,75,75,75,75,75,75,75,75,75,75,75,75,75],"card_choices":[{"not_picked":["Flechettes","Masterful Stab","Choke"],"picked":"SKIP","floor":1},{"not_picked":["Skewer","Slice","Dagger Throw"],"picked":"SKIP","floor":2},{"not_picked":["Dagger Throw","Outmaneuver"],"picked":"Leg Sweep","floor":3},{"not_picked":["Poisoned Stab","Prepared"],"picked":"Backflip","floor":5},{"not_picked":["Reflex","Terror"],"picked":"Envenom","floor":10},{"not_picked":["Endless Agony","Calculated Gamble","Bane"],"picked":"SKIP","floor":11},{"not_picked":["PiercingWail","Bane"],"picked":"Backflip","floor":12},{"not_picked":["Acrobatics","Flechettes","Concentrate"],"picked":"SKIP","floor":13},{"not_picked":["Reflex","Riddle With Holes"],"picked":"Well Laid Plans","floor":14},{"not_picked":["Heel Hook","Dagger Spray"],"picked":"Flying Knee","floor":15},{"not_picked":["Blur","Dodge and Roll+1"],"picked":"Footwork","floor":18},{"not_picked":["Crippling Poison","Dagger Spray","Quick Slash"],"picked":"SKIP","floor":20},{"not_picked":["Endless Agony","Setup"],"picked":"Cloak And Dagger","floor":21},{"not_picked":["Dagger Throw","Bullet Time","Blur"],"picked":"SKIP","floor":24},{"not_picked":["Skewer","Outmaneuver"],"picked":"Blade Dance+1","floor":27},{"not_picked":["Crippling Poison+1","Catalyst","Reflex"],"picked":"SKIP","floor":30},{"not_picked":["Tools of the Trade","Wraith Form v2"],"picked":"Adrenaline","floor":33},{"not_picked":["Catalyst","Calculated Gamble"],"picked":"PiercingWail+1","floor":34},{"not_picked":["Acrobatics+1","Endless Agony+1","Poisoned Stab"],"picked":"SKIP","floor":35},{"not_picked":["Deflect","Underhanded Strike"],"picked":"Accuracy","floor":37},{"not_picked":["PiercingWail+1","Expertise+1","Poisoned Stab+1"],"picked":"SKIP","floor":41},{"not_picked":["Predator","Masterful Stab+1","Sucker Punch+1"],"picked":"SKIP","floor":44},{"not_picked":["Jack Of All Trades","Blind"],"picked":"Panacea","floor":46},{"not_picked":["Flash of Steel","Swift Strike"],"picked":"Panacea","floor":46},{"not_picked":["Madness","Forethought"],"picked":"Panacea","floor":46},{"not_picked":["Dagger Spray+1","Backflip","Poisoned Stab"],"picked":"SKIP","floor":48}],"player_experience":145273,"relics_obtained":[{"floor":9,"key":"MawBank"},{"floor":10,"key":"Dream Catcher"},{"floor":24,"key":"Bottled Tornado"},{"floor":26,"key":"Bronze Scales"},{"floor":27,"key":"Anchor"},{"floor":39,"key":"Bird Faced Urn"},{"floor":43,"key":"Blood Vial"},{"floor":44,"key":"Whetstone"}],"event_choices":[{"damage_healed":0,"gold_gain":0,"player_choice":"Forge","damage_taken":0,"max_hp_gain":0,"max_hp_loss":0,"event_name":"Accursed Blacksmith","floor":7,"gold_loss":0,"cards_upgraded":["Infinite Blades"]},{"damage_healed":0,"gold_gain":0,"cards_transformed":["Strike_G","Strike_G"],"player_choice":"Became Test Subject","damage_taken":0,"max_hp_gain":0,"max_hp_loss":0,"event_name":"Drug Dealer","floor":19,"gold_loss":0,"cards_obtained":["Quick Slash","Flechettes"]},{"damage_healed":0,"gold_gain":0,"player_choice":"Opened","damage_taken":0,"relics_obtained":["The Courier"],"max_hp_gain":0,"max_hp_loss":0,"event_name":"The Mausoleum","floor":31,"gold_loss":0},{"damage_healed":0,"gold_gain":0,"player_choice":"Paid","damage_taken":0,"relics_obtained":["Red Mask"],"max_hp_gain":0,"max_hp_loss":0,"event_name":"Tomb of Lord Red Mask","floor":36,"gold_loss":18},{"damage_healed":0,"gold_gain":0,"player_choice":"Fight","damage_taken":0,"max_hp_gain":0,"max_hp_loss":0,"event_name":"Mysterious Sphere","floor":39,"gold_loss":0},{"damage_healed":0,"gold_gain":0,"player_choice":"Memory 3","damage_taken":10,"max_hp_gain":0,"max_hp_loss":0,"event_name":"SensoryStone","floor":46,"gold_loss":0}],"is_beta":false,"boss_relics":[{"not_picked":["Empty Cage","Orrery"],"picked":"Ectoplasm"},{"not_picked":["Philosopher\u0027s Stone","Fusion Hammer"],"picked":"Tiny House"}],"items_purged_floors":[0,0,22,29],"is_endless":false,"potions_floor_spawned":[2,3,11,12,13,20,21,30,35,41,44],"ascension_level":1}