{"path_per_floor":["M","?","?","M","?","R","E","M","T","?","$","M","M","M","R","B",null,"M","?","?","M"],"character_chosen":"IRONCLAD","items_purchased":["Flash of Steel","Corruption"],"gold_per_floor":[117,67,67,79,79,79,107,127,179,199,30,41,59,71,71,170,170,190,190,190,205,205],"floor_reached":22,"campfire_rested":1,"playtime":1198,"current_hp_per_floor":[80,80,64,70,70,70,76,80,80,46,46,48,57,49,73,61,75,46,46,38,29,0],"items_purged":[],"gold":205,"score":264,"play_id":"a15be051-425d-4b5a-bdd9-c073cef1d6ce","local_time":"20180403232049","is_prod":false,"is_daily":false,"is_ascension_mode":true,"campfire_upgraded":1,"timestamp":1522812049,"path_taken":["M","?","?","M","?","R","E","?","T","?","?","M","M","M","R","BOSS","M","?","?","?","M"],"build_version":"2018-03-29v2","purchased_purges":0,"victory":false,"master_deck":["Strike_R","Strike_R","Strike_R+1","Strike_R+1","Defend_R","Defend_R","Defend_R","Defend_R","Bash+1","Shrug It Off","Burning Pact+1","Feel No Pain","Perfected Strike","Flash of Steel","Corruption","Shrug It Off","Fiend Fire","Shrug It Off+1"],"max_hp_per_floor":[80,80,80,80,80,80,80,80,80,80,80,80,80,80,80,80,80,80,80,80,80,80],"relics":["Burning Blood","NeowsBlessing","Magic Flower","Omamori","Odd Mushroom","Lizard Tail"],"card_choices":[{"not_picked":["Armaments","Iron Wave"],"picked":"Shrug It Off","floor":1},{"not_picked":["Seeing Red","Pommel Strike"],"picked":"Burning Pact","floor":4},{"not_picked":["Feed","Rage"],"picked":"Feel No Pain","floor":7},{"not_picked":["Pommel Strike","Body Slam"],"picked":"Perfected Strike","floor":8},{"not_picked":["Havoc","Wild Strike"],"picked":"Shrug It Off","floor":13},{"not_picked":["Juggernaut","Limit Break"],"picked":"Fiend Fire","floor":16},{"not_picked":["Thunderclap","Anger"],"picked":"Shrug It Off","floor":18}],"player_experience":384045,"potions_floor_usage":[16,16,16,21],"damage_taken":[{"damage":0,"enemies":"Jaw Worm","floor":1,"turns":1},{"damage":0,"enemies":"2 Louse","floor":4,"turns":1},{"damage":0,"enemies":"Lagavulin","floor":7,"turns":1},{"damage":0,"enemies":"Cultist","floor":8,"turns":3},{"damage":43,"enemies":"The Mushroom Lair","floor":10,"turns":5},{"damage":7,"enemies":"Exordium Wildlife","floor":12,"turns":4},{"damage":0,"enemies":"Large Slime","floor":13,"turns":4},{"damage":17,"enemies":"Exordium Thugs","floor":14,"turns":5},{"damage":21,"enemies":"Slime Boss","floor":16,"turns":9},{"damage":38,"enemies":"3 Byrds","floor":18,"turns":9},{"damage":18,"enemies":"Chosen","floor":21,"turns":5},{"damage":99,"enemies":"Slaver and Parasite","floor":22,"turns":9}],"event_choices":[{"event_name":"The Cleric","player_choice":"Card Removal","floor":2,"damage_taken":0},{"event_name":"Shining Light","player_choice":"Entered Light","floor":3,"damage_taken":0},{"event_name":"Living Wall","player_choice":"Grow","floor":5,"damage_taken":0},{"event_name":"Mushrooms","player_choice":"Fought Mushrooms","floor":10,"damage_taken":0},{"event_name":"Wheel of Change","player_choice":"Curse","floor":19,"damage_taken":0},{"event_name":"Knowing Skull","player_choice":"","floor":20,"damage_taken":0}],"boss_relics":[{"not_picked":["Eternal Feather","Runic Dome"],"picked":"Lizard Tail"}],"potions_floor_spawned":[4,7,12,13,16,21],"seed_played":"3788251915515903472","killed_by":"Slaver and Parasite","ascension_level":5,"is_trial":false}