{"gold_per_floor":[118,130,148,158,138,138,163,163,163,181,191,191,225,240,240,316,316,327,327,337,337,337,337,363,380,403,403,248,163,173,60,60,135,135,154,10,20,31,0,0,34,34,87,87,97,26,26,42,42,42,42,42,42,71,71],"floor_reached":56,"playtime":21316,"items_purged":["Strike_B+1"],"score":1884,"play_id":"662c8030-15fa-4510-a0d3-08c2af57cae6","local_time":"20190228182801","is_ascension_mode":true,"campfire_choices":[{"data":"Go for the Eyes","floor":6,"key":"SMITH"},{"floor":8,"key":"REST"},{"floor":12,"key":"REST"},{"floor":15,"key":"REST"},{"floor":23,"key":"REST"},{"floor":27,"key":"REST"},{"data":"Defragment","floor":32,"key":"SMITH"},{"floor":40,"key":"RECALL"},{"floor":42,"key":"REST"},{"floor":47,"key":"REST"},{"floor":49,"key":"REST"},{"floor":52,"key":"REST"}],"neow_cost":"NONE","seed_source_timestamp":268132233437700,"circlet_count":0,"master_deck":["AscendersBane","Strike_B+1","Strike_B+1","Defend_B+1","Defend_B+1","Defend_B+1","Defend_B+1","Zap","Dualcast","Lockon","Go for the Eyes+1","Loop","Streamline","Hologram","Cold Snap","Sweeping Beam","Reboot","Blizzard","Glacier","Hologram","Cold Snap","Hologram","Fission+1","Chill","Defragment+1","Capacitor","Genetic Algorithm","Go for the Eyes","Cold Snap","Defragment","Seek","BootSequence","Darkness","Conserve Battery+1","Core Surge","Madness","Madness","Defragment","Cold Snap","Seek"],"relics":["Cracked Core","Bottled Lightning","Prayer Wheel","Gambling Chip","Runic Pyramid","Cables","Strawberry","Bronze Scales","Ancient Tea Set","Fusion Hammer","Bag of Preparation","Red Mask","Lantern","Ginger"],"potions_floor_usage":[4,18,33,41,55,55],"damage_taken":[{"damage":7,"enemies":"Jaw Worm","floor":1,"turns":3},{"damage":1,"enemies":"Cultist","floor":2,"turns":4},{"damage":3,"enemies":"Small Slimes","floor":3,"turns":3},{"damage":1,"enemies":"Blue Slaver","floor":4,"turns":3},{"damage":15,"enemies":"Gremlin Nob","floor":7,"turns":4},{"damage":15,"enemies":"2 Fungi Beasts","floor":10,"turns":3},{"damage":8,"enemies":"Red Slaver","floor":11,"turns":3},{"damage":13,"enemies":"Lagavulin","floor":13,"turns":10},{"damage":8,"enemies":"Exordium Wildlife","floor":14,"turns":4},{"damage":30,"enemies":"The Guardian","floor":16,"turns":14},{"damage":9,"enemies":"3 Byrds","floor":18,"turns":7},{"damage":4,"enemies":"Chosen","floor":20,"turns":10},{"damage":44,"enemies":"Book of Stabbing","floor":24,"turns":12},{"damage":4,"enemies":"3 Cultists","floor":25,"turns":6},{"damage":0,"enemies":"Snecko","floor":30,"turns":8},{"damage":4,"enemies":"Champ","floor":33,"turns":21},{"damage":0,"enemies":"Orb Walker","floor":35,"turns":5},{"damage":0,"enemies":"3 Darklings","floor":37,"turns":6},{"damage":0,"enemies":"Sphere and 2 Shapes","floor":38,"turns":8},{"damage":4,"enemies":"Giant Head","floor":41,"turns":17},{"damage":2,"enemies":"Writhing Mass","floor":45,"turns":9},{"damage":15,"enemies":"Jaw Worm Horde","floor":48,"turns":7},{"damage":0,"enemies":"Donu and Deca","floor":50,"turns":14},{"damage":25,"enemies":"Shield and Spear","floor":54,"turns":10},{"damage":51,"enemies":"The Heart","floor":55,"turns":13}],"seed_played":"6569742399618206762","potions_obtained":[{"floor":1,"key":"Block Potion"},{"floor":5,"key":"PowerPotion"},{"floor":10,"key":"Explosive Potion"},{"floor":24,"key":"PowerPotion"},{"floor":25,"key":"FocusPotion"},{"floor":33,"key":"LiquidBronze"},{"floor":38,"key":"PowerPotion"},{"floor":48,"key":"AttackPotion"}],"is_trial":false,"path_per_floor":["M","M","M","M","?","R","E","R","T","M","M","R","E","M","R","B",null,"M","?","M","?","?","R","E","M","T","R","$","?","M","$","R","B",null,"M","$","M","M","?","R","E","R","T","?","M","$","R","M","R","B",null,"R","$","E","B",null],"character_chosen":"DEFECT","items_purchased":["Bronze Scales","Defragment","Bag of Preparation","Defragment"],"campfire_rested":9,"item_purchase_floors":[28,31,36,46],"current_hp_per_floor":[57,56,53,52,52,52,37,58,58,43,35,56,43,35,56,26,60,51,51,47,47,47,68,24,20,27,50,50,50,50,50,50,46,70,70,70,70,70,70,70,66,78,78,68,66,66,78,63,78,78,78,78,78,53,2],"gold":71,"neow_bonus":"TRANSFORM_CARD","is_prod":false,"is_daily":false,"chose_seed":false,"campfire_upgraded":2,"win_rate":0,"timestamp":1551396481,"path_taken":["M","M","M","M","?","R","E","R","T","?","M","R","E","M","R","BOSS","M","?","M","?","?","R","E","?","T","R","$","?","M","$","R","BOSS","M","$","M","M","?","R","E","R","T","?","M","?","R","M","R","BOSS","R","$","E","BOSS"],"build_version":"2019-01-23","purchased_purges":1,"victory":true,"max_hp_per_floor":[71,71,71,71,71,71,71,71,71,71,71,71,71,71,71,71,71,71,71,71,71,71,71,71,71,78,78,78,78,78,78,78,78,78,78,78,78,78,78,78,78,78,78,78,78,78,78,78,78,78,78,78,78,78,78],"card_choices":[{"not_picked":["Double Energy","Rebound"],"picked":"Go for the Eyes","floor":1},{"not_picked":["Cold Snap","Heatsinks"],"picked":"Loop","floor":2},{"not_picked":["Genetic Algorithm","Static Discharge"],"picked":"Streamline","floor":3},{"not_picked":["BootSequence","Redo"],"picked":"Hologram","floor":4},{"not_picked":["Rebound","Steam"],"picked":"Cold Snap","floor":7},{"not_picked":["Compile Driver","Redo"],"picked":"Sweeping Beam","floor":10},{"not_picked":["Leap","Gash"],"picked":"Reboot","floor":10},{"not_picked":["Hologram","Barrage"],"picked":"Blizzard","floor":11},{"not_picked":["Self Repair","Beam Cell"],"picked":"Glacier","floor":11},{"not_picked":["Barrage","Turbo"],"picked":"Hologram","floor":13},{"not_picked":["Blizzard","Ball Lightning"],"picked":"Cold Snap","floor":14},{"not_picked":["Turbo","Thunder Strike"],"picked":"Hologram","floor":14},{"not_picked":["Reboot","Multi-Cast"],"picked":"Fission","floor":16},{"not_picked":["Sweeping Beam","Loop"],"picked":"Chill","floor":18},{"not_picked":["Go for the Eyes","Compile Driver"],"picked":"Defragment","floor":18},{"not_picked":["Stack","Compile Driver+1"],"picked":"Genetic Algorithm","floor":20},{"not_picked":["Steam","Sweeping Beam"],"picked":"Go for the Eyes","floor":20},{"not_picked":["Redo","Seek"],"picked":"Cold Snap","floor":24},{"not_picked":["Streamline+1","Leap","Stack"],"picked":"SKIP","floor":25},{"not_picked":["Genetic Algorithm","Hologram","Streamline"],"picked":"SKIP","floor":25},{"not_picked":["Compile Driver+1","Gash","Steam"],"picked":"SKIP","floor":30},{"not_picked":["Ball Lightning","Compile Driver","Tempest+1"],"picked":"SKIP","floor":30},{"not_picked":["Amplify","Rainbow"],"picked":"Seek","floor":33},{"not_picked":["Gash","Compile Driver","Leap"],"picked":"SKIP","floor":35},{"not_picked":["Turbo","Chaos+1","Sweeping Beam"],"picked":"SKIP","floor":35},{"not_picked":["Sunder","Barrage"],"picked":"BootSequence","floor":37},{"not_picked":["Turbo+1","Static Discharge","Steam"],"picked":"SKIP","floor":37},{"not_picked":["Streamline+1","Auto Shields"],"picked":"Darkness","floor":38},{"not_picked":["Lockon+1","Steam"],"picked":"Conserve Battery+1","floor":38},{"not_picked":["Self Repair","Steam"],"picked":"Core Surge","floor":41},{"not_picked":["Compile Driver+1","White Noise","Coolheaded+1"],"picked":"SKIP","floor":45},{"not_picked":["Ball Lightning","Storm","Steam"],"picked":"SKIP","floor":45},{"not_picked":["Heatsinks+1","Rebound"],"picked":"Cold Snap","floor":48},{"not_picked":["Beam Cell","Sweeping Beam","Leap"],"picked":"SKIP","floor":48},{"not_picked":["Lockon","Steam"],"picked":"Seek","floor":54}],"player_experience":1403507,"relics_obtained":[{"floor":7,"key":"Bottled Lightning"},{"floor":9,"key":"Prayer Wheel"},{"floor":13,"key":"Gambling Chip"},{"floor":24,"key":"Cables"},{"floor":26,"key":"Strawberry"},{"floor":41,"key":"Lantern"},{"floor":54,"key":"Ginger"}],"event_choices":[{"damage_healed":0,"gold_gain":0,"player_choice":"Bought 1 Potion","damage_taken":0,"max_hp_gain":0,"max_hp_loss":0,"event_name":"The Woman in Blue","floor":5,"gold_loss":0},{"damage_healed":0,"gold_gain":0,"player_choice":"Read","damage_taken":0,"max_hp_gain":0,"max_hp_loss":0,"event_name":"The Library","floor":19,"gold_loss":0,"cards_obtained":["Capacitor"]},{"damage_healed":0,"gold_gain":0,"player_choice":"Simplicity","damage_taken":0,"max_hp_gain":0,"max_hp_loss":0,"event_name":"Back to Basics","floor":21,"gold_loss":0,"cards_upgraded":["Strike_B","Strike_B","Strike_B","Defend_B","Defend_B","Defend_B","Defend_B"]},{"damage_healed":0,"gold_gain":0,"player_choice":"Upgraded","damage_taken":0,"max_hp_gain":0,"max_hp_loss":0,"event_name":"Upgrade Shrine","floor":22,"gold_loss":0,"cards_upgraded":["Fission"]},{"damage_healed":0,"gold_gain":0,"player_choice":"Obtained Relic","damage_taken":0,"relics_obtained":["Ancient Tea Set"],"max_hp_gain":0,"max_hp_loss":0,"event_name":"Addict","floor":29,"gold_loss":85},{"damage_healed":0,"gold_gain":0,"player_choice":"Paid","damage_taken":0,"relics_obtained":["Red Mask"],"max_hp_gain":0,"max_hp_loss":0,"event_name":"Tomb of Lord Red Mask","floor":39,"gold_loss":31},{"damage_healed":0,"gold_gain":0,"player_choice":"Embrace Madness","damage_taken":10,"max_hp_gain":0,"max_hp_loss":0,"event_name":"Winding Halls","floor":44,"gold_loss":0,"cards_obtained":["Madness","Madness"]}],"is_beta":false,"boss_relics":[{"not_picked":["White Beast Statue","Ectoplasm"],"picked":"Runic Pyramid"},{"not_picked":["Inserter","Tiny House"],"picked":"Fusion Hammer"}],"items_purged_floors":[31],"is_endless":false,"potions_floor_spawned":[1,10,11,14,24,25,33,37,38,48],"ascension_level":14}