{"path_per_floor":["M","?","?","?","M","R","E","R","T","$","?","T","M","M","R","B",null,"M","T","?","M","M","R"],"character_chosen":"THE_SILENT","items_purchased":["Noxious Fumes"],"gold_per_floor":[115,75,75,75,99,99,138,138,138,57,57,57,80,100,100,221,221,244,244,244,267,287,287,287],"floor_reached":24,"campfire_rested":0,"playtime":740,"item_purchase_floors":[10],"current_hp_per_floor":[63,63,46,43,43,43,43,43,43,43,43,43,43,43,43,15,56,44,44,44,35,26,26,14],"items_purged":[],"gold":287,"score":329,"play_id":"f2f6f1ba-71dc-464d-8601-452e53230362","local_time":"20180601034815","is_prod":false,"is_daily":false,"chose_seed":false,"is_ascension_mode":true,"campfire_upgraded":3,"win_rate":0,"timestamp":1527792495,"campfire_choices":[{"data":"Deadly Poison","floor":6,"key":"SMITH"},{"data":"Backflip","floor":8,"key":"SMITH"},{"data":"Noxious Fumes","floor":15,"key":"SMITH"},{"data":"Strike_G","floor":23,"key":"PURGE"}],"path_taken":["M","?","?","?","?","R","E","R","T","?","?","?","M","M","R","BOSS","M","?","?","?","M","R","?"],"build_version":"2018-05-24","seed_source_timestamp":714139537654677,"purchased_purges":0,"victory":false,"master_deck":["Defend_G","Defend_G","Defend_G","Defend_G","Strike_G","Strike_G","Strike_G","Strike_G","Survivor","Neutralize","AscendersBane","Deadly Poison+1","Backflip+1","Infinite Blades","Noxious Fumes+1","Backstab","Flying Knee"],"max_hp_per_floor":[70,70,70,70,70,70,70,70,70,70,70,70,70,70,70,70,70,70,70,70,70,70,70,70],"relics":["NeowsBlessing","Golden Idol","Peace Pipe","Ice Cream","Mummified Hand","Calipers","Sozu","Unceasing Top","Nloth\u0027s Gift"],"card_choices":[{"not_picked":["Flying Knee","Well Laid Plans"],"picked":"Deadly Poison","floor":1},{"not_picked":["Terror","Poisoned Stab"],"picked":"Backflip","floor":5},{"not_picked":["Deflect","Blade Dance"],"picked":"Infinite Blades","floor":7},{"not_picked":["Endless Agony","Calculated Gamble","Poisoned Stab"],"picked":"SKIP","floor":13},{"not_picked":["Dodge and Roll","Masterful Stab"],"picked":"Backstab","floor":14},{"not_picked":["Flying Knee","Deflect","Endless Agony"],"picked":"SKIP","floor":18},{"not_picked":["Deadly Poison","Sucker Punch","Dagger Throw"],"picked":"SKIP","floor":21},{"not_picked":["Bullet Time","Flechettes+1"],"picked":"Flying Knee","floor":22}],"player_experience":731657,"potions_floor_usage":[14,16,18,22],"damage_taken":[{"damage":0,"enemies":"2 Louse","floor":1,"turns":1},{"damage":0,"enemies":"Cultist","floor":5,"turns":1},{"damage":0,"enemies":"Gremlin Nob","floor":7,"turns":1},{"damage":0,"enemies":"Small Slimes","floor":13,"turns":3},{"damage":0,"enemies":"2 Fungi Beasts","floor":14,"turns":3},{"damage":28,"enemies":"Hexaghost","floor":16,"turns":9},{"damage":12,"enemies":"Chosen","floor":18,"turns":4},{"damage":9,"enemies":"Shell Parasite","floor":21,"turns":6},{"damage":9,"enemies":"Snake Plant","floor":22,"turns":4},{"damage":12,"enemies":"Cultist and Chosen","floor":24,"turns":4}],"relics_obtained":[{"floor":7,"key":"Ice Cream"},{"floor":9,"key":"Mummified Hand"},{"floor":12,"key":"Calipers"},{"floor":19,"key":"Unceasing Top"}],"event_choices":[{"event_name":"The Woman in Blue","player_choice":"Bought 3 Potions","floor":2,"damage_taken":0},{"event_name":"Golden Idol","player_choice":"Take Damage","floor":3,"damage_taken":0},{"event_name":"Scrap Ooze","player_choice":"success","floor":4,"damage_taken":3},{"event_name":"Bonfire Elementals","player_choice":"BASIC","floor":11,"damage_taken":0},{"event_name":"N\u0027loth","player_choice":"Traded a Ring of the Snake","floor":20,"damage_taken":0}],"boss_relics":[{"not_picked":["Philosopher\u0027s Stone","Black Star"],"picked":"Sozu"}],"items_purged_floors":[],"potions_floor_spawned":[13,14,18,22],"seed_played":"2968125682335474199","killed_by":"Cultist and Chosen","ascension_level":10,"potions_obtained":[{"floor":2,"key":"Energy Potion"},{"floor":2,"key":"PowerPotion"},{"floor":2,"key":"GamblersBrew"},{"floor":14,"key":"Swift Potion"}],"is_trial":false}