{"gold_per_floor":[119,119,44,44,119,119,149,167,192,203,81,96,96,27,27,125,125,139,139,152,52,72,72,72],"floor_reached":24,"playtime":4263,"items_purged":["Strike_G","Strike_G"],"score":184,"play_id":"b9c3745c-215c-4e75-9341-8a672cb5ee48","local_time":"20181118182142","is_ascension_mode":false,"campfire_choices":[{"data":"Noxious Fumes","floor":6,"key":"SMITH"},{"data":"Neutralize","floor":15,"key":"SMITH"},{"data":"Deflect","floor":23,"key":"SMITH"}],"neow_cost":"NONE","seed_source_timestamp":344305870631806,"circlet_count":0,"master_deck":["Defend_G","Defend_G","Defend_G","Defend_G","Defend_G","Strike_G","Strike_G","Strike_G","Survivor","Neutralize+1","Backstab","Noxious Fumes+1","Impatience","Escape Plan","Bane","Acrobatics","Dagger Spray","Noxious Fumes","Corpse Explosion","Deflect+1"],"relics":["Ring of the Serpent","Juzu Bracelet","Centennial Puzzle","Bottled Lightning"],"potions_floor_usage":[16,18,22,24],"damage_taken":[{"damage":0,"enemies":"Small Slimes","floor":1,"turns":3},{"damage":0,"enemies":"2 Louse","floor":8,"turns":3},{"damage":0,"enemies":"Cultist","floor":10,"turns":4},{"damage":2,"enemies":"3 Louse","floor":12,"turns":2},{"damage":6,"enemies":"The Guardian","floor":16,"turns":9},{"damage":17,"enemies":"Spheric Guardian","floor":18,"turns":6},{"damage":6,"enemies":"Shell Parasite","floor":20,"turns":7},{"damage":5,"enemies":"Snecko","floor":22,"turns":6},{"damage":58,"enemies":"Book of Stabbing","floor":24,"turns":8}],"seed_played":"-6722468474563384536","potions_obtained":[{"floor":10,"key":"Fire Potion"},{"floor":12,"key":"Regen Potion"},{"floor":18,"key":"Energy Potion"},{"floor":22,"key":"EssenceOfSteel"}],"is_trial":false,"path_per_floor":["M","?","$","?","?","R","?","M","T","M","$","M","?","$","R","B",null,"M","T","M","$","M","R","E"],"character_chosen":"THE_SILENT","items_purchased":["Noxious Fumes","Acrobatics","Noxious Fumes"],"campfire_rested":0,"item_purchase_floors":[3,11,14],"current_hp_per_floor":[70,70,70,70,59,59,59,59,59,59,59,57,57,57,57,51,70,66,66,60,60,55,55,0],"gold":72,"neow_bonus":"RANDOM_COMMON_RELIC","is_prod":false,"is_daily":false,"chose_seed":false,"campfire_upgraded":3,"win_rate":0,"timestamp":1542565302,"path_taken":["M","?","$","?","?","R","?","M","T","M","$","M","?","$","R","BOSS","M","?","M","$","M","R","E"],"build_version":"2018-11-15","purchased_purges":2,"victory":false,"max_hp_per_floor":[70,70,70,70,70,70,70,70,70,70,70,70,70,70,70,70,70,70,70,70,70,70,70,70],"card_choices":[{"not_picked":["Prepared","Masterful Stab"],"picked":"Backstab","floor":1},{"not_picked":["Cloak And Dagger","Reflex"],"picked":"Escape Plan","floor":8},{"not_picked":["Deadly Poison","Dagger Spray"],"picked":"Bane","floor":10},{"not_picked":["Setup","Infinite Blades"],"picked":"Dagger Spray","floor":12},{"not_picked":["Phantasmal Killer","Night Terror"],"picked":"Corpse Explosion","floor":16},{"not_picked":["Cloak And Dagger","Deadly Poison","Poisoned Stab"],"picked":"SKIP","floor":18},{"not_picked":["Finisher","Bouncing Flask","Skewer+1"],"picked":"SKIP","floor":20},{"not_picked":["Finisher","Sucker Punch"],"picked":"Deflect","floor":22}],"player_experience":246496,"relics_obtained":[{"floor":9,"key":"Centennial Puzzle"},{"floor":19,"key":"Bottled Lightning"}],"event_choices":[{"damage_healed":0,"gold_gain":0,"player_choice":"Ignored","damage_taken":0,"max_hp_gain":0,"max_hp_loss":0,"event_name":"Shining Light","floor":2,"gold_loss":0},{"damage_healed":0,"gold_gain":0,"player_choice":"1 cards matched","damage_taken":0,"max_hp_gain":0,"max_hp_loss":0,"event_name":"Match and Keep!","floor":4,"gold_loss":0,"cards_obtained":["Impatience"]},{"damage_healed":0,"gold_gain":75,"player_choice":"Gather Gold","damage_taken":11,"max_hp_gain":0,"max_hp_loss":0,"event_name":"World of Goop","floor":5,"gold_loss":0},{"damage_healed":0,"gold_gain":30,"player_choice":"Searched \u00272\u0027 times","damage_taken":0,"max_hp_gain":0,"max_hp_loss":0,"event_name":"Dead Adventurer","floor":7,"gold_loss":0},{"damage_healed":0,"gold_gain":0,"player_choice":"Bought 0 Potions","damage_taken":0,"max_hp_gain":0,"max_hp_loss":0,"event_name":"The Woman in Blue","floor":13,"gold_loss":0}],"is_beta":false,"boss_relics":[{"not_picked":["Lizard Tail","Tiny House"],"picked":"Ring of the Serpent"}],"items_purged_floors":[11,21],"is_endless":false,"potions_floor_spawned":[10,12,18,22],"killed_by":"Book of Stabbing","ascension_level":0}