{"gold_per_floor":[118,35,35,48,68,68,97,107,107,207,207,207,237,85,85,187,187,202,27,39,53,68,68,68,78,78,24,24,24,24,44,44,140,140,156,156,40,40,40,40,53,66,66,66,77,77,95,95,95,95],"floor_reached":50,"playtime":6664,"items_purged":["Strike_G"],"score":490,"play_id":"66fc5a2b-d713-4647-85a8-cb236bba4471","local_time":"20180906232505","is_ascension_mode":false,"campfire_choices":[{"data":"Infinite Blades","floor":6.0,"key":"SMITH"},{"data":"Accuracy","floor":11.0,"key":"SMITH"},{"data":"Noxious Fumes","floor":15.0,"key":"SMITH"},{"data":"A Thousand Cuts","floor":23,"key":"SMITH"},{"data":"Accuracy","floor":28,"key":"SMITH"},{"floor":32,"key":"REST"},{"floor":44,"key":"REST"},{"data":"Cloak And Dagger","floor":46,"key":"SMITH"},{"floor":49,"key":"REST"}],"neow_cost":"NONE","seed_source_timestamp":0,"circlet_count":0,"master_deck":["Defend_G","Defend_G","Defend_G","Defend_G","Defend_G","Strike_G","Strike_G","Strike_G+1","Survivor","Neutralize+1","Dagger Throw","Infinite Blades+1","Backflip","Blade Dance","Well Laid Plans","Accuracy+1","Noxious Fumes+1","A Thousand Cuts+1","Backflip","Accuracy+1","Flash of Steel","Cloak And Dagger+1","Cloak And Dagger+1","Prepared","Prepared","RitualDagger","Well Laid Plans","Malaise","Backflip+1","Discovery","Noxious Fumes","Endless Agony","Madness","Madness","Leg Sweep","Backflip+1","Backflip+1"],"special_seed":0,"relics":["Ring of the Serpent","Whetstone","Meat on the Bone","Paper Crane","Odd Mushroom","WristBlade","Letter Opener","Calipers","Unceasing Top"],"potions_floor_usage":[22,42,42,50,50,50],"damage_taken":[{"damage":0.0,"enemies":"Small Slimes","floor":1.0,"turns":5.0},{"damage":0.0,"enemies":"Cultist","floor":4.0,"turns":3.0},{"damage":0.0,"enemies":"2 Louse","floor":5.0,"turns":3.0},{"damage":31.0,"enemies":"Lagavulin","floor":7.0,"turns":6.0},{"damage":10.0,"enemies":"Lots of Slimes","floor":8.0,"turns":5.0},{"damage":0.0,"enemies":"The Mushroom Lair","floor":13.0,"turns":4.0},{"damage":4.0,"enemies":"Hexaghost","floor":16.0,"turns":9.0},{"damage":1,"enemies":"Shell Parasite","floor":18,"turns":7},{"damage":13,"enemies":"Spheric Guardian","floor":20,"turns":4},{"damage":22,"enemies":"Centurion and Healer","floor":21,"turns":5},{"damage":11,"enemies":"3 Cultists","floor":22,"turns":4},{"damage":17,"enemies":"Snake Plant","floor":25,"turns":4},{"damage":0,"enemies":"Sentry and Sphere","floor":31,"turns":3},{"damage":23,"enemies":"Champ","floor":33,"turns":9},{"damage":6,"enemies":"Orb Walker","floor":35,"turns":4},{"damage":44,"enemies":"3 Darklings","floor":41,"turns":6},{"damage":16,"enemies":"Reptomancer","floor":42,"turns":5},{"damage":13,"enemies":"Maw","floor":45,"turns":7},{"damage":14,"enemies":"Sphere and 2 Shapes","floor":47,"turns":7},{"damage":12,"enemies":"Mind Bloom Boss Battle","floor":48,"turns":7},{"damage":62,"enemies":"Awakened One","floor":50,"turns":6}],"seed_played":"1833164064352147463","potions_obtained":[{"floor":5.0,"key":"Energy Potion"},{"floor":7.0,"key":"EssenceOfSteel"},{"floor":16.0,"key":"PowerPotion"},{"floor":20,"key":"Energy Potion"},{"floor":31,"key":"GamblersBrew"},{"floor":45,"key":"Poison Potion"},{"floor":48,"key":"GhostInAJar"}],"is_trial":false,"path_per_floor":["M","$","?","M","M","R","E","M","T","?","R","?","?","$","R","B",null,"M","$","M","M","M","R","?","M","T","$","R","?","?","M","R","B",null,"M","?","$","?","$","?","M","M","T","R","M","R","M","?","R"],"character_chosen":"THE_SILENT","items_purchased":["Infinite Blades","Backflip","Noxious Fumes","Accuracy","Flash of Steel","Prepared","Noxious Fumes","Endless Agony"],"campfire_rested":3,"item_purchase_floors":[2,2,14,19,19,27,37,37],"current_hp_per_floor":[70,70,70,70,70,70,39,41,41,41,41,34,46,46,46,42,70,69,69,56,46,47,47,47,42,42,42,42,42,36,36,57,46,70,64,64,64,55,55,55,23,19,19,40,39,39,37,37,58,0],"gold":95,"neow_bonus":"RANDOM_COMMON_RELIC","is_prod":false,"is_daily":false,"chose_seed":false,"campfire_upgraded":6,"win_rate":0,"timestamp":1536290705,"path_taken":["M","$","?","?","M","R","E","M","T","?","R","?","?","$","R","BOSS","M","$","M","M","M","R","?","M","T","$","R","?","?","?","R","BOSS","M","?","$","?","$","?","M","M","T","R","M","R","?","?","R","BOSS"],"build_version":"2018-09-06","purchased_purges":1,"victory":false,"max_hp_per_floor":[70,70,70,70,70,70,70,70,70,70,70,70,70,70,70,70,70,70,70,70,70,70,70,70,70,70,70,70,70,70,70,70,70,70,70,70,70,70,70,70,70,70,70,70,70,70,70,70,70,70],"card_choices":[{"not_picked":["Deflect","Expertise"],"picked":"Dagger Throw","floor":1.0},{"not_picked":["Predator","Dagger Throw"],"picked":"Blade Dance","floor":4.0},{"not_picked":["Poisoned Stab","Sucker Punch"],"picked":"Well Laid Plans","floor":5.0},{"not_picked":["Corpse Explosion","Dodge and Roll"],"picked":"Accuracy","floor":7.0},{"not_picked":["Reflex","Outmaneuver","Predator"],"picked":"SKIP","floor":8.0},{"not_picked":["Slice","Dodge and Roll"],"picked":"Prepared","floor":13.0},{"not_picked":["Night Terror","Corpse Explosion"],"picked":"A Thousand Cuts","floor":16.0},{"not_picked":["Bane","Caltrops"],"picked":"Backflip","floor":18},{"not_picked":["Infinite Blades+1","Poisoned Stab"],"picked":"Cloak And Dagger","floor":20},{"not_picked":["Burst","Concentrate","Sucker Punch+1"],"picked":"SKIP","floor":21},{"not_picked":["Dodge and Roll+1","Skewer"],"picked":"Cloak And Dagger+1","floor":22},{"not_picked":["Dagger Throw+1","Underhanded Strike"],"picked":"Prepared","floor":25},{"not_picked":["Underhanded Strike+1","Dodge and Roll"],"picked":"Well Laid Plans","floor":31},{"not_picked":["Venomology","Bullet Time"],"picked":"Malaise","floor":33},{"not_picked":["Caltrops","Bouncing Flask+1"],"picked":"Backflip+1","floor":35},{"not_picked":["Purity","Blind"],"picked":"Discovery","floor":36},{"not_picked":["Poisoned Stab","Riddle With Holes","Dagger Spray"],"picked":"SKIP","floor":41},{"not_picked":["Underhanded Strike","Poisoned Stab","Dagger Throw"],"picked":"SKIP","floor":42},{"not_picked":["Concentrate","Riddle With Holes"],"picked":"Leg Sweep","floor":45},{"not_picked":["Unload","Sucker Punch"],"picked":"Backflip+1","floor":47},{"not_picked":["Underhanded Strike+1","Reflex+1"],"picked":"Backflip+1","floor":48}],"player_experience":565597,"relics_obtained":[{"floor":7.0,"key":"Meat on the Bone"},{"floor":9.0,"key":"Paper Crane"},{"floor":13.0,"key":"Odd Mushroom"},{"floor":26,"key":"Letter Opener"},{"floor":43,"key":"Calipers"},{"floor":48,"key":"Unceasing Top"}],"event_choices":[{"event_name":"WeMeetAgain","player_choice":"Attack","floor":3.0,"damage_taken":0.0},{"event_name":"Golden Shrine","player_choice":"Pray","floor":10.0,"damage_taken":0.0},{"event_name":"Golden Wing","player_choice":"Card Removal","floor":12.0,"damage_taken":0.0},{"event_name":"Mushrooms","player_choice":"Fought Mushrooms","floor":13.0,"damage_taken":0.0},{"event_name":"Ghosts","player_choice":"Ignored","floor":24,"damage_taken":0},{"event_name":"Cursed Tome","player_choice":"Ignored","floor":29,"damage_taken":0},{"event_name":"Nest","player_choice":"Joined the Cult","floor":30,"damage_taken":0},{"event_name":"SensoryStone","player_choice":"Memory 1","floor":36,"damage_taken":0},{"event_name":"Winding Halls","player_choice":"Embrace Madness","floor":38,"damage_taken":0},{"event_name":"Falling","player_choice":"Removed Skill","floor":40,"damage_taken":0},{"event_name":"MindBloom","player_choice":"Fight","floor":48,"damage_taken":0}],"is_beta":false,"boss_relics":[{"not_picked":["HoveringKite","Runic Dome"],"picked":"WristBlade"},{"not_picked":["Fusion Hammer","Busted Crown"],"picked":"Ring of the Serpent"}],"items_purged_floors":[14],"is_endless":false,"potions_floor_spawned":[5,7,16,20,31,33,45,48],"killed_by":"Awakened One","ascension_level":0}