{"gold_per_floor":[115,130,148,162,162,218,218,228,298,298,298,308,308,323,323,422,422,433,163,173,199,51,51,84,103,129,129,139,168,168,93,93,93],"floor_reached":33,"playtime":1703,"items_purged":[],"score":406,"play_id":"fa9de517-870c-4cc3-8034-2bb1a2c2cbd0","local_time":"20180919213524","is_ascension_mode":true,"campfire_choices":[{"floor":7,"key":"REST"},{"data":"Poisoned Stab","floor":10,"key":"SMITH"},{"floor":13,"key":"REST"},{"data":"Noxious Fumes","floor":15,"key":"SMITH"},{"floor":23,"key":"REST"},{"floor":32,"key":"REST"}],"neow_cost":"NONE","seed_source_timestamp":2416688432209,"circlet_count":0,"master_deck":["Defend_G","Defend_G","Defend_G","Defend_G","Defend_G","Strike_G","Strike_G","Strike_G","Strike_G","Survivor","Neutralize","Dash","Deadly Poison","Flying Knee+1","Slice","Poisoned Stab+1","Blur","Noxious Fumes+1","Quick Slash","Die Die Die","Acrobatics","Noxious Fumes","Slice","Flying Knee","Prepared+1","Poisoned Stab","Poisoned Stab+1"],"relics":["Ring of the Snake","NeowsBlessing","Tiny Chest","Mercury Hourglass","Smiling Mask","Sozu","TwistedFunnel","Bag of Preparation","Ancient Tea Set","Du-Vu Doll","Pen Nib","Orichalcum","Anchor"],"potions_floor_usage":[6,14,16,16,18,29],"damage_taken":[{"damage":0,"enemies":"Small Slimes","floor":1,"turns":1},{"damage":0,"enemies":"2 Louse","floor":2,"turns":1},{"damage":0,"enemies":"Jaw Worm","floor":3,"turns":1},{"damage":12,"enemies":"Exordium Thugs","floor":4,"turns":5},{"damage":15,"enemies":"Lagavulin","floor":6,"turns":5},{"damage":3,"enemies":"Blue Slaver","floor":8,"turns":3},{"damage":0,"enemies":"Large Slime","floor":12,"turns":5},{"damage":0,"enemies":"2 Fungi Beasts","floor":14,"turns":3},{"damage":21,"enemies":"Slime Boss","floor":16,"turns":7},{"damage":8,"enemies":"3 Byrds","floor":18,"turns":3},{"damage":1,"enemies":"Spheric Guardian","floor":20,"turns":3},{"damage":0,"enemies":"Gremlin Leader","floor":24,"turns":4},{"damage":28,"enemies":"Centurion and Healer","floor":25,"turns":5},{"damage":0,"enemies":"Snecko","floor":28,"turns":3},{"damage":20,"enemies":"Book of Stabbing","floor":29,"turns":4},{"damage":59,"enemies":"Champ","floor":33,"turns":8}],"seed_played":"7694710281196962884","potions_obtained":[{"floor":1,"key":"SpeedPotion"},{"floor":2,"key":"Poison Potion"},{"floor":6,"key":"LiquidBronze"},{"floor":12,"key":"Block Potion"},{"floor":14,"key":"PowerPotion"},{"floor":16,"key":"Strength Potion"}],"is_trial":false,"path_per_floor":["M","M","M","M","?","E","R","M","T","R","T","M","R","M","R","B",null,"M","$","M","T","$","R","E","M","T","?","M","E","T","?","R"],"character_chosen":"THE_SILENT","items_purchased":["TwistedFunnel","Noxious Fumes","Ancient Tea Set"],"campfire_rested":4,"item_purchase_floors":[19,19,22],"current_hp_per_floor":[63,63,63,51,51,36,57,54,54,54,54,54,70,70,70,49,65,57,57,56,56,56,70,70,42,42,42,42,22,22,22,43,0],"gold":93,"neow_bonus":"THREE_ENEMY_KILL","is_prod":false,"is_daily":false,"chose_seed":false,"campfire_upgraded":2,"win_rate":0,"timestamp":1537382124,"path_taken":["M","M","M","M","?","E","R","M","T","R","?","M","R","M","R","BOSS","M","$","M","?","$","R","E","M","T","?","?","E","?","?","R","BOSS"],"build_version":"2018-09-06","purchased_purges":0,"victory":false,"max_hp_per_floor":[70,70,70,70,70,70,70,70,70,70,70,70,70,70,70,70,70,70,70,70,70,70,70,70,70,70,70,70,70,70,70,70,70],"card_choices":[{"not_picked":["Choke","Well Laid Plans"],"picked":"Dash","floor":1},{"not_picked":["Choke","Skewer"],"picked":"Deadly Poison","floor":2},{"not_picked":["Caltrops","Dash"],"picked":"Flying Knee","floor":3},{"not_picked":["Expertise","Bouncing Flask"],"picked":"Slice","floor":4},{"not_picked":["Blade Dance","Dodge and Roll"],"picked":"Poisoned Stab","floor":6},{"not_picked":["Outmaneuver","Footwork"],"picked":"Blur","floor":8},{"not_picked":["Outmaneuver","Bane"],"picked":"Noxious Fumes","floor":12},{"not_picked":["Blade Dance","Dodge and Roll"],"picked":"Quick Slash","floor":14},{"not_picked":["Burst","Grand Finale"],"picked":"Die Die Die","floor":16},{"not_picked":["Blur+1","Quick Slash"],"picked":"Acrobatics","floor":18},{"not_picked":["Blade Dance","Eviscerate"],"picked":"Slice","floor":20},{"not_picked":["Leg Sweep","Underhanded Strike"],"picked":"Flying Knee","floor":24},{"not_picked":["Blade Dance","Acrobatics+1"],"picked":"Prepared+1","floor":25},{"not_picked":["Heel Hook","Bouncing Flask"],"picked":"Poisoned Stab","floor":28},{"not_picked":["PiercingWail","Setup"],"picked":"Poisoned Stab+1","floor":29}],"player_experience":108984,"relics_obtained":[{"floor":6,"key":"Tiny Chest"},{"floor":9,"key":"Mercury Hourglass"},{"floor":11,"key":"Smiling Mask"},{"floor":21,"key":"Bag of Preparation"},{"floor":24,"key":"Du-Vu Doll"},{"floor":26,"key":"Pen Nib"},{"floor":29,"key":"Orichalcum"},{"floor":30,"key":"Anchor"}],"event_choices":[{"event_name":"Living Wall","player_choice":"Grow","floor":5,"damage_taken":0},{"event_name":"Ghosts","player_choice":"Ignored","floor":27,"damage_taken":0},{"event_name":"Beggar","player_choice":"Gave Gold","floor":31,"damage_taken":0}],"is_beta":false,"boss_relics":[{"not_picked":["Pandora\u0027s Box","Calling Bell"],"picked":"Sozu"}],"items_purged_floors":[],"is_endless":false,"potions_floor_spawned":[1,2,6,12,14,16,24,28,29],"killed_by":"Champ","ascension_level":6}