{"path_per_floor":["M","$","M","?","?","R","E","M","T","?","R","M","$","?","R","B",null,"M","$","?","?","M","R","E","$","T","M","R","M","?","?","R","B",null,"M","?","$","M","M","R","?","R","T","M"],"character_chosen":"IRONCLAD","items_purchased":["Singing Bowl","Orichalcum","True Grit","Rupture","Battle Trance","Sword Boomerang"],"gold_per_floor":[361,13,33,33,33,33,67,77,100,100,100,120,45,6,6,103,103,120,43,43,43,54,54,88,9,34,52,52,66,66,66,66,163,163,183,183,56,67,79,79,79,79,79,97],"floor_reached":45,"campfire_rested":2,"playtime":1942,"current_hp_per_floor":[78,78,80,80,64,64,52,58,58,58,58,63,63,63,63,23,82,80,80,80,64,66,66,43,43,43,43,68,59,59,42,69,27,91,74,74,74,65,66,74,74,82,82,38],"items_purged":["Clumsy","Strike_R"],"gold":97,"score":487,"play_id":"8f55f762-038d-4dd8-895b-4856d911c279","local_time":"20180303235509","is_prod":false,"is_daily":false,"is_ascension_mode":true,"campfire_upgraded":6,"timestamp":1520139309,"path_taken":["M","$","M","?","?","R","E","?","T","?","R","M","?","?","R","BOSS","M","$","?","?","M","R","E","?","T","M","R","M","?","?","R","BOSS","M","?","$","M","M","R","?","R","T","M","M"],"build_version":"2018-03-01-PROD1","purchased_purges":2,"victory":false,"master_deck":["Strike_R+1","Strike_R+1","Strike_R+1","Defend_R","Defend_R","Defend_R","Defend_R+1","Bash","Sword Boomerang","True Grit+1","Hemokinesis+1","Inflame","Rupture+1","Reaper","Combust+1","Rupture+1","Shrug It Off","Sword Boomerang","Sword Boomerang","Battle Trance","Limit Break+1","Sword Boomerang"],"max_hp_per_floor":[80,80,80,80,80,80,80,80,80,80,80,82,82,82,82,82,82,82,82,82,82,82,82,82,82,82,84,84,86,86,91,91,91,91,93,93,93,95,97,97,97,97,97,99],"relics":["Burning Blood","Singing Bowl","Orichalcum","Mercury Hourglass","Juzu Bracelet","Sozu","Nilry\u0027s Codex","Art of War","Whetstone","Eternal Feather","Unceasing Top"],"card_choices":[{"not_picked":["Wild Strike","Clothesline"],"picked":"Sword Boomerang"},{"not_picked":["Armaments","Flex"],"picked":"Hemokinesis"},{"not_picked":["Metallicize","Impervious"],"picked":"Inflame"},{"not_picked":["Sentinel","Perfected Strike"],"picked":"Rupture"},{"not_picked":["Double Tap","Dark Embrace"],"picked":"Reaper"},{"not_picked":["Anger","Rampage"],"picked":"Combust"},{"not_picked":["True Grit","Entrench"],"picked":"Sword Boomerang"},{"not_picked":["Seeing Red","Body Slam"],"picked":"Sword Boomerang"},{"not_picked":["Demon Form","Dark Embrace"],"picked":"Limit Break"}],"player_experience":220240,"potions_floor_usage":[7,16],"damage_taken":[{"damage":8,"enemies":"Jaw Worm","floor":1,"turns":4},{"damage":0,"enemies":"Small Slimes","floor":3,"turns":3},{"damage":18,"enemies":"3 Sentries","floor":7,"turns":7},{"damage":0,"enemies":"2 Louse","floor":8,"turns":2},{"damage":3,"enemies":"Blue Slaver","floor":12,"turns":3},{"damage":46,"enemies":"The Guardian","floor":16,"turns":10},{"damage":8,"enemies":"Shell Parasite","floor":18,"turns":5},{"damage":4,"enemies":"Chosen","floor":22,"turns":4},{"damage":64,"enemies":"Slavers","floor":24,"turns":5},{"damage":14,"enemies":"Sentry and Sphere","floor":27,"turns":3},{"damage":17,"enemies":"Snecko","floor":29,"turns":5},{"damage":72,"enemies":"Automaton","floor":33,"turns":7},{"damage":43,"enemies":"3 Darklings","floor":35,"turns":4},{"damage":17,"enemies":"Orb Walker","floor":38,"turns":3},{"damage":27,"enemies":"3 Darklings","floor":39,"turns":3},{"damage":52,"enemies":"Sphere and 2 Shapes","floor":44,"turns":5},{"damage":46,"enemies":"Maw","floor":45,"turns":4}],"event_choices":[{"event_name":"The Cleric","player_choice":"Leave","floor":4,"damage_taken":0},{"event_name":"Shining Light","player_choice":"Entered Light","floor":5,"damage_taken":0},{"event_name":"Liars Game","player_choice":"disagreed","floor":10,"damage_taken":0},{"event_name":"World of Goop","player_choice":"Left","floor":14,"damage_taken":0},{"event_name":"The Library","player_choice":"Read","floor":20,"damage_taken":0},{"event_name":"Cursed Tome","player_choice":"Obtained Book","floor":21,"damage_taken":0},{"event_name":"Drug Dealer","player_choice":"Ignored","floor":30,"damage_taken":0},{"event_name":"Forgotten Altar","player_choice":"Shed Blood","floor":31,"damage_taken":0},{"event_name":"Tomb of Lord Red Mask","player_choice":"Ignored","floor":36,"damage_taken":0}],"boss_relics":[{"not_picked":["Tiny House","Runic Pyramid"],"picked":"Sozu"},{"not_picked":["Philosopher\u0027s Stone","Snecko Eye"],"picked":"Eternal Feather"}],"potions_floor_spawned":[1,7,22,27,38,39],"seed_played":"5384450628157782369","killed_by":"Maw","ascension_level":3,"is_trial":false}