{"path_per_floor":["M","M","M","M","$","E","$","M","T","R","E","R","M","M","R","B",null,"M","?","?","M","$","E","R","E","T","E","?","M","R","?","R","B",null,"M","M","?","?","M","T","M","R","T","R","$","M","M","?","R","B"],"character_chosen":"IRONCLAD","items_purchased":["Shrug It Off","Swift Potion","Ancient Potion"],"gold_per_floor":[111,122,137,151,76,111,11,21,47,47,72,72,84,98,98,196,196,211,211,211,223,44,70,70,100,124,154,154,166,166,166,166,262,262,281,298,298,298,318,389,399,399,424,424,173,189,202,202,202,202],"floor_reached":51,"campfire_rested":2,"playtime":6423,"current_hp_per_floor":[65,70,72,71,71,73,73,76,76,76,79,79,79,79,79,79,79,70,70,70,79,79,55,55,43,43,28,28,28,54,37,65,41,94,84,86,86,86,88,88,89,89,89,89,89,91,92,92,92,90],"items_purged":["Defend_R","Strike_R","Strike_R","Strike_R"],"gold":202,"score":642,"play_id":"a791b3e7-dc6b-433f-bed4-c98c3d7f87b5","is_prod":false,"is_daily":false,"is_ascension_mode":false,"campfire_upgraded":7,"path_taken":["M","M","?","?","$","E","$","M","T","R","E","R","?","M","R","BOSS","M","?","?","M","?","E","R","E","T","E","?","M","R","?","R","BOSS","M","M","?","?","M","?","M","R","T","R","$","M","M","?","R","BOSS"],"build_version":"2018-02-08-BETA1","purchased_purges":5,"victory":true,"master_deck":["Defend_R","Defend_R","Defend_R","Barricade","Battle Trance+1","Shrug It Off","Shrug It Off","Armaments+1","Rampage+1","Metallicize+1","Feed","Pommel Strike+1","Shrug It Off","Impervious","Double Tap","Flame Barrier","True Grit+1","Offering","True Grit+1","Offering+1","Juggernaut+1","Body Slam+1"],"max_hp_per_floor":[72,72,72,72,72,79,79,79,79,79,79,79,79,79,79,79,79,82,82,82,85,85,85,85,89,89,89,89,89,89,94,94,94,94,94,94,94,94,94,94,98,98,98,98,98,102,105,105,105,105],"relics":["Burning Blood","Strawberry","Bronze Scales","Bag of Preparation","Nloth\u0027s Gift","Juzu Bracelet","Pen Nib","Anchor","Frozen Egg 2","Mark of Pain","Dodecahedron","Regal Pillow"],"card_choices":[{"not_picked":["Limit Break","Dark Embrace"],"picked":"Barricade"},{"not_picked":["Sever Soul","Flex"],"picked":"Battle Trance"},{"not_picked":["Heavy Blade","Spot Weakness"],"picked":"Shrug It Off"},{"not_picked":["Clothesline","Clash"],"picked":"Shrug It Off"},{"not_picked":["Thunderclap","Blood for Blood"],"picked":"Armaments"},{"not_picked":["Bludgeon","Dual Wield"],"picked":"Rampage"},{"not_picked":["Perfected Strike","Heavy Blade"],"picked":"Metallicize"},{"not_picked":["Brutality","Limit Break"],"picked":"Feed"},{"not_picked":["True Grit","Sword Boomerang"],"picked":"Pommel Strike"},{"not_picked":["Warcry","Iron Wave"],"picked":"Impervious"},{"not_picked":["Pommel Strike","Rampage"],"picked":"Double Tap"},{"not_picked":["Anger","Shrug It Off"],"picked":"Flame Barrier"},{"not_picked":["Impervious","Juggernaut"],"picked":"Offering"},{"not_picked":["Inflame","Infernal Blade"],"picked":"True Grit"},{"not_picked":["Rupture","Inflame"],"picked":"Offering"},{"not_picked":["Twin Strike","Headbutt"],"picked":"Juggernaut"},{"not_picked":["Flame Barrier","Feel No Pain"],"picked":"Body Slam"}],"player_experience":15219,"potions_floor_usage":[6,16,23,25,25,27,33,50],"damage_taken":[{"damage":13,"enemies":"Blue Slaver","floor":1,"turns":5},{"damage":1,"enemies":"Cultist","floor":2,"turns":3},{"damage":0,"enemies":"Small Slimes","floor":3,"turns":5},{"damage":7,"enemies":"Exordium Thugs","floor":4,"turns":9},{"damage":11,"enemies":"3 Sentries","floor":6,"turns":9},{"damage":3,"enemies":"Exordium Wildlife","floor":8,"turns":6},{"damage":0,"enemies":"Lagavulin","floor":11,"turns":6},{"damage":0,"enemies":"2 Fungi Beasts","floor":13,"turns":4},{"damage":0,"enemies":"Large Slime","floor":14,"turns":5},{"damage":0,"enemies":"The Guardian","floor":16,"turns":12},{"damage":18,"enemies":"2 Thieves","floor":18,"turns":5},{"damage":0,"enemies":"Spheric Guardian","floor":21,"turns":7},{"damage":30,"enemies":"Book of Stabbing","floor":23,"turns":8},{"damage":37,"enemies":"Slavers","floor":25,"turns":7},{"damage":21,"enemies":"Gremlin Leader","floor":27,"turns":13},{"damage":6,"enemies":"Snake Plant","floor":29,"turns":9},{"damage":30,"enemies":"Collector","floor":33,"turns":17},{"damage":16,"enemies":"3 Darklings","floor":35,"turns":12},{"damage":4,"enemies":"Orb Walker","floor":36,"turns":6},{"damage":4,"enemies":"Flame Bruiser 2 Orb","floor":39,"turns":11},{"damage":9,"enemies":"4 Shapes","floor":41,"turns":7},{"damage":8,"enemies":"Spire Growth","floor":46,"turns":6},{"damage":8,"enemies":"Sphere and 2 Shapes","floor":47,"turns":8},{"damage":8,"enemies":"Time Eater","floor":50,"turns":10}],"event_choices":[{"event_name":"Purifier","player_choice":"One Purge","floor":19,"damage_taken":0},{"event_name":"N\u0027loth","player_choice":"Traded a Snecko Eye","floor":20,"damage_taken":0},{"event_name":"The Library","player_choice":"Read","floor":28,"damage_taken":0},{"event_name":"Forgotten Altar","player_choice":"Shed Blood","floor":31,"damage_taken":0},{"event_name":"Purifier","player_choice":"One Purge","floor":38,"damage_taken":0},{"event_name":"Mysterious Sphere","player_choice":"Ignore","floor":48,"damage_taken":0}],"boss_relics":[{"not_picked":["Eternal Feather","Orrery"],"picked":"Snecko Eye"},{"not_picked":["Astrolabe","Black Star"],"picked":"Mark of Pain"}],"potions_floor_spawned":[1,2,13,14,21,25,29,39,46],"seed_played":"-3963289112560388359","ascension_level":0,"is_trial":false}