{"gold_per_floor":[216,216,61,76,124,155,166,196,196,196,230,405,421,435,435,537,537,550,550,95,95,95,95,95,95,120,136,136,136],"floor_reached":29,"playtime":1657,"items_purged":[],"score":251,"play_id":"b98d2e9c-8991-477d-8059-b465c194b154","local_time":"20181227012245","is_ascension_mode":true,"campfire_choices":[{"floor":10.0,"key":"RECALL"},{"floor":15.0,"key":"REST"},{"data":"1","floor":23,"key":"LIFT"},{"floor":25,"key":"REST"},{"floor":28,"key":"REST"}],"neow_cost":"NONE","seed_source_timestamp":36119614602598,"circlet_count":0,"master_deck":["Defend_G","Defend_G","Defend_G","Defend_G","Defend_G","Strike_G","Strike_G","Strike_G","Strike_G","Strike_G","Survivor","Neutralize","Heel Hook","Footwork","Acrobatics","Cloak And Dagger","Choke","Prepared","Doubt","Predator","Caltrops","Prepared","After Image","Quick Slash+1","Crippling Poison","Flying Knee+1","Caltrops"],"special_seed":0,"relics":["Ring of the Snake","Question Card","PreservedInsect","Paper Crane","Dream Catcher","Blue Candle","Dodecahedron","Philosopher\u0027s Stone","Nilry\u0027s Codex","Happy Flower","Girya","Omamori"],"potions_floor_usage":[16,16,18],"damage_taken":[{"damage":2.0,"enemies":"Small Slimes","floor":1.0,"turns":5.0},{"damage":0.0,"enemies":"Jaw Worm","floor":4.0,"turns":5.0},{"damage":8.0,"enemies":"Gremlin Nob","floor":6.0,"turns":4.0},{"damage":0.0,"enemies":"2 Louse","floor":7.0,"turns":1.0},{"damage":10.0,"enemies":"3 Sentries","floor":8.0,"turns":8.0},{"damage":28.0,"enemies":"Gremlin Nob","floor":11.0,"turns":4.0},{"damage":3.0,"enemies":"Looter","floor":13.0,"turns":4.0},{"damage":0.0,"enemies":"Blue Slaver","floor":14.0,"turns":6.0},{"damage":21,"enemies":"Hexaghost","floor":16,"turns":14},{"damage":5,"enemies":"Spheric Guardian","floor":18,"turns":4},{"damage":40,"enemies":"Colosseum Slavers","floor":24,"turns":5},{"damage":5,"enemies":"Chosen","floor":27,"turns":5},{"damage":53,"enemies":"Slavers","floor":29,"turns":5}],"seed_played":"-4614251045276315692","potions_obtained":[{"floor":1.0,"key":"Explosive Potion"},{"floor":7.0,"key":"Strength Potion"},{"floor":11.0,"key":"EssenceOfSteel"},{"floor":13.0,"key":"Dexterity Potion"},{"floor":16,"key":"Dexterity Potion"}],"is_trial":false,"path_per_floor":["M","?","$","M","T","E","M","E","T","R","E","?","M","M","R","B",null,"M","?","$","?","?","R","?","R","T","M","R","E"],"character_chosen":"THE_SILENT","items_purchased":["PreservedInsect","Happy Flower","Girya"],"campfire_rested":3,"item_purchase_floors":[3,20,20],"current_hp_per_floor":[68,56,56,56,56,48,48,38,38,38,10,10,7,7,28,7,70,65,49,49,49,49,49,9,30,30,25,46,0],"gold":136,"neow_bonus":"HUNDRED_GOLD","is_prod":false,"is_daily":false,"chose_seed":false,"campfire_upgraded":0,"win_rate":0,"timestamp":1545866565,"path_taken":["M","?","$","M","?","E","?","E","T","R","E","?","M","M","R","BOSS","M","?","$","?","?","R","?","R","T","M","R","E"],"build_version":"2018-12-20","purchased_purges":0,"victory":false,"max_hp_per_floor":[70,70,70,70,70,70,70,70,70,70,70,70,70,70,70,70,70,70,70,70,70,70,70,70,70,70,70,70,70],"card_choices":[{"not_picked":["Masterful Stab","Poisoned Stab"],"picked":"Heel Hook","floor":1.0},{"not_picked":["Poisoned Stab","Blade Dance","Prepared"],"picked":"Footwork","floor":4.0},{"not_picked":["Flechettes","Skewer","Calculated Gamble"],"picked":"Acrobatics","floor":6.0},{"not_picked":["Bouncing Flask","Blade Dance","Catalyst"],"picked":"Cloak And Dagger","floor":7.0},{"not_picked":["Corpse Explosion","Expertise","Skewer"],"picked":"Choke","floor":8.0},{"not_picked":["Backflip","Reflex","Underhanded Strike"],"picked":"Prepared","floor":11.0},{"not_picked":["Calculated Gamble","Infinite Blades","Tactician"],"picked":"Predator","floor":13.0},{"not_picked":["Backflip","Deadly Poison","Outmaneuver"],"picked":"Caltrops","floor":14.0},{"not_picked":["Dodge and Roll","Underhanded Strike","Poisoned Stab"],"picked":"Prepared","floor":15.0},{"not_picked":["Malaise","Night Terror","Grand Finale"],"picked":"After Image","floor":16},{"not_picked":["Backflip","Bane","Acrobatics"],"picked":"Quick Slash+1","floor":18},{"not_picked":["Flechettes","Dagger Spray","Poisoned Stab"],"picked":"Crippling Poison","floor":25},{"not_picked":["Blade Dance","Deflect+1","Endless Agony+1"],"picked":"Flying Knee+1","floor":27},{"not_picked":["Distraction","Dodge and Roll+1","Dagger Spray"],"picked":"Caltrops","floor":28}],"player_experience":205454,"relics_obtained":[{"floor":6.0,"key":"Paper Crane"},{"floor":8.0,"key":"Dream Catcher"},{"floor":9.0,"key":"Blue Candle"},{"floor":11.0,"key":"Dodecahedron"},{"floor":19,"key":"Nilry\u0027s Codex"},{"floor":26,"key":"Omamori"}],"event_choices":[{"damage_healed":0.0,"max_hp_gain":0.0,"max_hp_loss":0.0,"gold_gain":0.0,"event_name":"Scrap Ooze","player_choice":"Success","floor":2.0,"gold_loss":0.0,"damage_taken":12.0,"relics_obtained":["Question Card"]},{"damage_healed":0.0,"max_hp_gain":0.0,"max_hp_loss":0.0,"gold_gain":175.0,"event_name":"Liars Game","player_choice":"AGREE","floor":12.0,"gold_loss":0.0,"damage_taken":0.0,"cards_obtained":["Doubt"]},{"damage_healed":0,"gold_gain":0,"player_choice":"Obtained Book","damage_taken":16,"max_hp_gain":0,"max_hp_loss":0,"event_name":"Cursed Tome","floor":19,"gold_loss":0},{"damage_healed":0,"gold_gain":0,"player_choice":"Ignored","damage_taken":0,"max_hp_gain":0,"max_hp_loss":0,"event_name":"Ghosts","floor":21,"gold_loss":0},{"damage_healed":0,"gold_gain":0,"player_choice":"Ignored","damage_taken":0,"max_hp_gain":0,"max_hp_loss":0,"event_name":"Vampires","floor":22,"gold_loss":0},{"damage_healed":0,"gold_gain":0,"player_choice":"Fight","damage_taken":0,"max_hp_gain":0,"max_hp_loss":0,"event_name":"Colosseum","floor":24,"gold_loss":0},{"damage_healed":0,"gold_gain":0,"player_choice":"Fled From Nobs","damage_taken":0,"max_hp_gain":0,"max_hp_loss":0,"event_name":"Colosseum","floor":24,"gold_loss":0}],"is_beta":false,"boss_relics":[{"not_picked":["Runic Pyramid","Snecko Eye"],"picked":"Philosopher\u0027s Stone"}],"items_purged_floors":[],"is_endless":false,"potions_floor_spawned":[1,7,11,13,16,24],"killed_by":"Slavers","ascension_level":1}