{"path_per_floor":["M","?","M","$","M","R","$","R","T","E","M","M","M","M","R","B",null,"M","M","$","M","?"],"character_chosen":"THE_SILENT","items_purchased":["Flash of Steel","Footwork","Calculated Gamble","Infinite Blades","Prepared"],"gold_per_floor":[110,285,305,71,89,89,8,8,35,64,80,95,112,126,126,223,223,236,256,32,52,52,52],"floor_reached":23,"campfire_rested":1,"playtime":2152,"current_hp_per_floor":[70,70,68,68,68,68,68,68,68,43,34,30,30,23,44,23,58,29,23,23,10,10,0],"items_purged":["Doubt","Defend_G"],"gold":52,"score":244,"play_id":"9f358a70-d238-4cd6-a208-8fc6a8cc8c79","local_time":"20180406151939","is_prod":false,"is_daily":false,"is_ascension_mode":true,"campfire_upgraded":2,"timestamp":1523042379,"path_taken":["M","?","M","$","M","R","$","R","T","E","M","?","M","?","R","BOSS","M","M","$","M","?","E"],"build_version":"2018-04-05v2","purchased_purges":2,"victory":false,"master_deck":["Defend_G","Defend_G","Defend_G","Defend_G","Strike_G","Strike_G","Strike_G","Strike_G","Survivor","Neutralize","Prepared","Malaise","Flash of Steel+1","Footwork","Acrobatics","Calculated Gamble+1","Tools of the Trade","Backflip","Prepared","Choke","Blade Dance","Storm of Steel","Backstab","Infinite Blades","Prepared","Dodge and Roll"],"max_hp_per_floor":[70,70,70,70,70,70,70,70,70,70,70,70,70,70,70,70,70,70,70,70,70,70,70],"relics":["Ring of the Snake","Happy Flower","Paper Crane","Black Star"],"card_choices":[{"not_picked":["Deflect","Riddle With Holes"],"picked":"Prepared","floor":1.0},{"not_picked":["PiercingWail","Masterful Stab"],"picked":"Malaise","floor":3.0},{"not_picked":["Accuracy","Underhanded Strike"],"picked":"Acrobatics","floor":5.0},{"not_picked":["Dagger Throw","Reflex"],"picked":"Tools of the Trade","floor":10.0},{"not_picked":["Underhanded Strike","Dagger Spray"],"picked":"Backflip","floor":11.0},{"not_picked":["Cloak And Dagger","Underhanded Strike"],"picked":"Prepared","floor":12.0},{"not_picked":["Deflect","Expertise"],"picked":"Choke","floor":13.0},{"not_picked":["Underhanded Strike","Sucker Punch"],"picked":"Blade Dance","floor":14.0},{"not_picked":["Burst","Grand Finale"],"picked":"Storm of Steel","floor":16.0},{"not_picked":["Deflect","Backflip"],"picked":"Backstab","floor":18},{"not_picked":["Dagger Spray","Deadly Poison"],"picked":"Dodge and Roll","floor":21}],"player_experience":402973,"potions_floor_usage":[19,21,23,23],"damage_taken":[{"damage":0.0,"enemies":"Small Slimes","floor":1.0,"turns":3.0},{"damage":2.0,"enemies":"2 Louse","floor":3.0,"turns":3.0},{"damage":0.0,"enemies":"Cultist","floor":5.0,"turns":6.0},{"damage":25.0,"enemies":"3 Sentries","floor":10.0,"turns":13.0},{"damage":9.0,"enemies":"Lots of Slimes","floor":11.0,"turns":5.0},{"damage":4.0,"enemies":"Red Slaver","floor":12.0,"turns":6.0},{"damage":0.0,"enemies":"Blue Slaver","floor":13.0,"turns":5.0},{"damage":7.0,"enemies":"Exordium Wildlife","floor":14.0,"turns":4.0},{"damage":21.0,"enemies":"The Guardian","floor":16.0,"turns":15.0},{"damage":29.0,"enemies":"Spheric Guardian","floor":18.0,"turns":8.0},{"damage":6,"enemies":"Snake Plant","floor":19,"turns":7},{"damage":13,"enemies":"Centurion and Healer","floor":21,"turns":11},{"damage":12,"enemies":"Slavers","floor":23,"turns":3}],"event_choices":[{"event_name":"Liars Game","player_choice":"agreed","floor":2.0,"damage_taken":0.0},{"event_name":"Drug Dealer","player_choice":"Ignored","floor":22,"damage_taken":0}],"boss_relics":[],"potions_floor_spawned":[3,5,12,13,18,21],"seed_played":"-4697243762959656082","killed_by":"Slavers","ascension_level":5,"is_trial":false}