{"gold_per_floor":[109,3,19,33,46,46,62,78,78,78,98,115,115,40,40,40],"floor_reached":16,"playtime":709,"items_purged":["Strike_B"],"score":120,"play_id":"35f686c4-474c-4548-8c5f-8e14a4fcd7e6","local_time":"20181128023300","is_ascension_mode":true,"campfire_choices":[{"data":"Creative AI","floor":6,"key":"SMITH"},{"floor":15,"key":"REST"}],"neow_cost":"TEN_PERCENT_HP_LOSS","seed_source_timestamp":1206547898047895,"circlet_count":0,"master_deck":["Strike_B","Strike_B","Defend_B","Defend_B","Defend_B","Defend_B","Zap","Dualcast","Creative AI+1","Gash","Conserve Battery","Stack","Turbo","Beam Cell","Defragment","BootSequence","Self Repair","Heatsinks"],"relics":["Cracked Core","Gambling Chip","Toxic Egg 2"],"potions_floor_usage":[16],"damage_taken":[{"damage":1,"enemies":"Cultist","floor":1,"turns":3},{"damage":0,"enemies":"Small Slimes","floor":3,"turns":3},{"damage":2,"enemies":"Jaw Worm","floor":4,"turns":3},{"damage":18,"enemies":"Exordium Wildlife","floor":5,"turns":5},{"damage":0,"enemies":"Looter","floor":7,"turns":3},{"damage":16,"enemies":"Lots of Slimes","floor":8,"turns":5},{"damage":10,"enemies":"3 Louse","floor":11,"turns":5},{"damage":2,"enemies":"Blue Slaver","floor":12,"turns":6},{"damage":31,"enemies":"The Guardian","floor":16,"turns":2}],"seed_played":"2299820040832490873","potions_obtained":[{"floor":1,"key":"SteroidPotion"},{"floor":4,"key":"SteroidPotion"},{"floor":8,"key":"PowerPotion"}],"is_trial":false,"path_per_floor":["M","$","M","M","M","R","M","M","T","?","M","M","?","$","R","B"],"character_chosen":"DEFECT","items_purchased":["Conserve Battery","Stack"],"campfire_rested":1,"item_purchase_floors":[2,2],"current_hp_per_floor":[67,67,67,65,47,47,47,31,31,24,14,19,7,7,27,0],"gold":40,"neow_bonus":"THREE_RARE_CARDS","is_prod":false,"is_daily":false,"chose_seed":false,"campfire_upgraded":1,"win_rate":0,"timestamp":1543390380,"path_taken":["M","$","M","M","M","R","M","M","T","?","M","M","?","$","R","BOSS"],"build_version":"2018-11-15","purchased_purges":1,"victory":false,"max_hp_per_floor":[68,68,68,68,68,68,68,68,68,68,68,68,68,68,68,68],"card_choices":[{"not_picked":["Seek","Reboot"],"picked":"Creative AI","floor":0},{"not_picked":["Loop","Recycle"],"picked":"Gash","floor":1},{"not_picked":["Streamline","Undo","Ball Lightning"],"picked":"SKIP","floor":3},{"not_picked":["Chill","Cold Snap"],"picked":"Turbo","floor":4},{"not_picked":["Rip and Tear","Skim"],"picked":"Beam Cell","floor":5},{"not_picked":["Turbo","Leap"],"picked":"Defragment","floor":7},{"not_picked":["Hologram","Sweeping Beam"],"picked":"BootSequence","floor":8},{"not_picked":["Redo","Steam"],"picked":"Self Repair","floor":11},{"not_picked":["Reprogram","Redo"],"picked":"Heatsinks","floor":12}],"player_experience":839153,"relics_obtained":[{"floor":9,"key":"Gambling Chip"}],"event_choices":[{"cards_removed":["Strike_B"],"damage_healed":0,"gold_gain":0,"player_choice":"Card Removal","damage_taken":7,"max_hp_gain":0,"max_hp_loss":0,"event_name":"Golden Wing","floor":10,"gold_loss":0},{"damage_healed":0,"gold_gain":0,"player_choice":"Success","damage_taken":12,"relics_obtained":["Toxic Egg 2"],"max_hp_gain":0,"max_hp_loss":0,"event_name":"Scrap Ooze","floor":13,"gold_loss":0}],"is_beta":false,"boss_relics":[],"items_purged_floors":[14],"is_endless":false,"potions_floor_spawned":[1,4,8],"killed_by":"The Guardian","ascension_level":5}