{"gold_per_floor":[10,23,23,39,53,80,80,92,92,109,121,121,151,165,165,270,270,286,301,401,401,418,418,452,452,452,71,82,82,181,193,193,193],"floor_reached":33,"playtime":1757,"items_purged":["Strike_B"],"score":306,"play_id":"9fecc12b-d7da-4e87-b5c7-0f91ff47f84d","local_time":"20190120195139","is_ascension_mode":false,"campfire_choices":[{"data":"Zap","floor":7,"key":"SMITH"},{"data":"Dualcast","floor":12,"key":"SMITH"},{"data":"Electrodynamics","floor":15,"key":"SMITH"},{"data":"Go for the Eyes","floor":23,"key":"SMITH"},{"data":"Beam Cell","floor":25,"key":"SMITH"},{"data":"Defragment","floor":32,"key":"SMITH"}],"neow_cost":"NO_GOLD","seed_source_timestamp":782883088024776,"circlet_count":0,"master_deck":["Strike_B","Strike_B","Defend_B","Defend_B","Defend_B","Defend_B","Zap+1","Dualcast+1","All For One","Beam Cell","Beam Cell+1","Beam Cell","Gash","Redo+1","Electrodynamics+1","Steam+1","All For One","Gash","Go for the Eyes+1","Gash+1","Panache","Madness+1","Defragment+1","Conserve Battery+1"],"relics":["Cracked Core","Orichalcum","Toxic Egg 2","Anchor","Inserter","Nunchaku","Question Card","Thread and Needle"],"potions_floor_usage":[16,20,24,31,33],"damage_taken":[{"damage":1,"enemies":"Jaw Worm","floor":1,"turns":3},{"damage":1,"enemies":"Cultist","floor":2,"turns":3},{"damage":0,"enemies":"2 Louse","floor":4,"turns":2},{"damage":11,"enemies":"Lots of Slimes","floor":5,"turns":3},{"damage":22,"enemies":"3 Sentries","floor":6,"turns":6},{"damage":10,"enemies":"Large Slime","floor":8,"turns":5},{"damage":2,"enemies":"Blue Slaver","floor":10,"turns":2},{"damage":1,"enemies":"3 Louse","floor":11,"turns":3},{"damage":12,"enemies":"Gremlin Nob","floor":13,"turns":3},{"damage":0,"enemies":"Lots of Slimes","floor":14,"turns":2},{"damage":5,"enemies":"Hexaghost","floor":16,"turns":6},{"damage":0,"enemies":"3 Byrds","floor":18,"turns":4},{"damage":0,"enemies":"Chosen","floor":19,"turns":3},{"damage":10,"enemies":"Colosseum Slavers","floor":20,"turns":4},{"damage":4,"enemies":"Colosseum Nobs","floor":20,"turns":3},{"damage":5,"enemies":"Centurion and Healer","floor":22,"turns":2},{"damage":0,"enemies":"Gremlin Leader","floor":24,"turns":4},{"damage":14,"enemies":"Snake Plant","floor":28,"turns":4},{"damage":0,"enemies":"Chosen and Byrds","floor":31,"turns":3},{"damage":31,"enemies":"Champ","floor":33,"turns":5}],"seed_played":"-5236367246364531890","potions_obtained":[{"floor":1,"key":"Poison Potion"},{"floor":3,"key":"Strength Potion"},{"floor":3,"key":"PowerPotion"},{"floor":18,"key":"LiquidBronze"},{"floor":20,"key":"Poison Potion"},{"floor":28,"key":"Block Potion"},{"floor":31,"key":"FearPotion"}],"is_trial":false,"path_per_floor":["M","M","?","M","M","E","R","M","T","M","M","R","E","M","R","B",null,"M","M","?","?","M","R","E","R","T","$","M","?","?","M","R","B"],"character_chosen":"DEFECT","items_purchased":["Panache","Madness+1","Defragment"],"campfire_rested":0,"item_purchase_floors":[27,27,27],"current_hp_per_floor":[74,73,73,73,62,40,40,30,30,28,27,27,15,15,15,10,75,75,75,61,61,56,56,56,56,56,56,42,28,28,28,28,0],"gold":193,"neow_bonus":"THREE_RARE_CARDS","is_prod":false,"is_daily":false,"chose_seed":false,"campfire_upgraded":6,"win_rate":0,"timestamp":1547981499,"path_taken":["M","M","?","M","M","E","R","M","T","?","M","R","E","M","R","BOSS","M","M","?","?","?","R","E","R","T","$","M","?","?","M","R","BOSS"],"build_version":"2019-01-17v2","purchased_purges":1,"victory":false,"max_hp_per_floor":[75,75,75,75,75,75,75,75,75,75,75,75,75,75,75,75,75,75,75,75,75,75,75,75,75,75,75,75,80,80,80,80,80],"card_choices":[{"not_picked":["Machine Learning","Seek"],"picked":"All For One","floor":0},{"not_picked":["Heatsinks","Compile Driver"],"picked":"Beam Cell","floor":1},{"not_picked":["Cold Snap","Compile Driver","Darkness"],"picked":"SKIP","floor":2},{"not_picked":["Steam Power","Recycle"],"picked":"Beam Cell","floor":4},{"not_picked":["Streamline","Cold Snap"],"picked":"Beam Cell","floor":5},{"not_picked":["Stack","Coolheaded","Barrage"],"picked":"SKIP","floor":6},{"not_picked":["Doom and Gloom","Hyperbeam"],"picked":"Gash","floor":8},{"not_picked":["Coolheaded+1","Hologram+1"],"picked":"Redo+1","floor":10},{"not_picked":["Cold Snap","Streamline","Sweeping Beam"],"picked":"SKIP","floor":11},{"not_picked":["Streamline","Coolheaded+1"],"picked":"Electrodynamics","floor":13},{"not_picked":["Lockon","Beam Cell"],"picked":"Steam+1","floor":14},{"not_picked":["Hyperbeam","Rainbow+1"],"picked":"All For One","floor":16},{"not_picked":["Coolheaded+1","Beam Cell","Heatsinks"],"picked":"SKIP","floor":18},{"not_picked":["Beam Cell+1","Steam Power+1"],"picked":"Gash","floor":19},{"not_picked":["Sunder","Leap+1"],"picked":"Go for the Eyes","floor":20},{"not_picked":["Rebound","Steam+1","Auto Shields+1","Aggregate+1"],"picked":"SKIP","floor":22},{"not_picked":["Leap+1","Compile Driver","Fusion+1"],"picked":"Gash+1","floor":24},{"not_picked":["Cold Snap","Leap+1","Compile Driver","Stack+1"],"picked":"SKIP","floor":28},{"not_picked":["Ball Lightning","Hyperbeam","Compile Driver"],"picked":"Conserve Battery+1","floor":31}],"player_experience":859226,"relics_obtained":[{"floor":6,"key":"Orichalcum"},{"floor":9,"key":"Toxic Egg 2"},{"floor":13,"key":"Anchor"},{"floor":20,"key":"Nunchaku"},{"floor":20,"key":"Question Card"},{"floor":24,"key":"Thread and Needle"}],"event_choices":[{"damage_healed":0,"gold_gain":0,"player_choice":"Got Potions","damage_taken":0,"max_hp_gain":0,"max_hp_loss":0,"event_name":"Lab","floor":3,"gold_loss":0},{"damage_healed":0,"gold_gain":0,"player_choice":"Fight","damage_taken":0,"max_hp_gain":0,"max_hp_loss":0,"event_name":"Colosseum","floor":20,"gold_loss":0},{"damage_healed":0,"gold_gain":0,"player_choice":"Fought Nobs","damage_taken":0,"max_hp_gain":0,"max_hp_loss":0,"event_name":"Colosseum","floor":20,"gold_loss":0},{"cards_removed":["Strike_B"],"damage_healed":0,"gold_gain":0,"player_choice":"Purged","damage_taken":0,"max_hp_gain":0,"max_hp_loss":0,"event_name":"Purifier","floor":21,"gold_loss":0},{"damage_healed":0,"gold_gain":0,"player_choice":"Shed Blood","damage_taken":19,"max_hp_gain":5,"max_hp_loss":0,"event_name":"Forgotten Altar","floor":29,"gold_loss":0},{"damage_healed":0,"gold_gain":99,"player_choice":"Stole From Cult","damage_taken":0,"max_hp_gain":0,"max_hp_loss":0,"event_name":"Nest","floor":30,"gold_loss":0}],"is_beta":false,"boss_relics":[{"not_picked":["Empty Cage","Coffee Dripper"],"picked":"Inserter"}],"items_purged_floors":[27],"is_endless":false,"potions_floor_spawned":[1,4,8,13,14,18,19,20,28,31],"killed_by":"Champ","ascension_level":0}