{"path_per_floor":["M","$","?","?","?","E","M","R","T","M","M","M","$","M","R","B",null,"M","?","M","$","?","R","?","R","T","M","$","M","M","M","R"],"character_chosen":"IRONCLAD","items_purchased":["Flex","Sword Boomerang","Finesse","Blind","Shrug It Off"],"gold_per_floor":[113,16,16,16,16,46,63,63,90,100,112,123,25,38,38,141,141,161,161,176,79,79,79,79,79,104,114,61,78,95,106,106],"floor_reached":33,"campfire_rested":2,"playtime":1392,"current_hp_per_floor":[80,80,64,64,64,30,34,58,58,64,70,69,69,72,72,54,80,61,45,55,55,55,55,55,55,57,30,30,19,16,34,60],"items_purged":[],"gold":106,"score":286,"play_id":"38ae1846-76af-45fc-89ea-7769fe2049af","local_time":"20180305205453","is_prod":false,"is_daily":false,"is_ascension_mode":true,"campfire_upgraded":3,"timestamp":1520301293,"path_taken":["M","$","?","?","?","E","M","R","T","?","M","M","$","M","R","BOSS","M","?","M","$","?","R","?","R","T","M","$","M","M","?","R","BOSS"],"build_version":"2018-03-01-PROD1","purchased_purges":2,"victory":false,"master_deck":["Strike_R+1","Strike_R+1","Strike_R+1","Strike_R+1","Strike_R+1","Defend_R+1","Defend_R+1","Defend_R+1","Defend_R+1","Bash","Cleave+1","Sword Boomerang","Flex+1","Sword Boomerang","Battle Trance","Bash","True Grit","Pommel Strike","Dual Wield+1","Perfected Strike+1","Pommel Strike+1","Finesse","Wild Strike","Reaper","Necronomicurse","Blind","Writhe","Twin Strike+1","Shrug It Off"],"max_hp_per_floor":[80,80,80,80,80,80,80,80,80,80,80,80,80,80,80,80,80,80,80,80,80,80,80,80,80,82,82,82,84,86,88,88],"relics":["Black Blood","Prayer Wheel","War Paint","Necronomicon","Orichalcum","Singing Bowl"],"card_choices":[{"not_picked":["Clash","Sever Soul"],"picked":"Cleave"},{"not_picked":["Corruption","Flame Barrier"],"picked":"Sword Boomerang"},{"not_picked":["Twin Strike","Sword Boomerang"],"picked":"True Grit"},{"not_picked":["Flex","Twin Strike"],"picked":"Pommel Strike"},{"not_picked":["True Grit","Perfected Strike"],"picked":"Dual Wield"},{"not_picked":["Armaments","Dual Wield"],"picked":"Perfected Strike"},{"not_picked":["Body Slam","Armaments"],"picked":"Pommel Strike"},{"not_picked":["Twin Strike","Impervious"],"picked":"Wild Strike"},{"not_picked":["Demon Form","Exhume"],"picked":"Reaper"},{"not_picked":["Iron Wave","Shrug It Off"],"picked":"Twin Strike"}],"player_experience":229080,"potions_floor_usage":[16,16,27,30,31,31],"damage_taken":[{"damage":6,"enemies":"Jaw Worm","floor":1,"turns":5},{"damage":40,"enemies":"Gremlin Nob","floor":6,"turns":5},{"damage":2,"enemies":"Small Slimes","floor":7,"turns":3},{"damage":0,"enemies":"Cultist","floor":10,"turns":2},{"damage":0,"enemies":"3 Louse","floor":11,"turns":3},{"damage":7,"enemies":"2 Fungi Beasts","floor":12,"turns":3},{"damage":3,"enemies":"Looter","floor":14,"turns":2},{"damage":39,"enemies":"Slime Boss","floor":16,"turns":7},{"damage":34,"enemies":"3 Byrds","floor":18,"turns":5},{"damage":0,"enemies":"Spheric Guardian","floor":20,"turns":1},{"damage":61,"enemies":"3 Cultists","floor":27,"turns":5},{"damage":23,"enemies":"Snecko","floor":29,"turns":4},{"damage":15,"enemies":"Cultist and Chosen","floor":30,"turns":5},{"damage":10,"enemies":"Centurion and Healer","floor":31,"turns":4},{"damage":60,"enemies":"Collector","floor":33,"turns":5}],"event_choices":[{"event_name":"Shining Light","player_choice":"Entered Light","floor":3,"damage_taken":0},{"event_name":"Match and Keep!","player_choice":"2 cards matched","floor":4,"damage_taken":0},{"event_name":"Liars Game","player_choice":"disagreed","floor":5,"damage_taken":0},{"event_name":"Cursed Tome","player_choice":"Obtained Book","floor":19,"damage_taken":0},{"event_name":"Back to Basics","player_choice":"Simplicity","floor":22,"damage_taken":0},{"event_name":"The Mausoleum","player_choice":"Yes","floor":24,"damage_taken":0}],"boss_relics":[{"not_picked":["Question Card","Orrery"],"picked":"Black Blood"}],"potions_floor_spawned":[1,6,12,18,29,30],"seed_played":"6728679192431080440","killed_by":"Collector","ascension_level":3,"is_trial":false}