{"gold_per_floor":[117,137,137,137,102,137,98,98,98,131,151,162,162,236,236,339,339,350,350,366,378,428,428,119,149,174,194,194,205,235,245,245,346,346,358,358,358,458,458,493,493,519,555,582,594],"floor_reached":45,"playtime":2877,"items_purged":[],"score":803,"play_id":"b909bf22-788e-410b-805d-5304e2b8bb89","local_time":"20190223071950","is_ascension_mode":true,"campfire_choices":[{"data":"Inflame","floor":8,"key":"SMITH"},{"data":"Intimidate","floor":13,"key":"SMITH"},{"data":"Disarm","floor":15,"key":"SMITH"},{"data":"Demon Form","floor":23,"key":"SMITH"},{"floor":28,"key":"REST"},{"floor":32,"key":"REST"},{"data":"Limit Break","floor":41,"key":"SMITH"}],"neow_cost":"NONE","seed_source_timestamp":739069278367400,"circlet_count":0,"master_deck":["Strike_R","Strike_R","Strike_R","Strike_R+1","Strike_R","Defend_R","Defend_R","Defend_R","Defend_R","Bash+1","Perfected Strike+1","Cleave+1","Pommel Strike","Inflame+1","Disarm+1","Intimidate+1","Twin Strike","Demon Form+1","Infernal Blade","Uppercut+1","Iron Wave+1","Perfected Strike","Iron Wave+1","Battle Trance","Iron Wave+1","Flex+1","Metallicize","Limit Break+1","Infernal Blade","Metamorphosis","Dark Shackles","Headbutt","Heavy Blade+1","Rupture","Heavy Blade+1"],"relics":["Black Blood","Omamori","Bottled Lightning","Mercury Hourglass","Sozu","Anchor","Ornamental Fan","Bottled Tornado","Ancient Tea Set","Pear","Champion Belt","Calipers","MawBank","Whetstone"],"potions_floor_usage":[21,21],"damage_taken":[{"damage":7,"enemies":"Jaw Worm","floor":1,"turns":3},{"damage":1,"enemies":"2 Louse","floor":2,"turns":2},{"damage":40,"enemies":"Lagavulin","floor":6,"turns":4},{"damage":8,"enemies":"Gremlin Nob","floor":10,"turns":3},{"damage":0,"enemies":"Small Slimes","floor":11,"turns":1},{"damage":11,"enemies":"Looter","floor":12,"turns":2},{"damage":9,"enemies":"Hexaghost","floor":16,"turns":7},{"damage":22,"enemies":"2 Thieves","floor":18,"turns":3},{"damage":11,"enemies":"Spheric Guardian","floor":20,"turns":3},{"damage":5,"enemies":"Centurion and Healer","floor":21,"turns":5},{"damage":50,"enemies":"Book of Stabbing","floor":25,"turns":6},{"damage":5,"enemies":"Shelled Parasite and Fungi","floor":27,"turns":4},{"damage":24,"enemies":"Snake Plant","floor":29,"turns":3},{"damage":7,"enemies":"Gremlin Leader","floor":30,"turns":5},{"damage":0,"enemies":"Centurion and Healer","floor":31,"turns":5},{"damage":6,"enemies":"Automaton","floor":33,"turns":6},{"damage":7,"enemies":"Orb Walker","floor":35,"turns":3},{"damage":0,"enemies":"Mind Bloom Boss Battle","floor":38,"turns":6},{"damage":51,"enemies":"Nemesis","floor":40,"turns":7},{"damage":26,"enemies":"Giant Head","floor":42,"turns":6},{"damage":49,"enemies":"3 Darklings","floor":44,"turns":4},{"damage":13,"enemies":"Writhing Mass","floor":45,"turns":4}],"seed_played":"562949718388703573","potions_obtained":[{"floor":6,"key":"Strength Potion"},{"floor":11,"key":"Block Potion"},{"floor":12,"key":"GamblersBrew"}],"is_trial":false,"path_per_floor":["M","M","?","?","?","E","$","R","T","E","M","M","R","?","R","B",null,"M","?","M","M","?","R","$","E","T","M","R","M","E","M","R","B",null,"M","$","?","?","?","E","R","E","T","M","M"],"character_chosen":"IRONCLAD","items_purchased":["Inflame","Ornamental Fan","Perfected Strike"],"campfire_rested":2,"item_purchase_floors":[7,24,24],"current_hp_per_floor":[79,84,84,66,88,54,54,54,54,52,58,53,53,53,53,50,79,63,63,58,59,59,59,59,15,15,16,42,24,33,39,68,68,91,94,94,84,94,108,67,67,51,51,12,0],"gold":594,"neow_bonus":"TEN_PERCENT_HP_BONUS","is_prod":false,"is_daily":false,"chose_seed":false,"campfire_upgraded":5,"win_rate":0,"timestamp":1550924390,"path_taken":["M","M","?","?","?","E","?","R","T","E","M","M","R","?","R","BOSS","M","?","M","?","?","R","$","E","T","?","R","M","E","M","R","BOSS","M","$","?","?","?","E","R","E","T","?","M"],"build_version":"2019-01-23","purchased_purges":0,"victory":false,"max_hp_per_floor":[88,88,88,88,88,88,88,88,88,88,88,88,88,88,88,88,88,88,88,88,88,88,88,88,88,88,88,88,88,98,98,98,98,98,98,98,98,98,108,108,108,108,108,108,108],"card_choices":[{"not_picked":["Heavy Blade","Evolve"],"picked":"Perfected Strike","floor":1},{"not_picked":["Shrug It Off","True Grit"],"picked":"Cleave","floor":2},{"not_picked":["Sentinel","Metallicize"],"picked":"Pommel Strike","floor":6},{"not_picked":["Exhume","Second Wind"],"picked":"Disarm","floor":10},{"not_picked":["Second Wind","Rupture"],"picked":"Intimidate","floor":11},{"not_picked":["Pommel Strike","Iron Wave"],"picked":"Twin Strike","floor":12},{"not_picked":["Immolate","Fiend Fire"],"picked":"Demon Form","floor":16},{"not_picked":["Body Slam","Anger"],"picked":"Infernal Blade","floor":18},{"not_picked":["Dual Wield","Iron Wave"],"picked":"Uppercut","floor":20},{"not_picked":["Flame Barrier","Burning Pact"],"picked":"Iron Wave+1","floor":21},{"not_picked":["Havoc","Hemokinesis+1"],"picked":"Iron Wave+1","floor":25},{"not_picked":["Sentinel","Fiend Fire"],"picked":"Battle Trance","floor":27},{"not_picked":["Pummel","Whirlwind"],"picked":"Iron Wave+1","floor":29},{"not_picked":["Uppercut+1","Thunderclap"],"picked":"Flex+1","floor":30},{"not_picked":["Iron Wave","Power Through+1"],"picked":"Metallicize","floor":31},{"not_picked":["Offering","Feed"],"picked":"Limit Break","floor":33},{"not_picked":["Havoc","Body Slam+1"],"picked":"Infernal Blade","floor":35},{"not_picked":["Blind","Trip"],"picked":"Metamorphosis","floor":37},{"not_picked":["Secret Weapon","Magnetism"],"picked":"Dark Shackles","floor":37},{"not_picked":["Secret Weapon","Good Instincts"],"picked":"Chrysalis","floor":37},{"not_picked":["True Grit","Fire Breathing"],"picked":"Headbutt","floor":38},{"not_picked":["Dual Wield","Combust+1"],"picked":"Heavy Blade+1","floor":40},{"not_picked":["Infernal Blade+1","Clash+1"],"picked":"Rupture","floor":42},{"not_picked":["Pommel Strike","Whirlwind+1"],"picked":"Heavy Blade+1","floor":44}],"player_experience":524748,"relics_obtained":[{"floor":6,"key":"Omamori"},{"floor":9,"key":"Bottled Lightning"},{"floor":10,"key":"Mercury Hourglass"},{"floor":25,"key":"Bottled Tornado"},{"floor":26,"key":"Ancient Tea Set"},{"floor":30,"key":"Pear"},{"floor":38,"key":"Champion Belt"},{"floor":40,"key":"Calipers"},{"floor":42,"key":"MawBank"},{"floor":43,"key":"Whetstone"}],"event_choices":[{"damage_healed":0,"gold_gain":0,"player_choice":"Grow","damage_taken":0,"max_hp_gain":0,"max_hp_loss":0,"event_name":"Living Wall","floor":3,"gold_loss":0,"cards_upgraded":["Bash"]},{"damage_healed":0,"gold_gain":0,"player_choice":"Entered Light","damage_taken":18,"max_hp_gain":0,"max_hp_loss":0,"event_name":"Shining Light","floor":4,"gold_loss":0,"cards_upgraded":["Cleave","Perfected Strike"]},{"damage_healed":22,"gold_gain":0,"player_choice":"Healed","damage_taken":0,"max_hp_gain":0,"max_hp_loss":0,"event_name":"The Cleric","floor":5,"gold_loss":35},{"damage_healed":0,"gold_gain":74,"player_choice":"Gained Gold","damage_taken":0,"max_hp_gain":0,"max_hp_loss":0,"event_name":"Golden Wing","floor":14,"gold_loss":0},{"damage_healed":0,"gold_gain":0,"player_choice":"Gave Potion","damage_taken":0,"relics_obtained":["Anchor"],"max_hp_gain":0,"max_hp_loss":0,"event_name":"WeMeetAgain","floor":19,"gold_loss":0},{"damage_healed":0,"gold_gain":100,"player_choice":"Bet on Murderer","damage_taken":0,"max_hp_gain":0,"max_hp_loss":0,"event_name":"The Joust","floor":22,"gold_loss":50},{"damage_healed":0,"gold_gain":0,"player_choice":"Memory 3","damage_taken":10,"max_hp_gain":0,"max_hp_loss":0,"event_name":"SensoryStone","floor":37,"gold_loss":0},{"damage_healed":0,"gold_gain":0,"player_choice":"Fight","damage_taken":0,"max_hp_gain":0,"max_hp_loss":0,"event_name":"MindBloom","floor":38,"gold_loss":0},{"cards_removed":["Chrysalis"],"damage_healed":4,"gold_gain":0,"player_choice":"Offered Rare","damage_taken":0,"max_hp_gain":10,"max_hp_loss":0,"event_name":"Bonfire Elementals","floor":39,"gold_loss":0}],"is_beta":false,"boss_relics":[{"not_picked":["Philosopher\u0027s Stone","Eternal Feather"],"picked":"Sozu"},{"not_picked":["Coffee Dripper","Empty Cage"],"picked":"Black Blood"}],"items_purged_floors":[],"is_endless":false,"potions_floor_spawned":[6,11,12,16,20,30,31,33,35,44],"killed_by":"Writhing Mass","ascension_level":9}