{"path_per_floor":["M","$","?","M","M","M","$","R","T","M","R","M","?","M","R","B",null,"M","M","?","M","M","R","M","R","T","?","R","?","$","?","R"],"character_chosen":"THE_SILENT","items_purchased":["Accuracy","All Out Attack","Tools of the Trade","Dramatic Entrance","Malaise"],"gold_per_floor":[118,11,11,25,42,56,56,56,134,148,148,166,231,246,246,343,343,356,368,368,384,394,394,412,412,412,412,412,412,15,15,15,15],"floor_reached":33,"campfire_rested":3,"playtime":1633,"current_hp_per_floor":[70,70,70,70,70,67,67,67,67,67,67,59,44,44,65,57,67,60,57,57,36,34,34,25,46,46,46,46,46,46,33,55,0],"items_purged":["Strike_G"],"gold":15,"score":299,"play_id":"1fb47640-fe2f-449a-8fe9-85b7f5e9c250","local_time":"20180404233720","is_prod":false,"is_daily":false,"is_ascension_mode":true,"campfire_upgraded":4,"timestamp":1522899440,"path_taken":["M","$","?","?","M","M","?","R","T","?","R","?","?","M","R","BOSS","M","M","?","M","M","R","M","R","T","?","R","?","$","?","R","BOSS"],"build_version":"2018-03-29v2","purchased_purges":1,"victory":false,"master_deck":["Defend_G","Defend_G","Defend_G","Defend_G","Defend_G","Strike_G","Strike_G","Strike_G","Strike_G","Survivor","Neutralize","Dagger Throw","Accuracy+1","All Out Attack","Blade Dance+1","Footwork","Cloak And Dagger+1","Leg Sweep","Dash","Backstab","Cloak And Dagger+1","Prepared","Cloak And Dagger+1","Dash+1","Bullet Time","Acrobatics","Accuracy+1","Tools of the Trade","Dramatic Entrance","Malaise"],"max_hp_per_floor":[70,70,70,70,70,70,70,70,70,70,70,70,70,70,70,70,70,70,70,70,70,70,70,70,70,70,70,70,70,70,75,75,75],"relics":["Ring of the Snake","Happy Flower","Toolbox","Juzu Bracelet","Sozu","Lantern","Dead Branch"],"card_choices":[{"not_picked":["Deflect","Outmaneuver"],"picked":"Dagger Throw","floor":1},{"not_picked":["Slice","Corpse Explosion"],"picked":"Blade Dance","floor":4},{"not_picked":["Sucker Punch","Deadly Poison"],"picked":"Footwork","floor":5},{"not_picked":["Concentrate","Quick Slash"],"picked":"Cloak And Dagger","floor":6},{"not_picked":["Setup","Calculated Gamble"],"picked":"Leg Sweep","floor":10},{"not_picked":["Flechettes","Expertise"],"picked":"Dash","floor":12},{"not_picked":["All Out Attack","Masterful Stab"],"picked":"Backstab","floor":13},{"not_picked":["Burst","Dagger Spray"],"picked":"Cloak And Dagger","floor":14},{"not_picked":["Dagger Throw","Quick Slash"],"picked":"Prepared","floor":18},{"not_picked":["Masterful Stab","Slice"],"picked":"Cloak And Dagger","floor":22},{"not_picked":["Leg Sweep","Deadly Poison"],"picked":"Dash","floor":24}],"player_experience":387647,"potions_floor_usage":[16,21,21],"damage_taken":[{"damage":0,"enemies":"2 Louse","floor":1,"turns":2},{"damage":0,"enemies":"Cultist","floor":4,"turns":3},{"damage":0,"enemies":"Small Slimes","floor":5,"turns":2},{"damage":3,"enemies":"Blue Slaver","floor":6,"turns":3},{"damage":0,"enemies":"Large Slime","floor":10,"turns":3},{"damage":8,"enemies":"Looter","floor":12,"turns":2},{"damage":15,"enemies":"Lagavulin Event","floor":13,"turns":5},{"damage":0,"enemies":"Blue Slaver","floor":14,"turns":2},{"damage":8,"enemies":"The Guardian","floor":16,"turns":11},{"damage":7,"enemies":"3 Byrds","floor":18,"turns":6},{"damage":3,"enemies":"Spheric Guardian","floor":19,"turns":4},{"damage":21,"enemies":"Cultist and Chosen","floor":21,"turns":8},{"damage":2,"enemies":"Slaver and Parasite","floor":22,"turns":5},{"damage":9,"enemies":"Snake Plant","floor":24,"turns":5},{"damage":55,"enemies":"Collector","floor":33,"turns":8}],"event_choices":[{"event_name":"Upgrade Shrine","player_choice":"Upgraded","floor":3,"damage_taken":0},{"event_name":"Dead Adventurer","player_choice":"Searched \u00272\u0027 times","floor":13,"damage_taken":0},{"event_name":"The Mausoleum","player_choice":"Yes","floor":20,"damage_taken":0},{"event_name":"Match and Keep!","player_choice":"2 cards matched","floor":27,"damage_taken":0},{"event_name":"Duplicator","player_choice":"One dupe","floor":29,"damage_taken":0},{"event_name":"Forgotten Altar","player_choice":"Shed Blood","floor":31,"damage_taken":0}],"boss_relics":[{"not_picked":["The Specimen","White Beast Statue"],"picked":"Sozu"}],"potions_floor_spawned":[4,5,6,10,21,24],"seed_played":"-1585851293824453809","killed_by":"Collector","ascension_level":5,"is_trial":false}