{"gold_per_floor":[113,113,42,117,131,160,171,171,171,206,206,223,240,266,266,370,370,390,40,40,52,64,96,96,58,107,141,52,52,52,71,71,174,174,193,206,53,68,83,183,183,196,196,206,57,57,7,38,38,38],"floor_reached":51,"playtime":3112,"items_purged":["Strike_R"],"score":920,"play_id":"6f475646-d044-48e8-82ba-cd0de50c63b4","local_time":"20181120013247","is_ascension_mode":true,"campfire_choices":[{"data":"Body Slam","floor":8.0,"key":"SMITH"},{"floor":15.0,"key":"REST"},{"floor":29,"key":"REST"},{"data":"Armaments","floor":32,"key":"SMITH"},{"floor":41,"key":"REST"},{"floor":46,"key":"REST"},{"floor":49,"key":"REST"}],"neow_cost":"NONE","seed_source_timestamp":509273174318258,"circlet_count":0,"master_deck":["Strike_R","Strike_R","Strike_R+1","Defend_R+1","Defend_R","Defend_R+1","Defend_R","Bash+1","Body Slam+1","Metallicize","Barricade","Body Slam","Body Slam","Feed","Dual Wield+1","Shrug It Off","Flame Barrier","Battle Trance","Armaments+1","Offering","Flame Barrier","Disarm","Finesse","Metallicize","Impervious","Flame Barrier","Reaper","Parasite","True Grit","Shrug It Off"],"special_seed":0,"relics":["Burning Blood","NeowsBlessing","Ancient Tea Set","Darkstone Periapt","War Paint","Question Card","Whetstone","Mark of Pain","Bronze Scales","Bottled Flame","Blood Vial","Ornamental Fan","Philosopher\u0027s Stone","Girya","Blue Candle","Art of War","Toxic Egg 2"],"potions_floor_usage":[50,50,50],"damage_taken":[{"damage":0.0,"enemies":"Jaw Worm","floor":1.0,"turns":1.0},{"damage":0.0,"enemies":"Cultist","floor":5.0,"turns":1.0},{"damage":0.0,"enemies":"3 Sentries","floor":6.0,"turns":2.0},{"damage":9.0,"enemies":"2 Louse","floor":7.0,"turns":3.0},{"damage":31.0,"enemies":"Gremlin Nob","floor":10.0,"turns":5.0},{"damage":20.0,"enemies":"Blue Slaver","floor":12.0,"turns":6.0},{"damage":27.0,"enemies":"Exordium Thugs","floor":13.0,"turns":7.0},{"damage":24.0,"enemies":"Hexaghost","floor":16.0,"turns":10.0},{"damage":31.0,"enemies":"Chosen","floor":18.0,"turns":8.0},{"damage":11.0,"enemies":"Shell Parasite","floor":21.0,"turns":4.0},{"damage":27.0,"enemies":"Snake Plant","floor":22.0,"turns":4.0},{"damage":28.0,"enemies":"Book of Stabbing","floor":23.0,"turns":7.0},{"damage":9.0,"enemies":"Slavers","floor":27.0,"turns":4.0},{"damage":0,"enemies":"Sentry and Sphere","floor":31,"turns":5},{"damage":31,"enemies":"Champ","floor":33,"turns":8},{"damage":6,"enemies":"Orb Walker","floor":35,"turns":5},{"damage":32,"enemies":"3 Darklings","floor":36,"turns":7},{"damage":21,"enemies":"Writhing Mass","floor":38,"turns":7},{"damage":23,"enemies":"4 Shapes","floor":39,"turns":9},{"damage":20,"enemies":"Mind Bloom Boss Battle","floor":40,"turns":6},{"damage":35,"enemies":"3 Darklings","floor":42,"turns":8},{"damage":47,"enemies":"Sphere and 2 Shapes","floor":44,"turns":8},{"damage":14,"enemies":"Reptomancer","floor":48,"turns":7},{"damage":61,"enemies":"Donu and Deca","floor":50,"turns":14}],"seed_played":"3380161025192020109","potions_obtained":[{"floor":1.0,"key":"Block Potion"},{"floor":5.0,"key":"SteroidPotion"},{"floor":6.0,"key":"SpeedPotion"},{"floor":12.0,"key":"EssenceOfSteel"},{"floor":21.0,"key":"SneckoOil"},{"floor":31,"key":"SneckoOil"},{"floor":38,"key":"SkillPotion"},{"floor":40,"key":"Dexterity Potion"}],"is_trial":false,"path_per_floor":["M","?","$","?","M","E","M","R","T","E","T","M","M","T","R","B",null,"M","$","?","M","M","E","?","$","T","E","$","R","?","M","R","B",null,"M","M","$","M","M","?","R","M","T","M","$","R","$","E","R","B",null],"character_chosen":"IRONCLAD","items_purchased":["Metallicize","Shrug It Off","Flame Barrier","Bronze Scales","Disarm","Finesse","Reaper","Art of War","Shrug It Off"],"campfire_rested":5,"item_purchase_floors":[3,19,19,19,25,28,37,45,47],"current_hp_per_floor":[80,85,85,74,80,85,82,82,82,57,57,43,22,22,47,29,85,63,63,63,58,40,18,18,18,18,20,20,48,48,56,56,33,94,94,68,68,65,53,45,75,58,58,26,26,57,57,63,94,52],"gold":38,"neow_bonus":"THREE_ENEMY_KILL","is_prod":false,"is_daily":false,"chose_seed":false,"campfire_upgraded":2,"win_rate":0,"timestamp":1542695567,"path_taken":["M","?","$","?","M","E","M","R","T","E","?","?","M","?","R","BOSS","M","$","?","M","M","E","?","$","T","E","$","R","?","M","R","BOSS","M","M","$","M","M","?","R","M","T","M","$","R","$","E","R","BOSS"],"build_version":"2018-11-15","purchased_purges":1,"victory":true,"max_hp_per_floor":[80,85,85,85,85,85,85,85,85,85,85,85,85,85,85,85,85,88,88,88,88,91,91,91,91,91,94,94,94,94,94,94,94,94,94,94,94,100,103,103,103,103,103,106,106,106,106,106,106,109],"card_choices":[{"not_picked":["Sever Soul","Sword Boomerang"],"picked":"Body Slam","floor":1.0},{"not_picked":["Warcry","Cleave","Heavy Blade"],"picked":"SKIP","floor":5.0},{"not_picked":["Havoc","Evolve"],"picked":"Barricade","floor":6.0},{"not_picked":["Heavy Blade","Blood for Blood","Searing Blow"],"picked":"SKIP","floor":7.0},{"not_picked":["Cleave","Twin Strike"],"picked":"Body Slam","floor":10.0},{"not_picked":["Pommel Strike","Combust","Whirlwind"],"picked":"Body Slam","floor":12.0},{"not_picked":["Anger","Sword Boomerang","Headbutt","Second Wind"],"picked":"SKIP","floor":13.0},{"not_picked":["Berserk","Immolate","Exhume"],"picked":"Feed","floor":16.0},{"not_picked":["Rage+1","Havoc+1","Pommel Strike"],"picked":"Dual Wield+1","floor":18.0},{"not_picked":["Searing Blow+1","Body Slam","Warcry"],"picked":"Battle Trance","floor":21.0},{"not_picked":["Pommel Strike","Iron Wave","Body Slam"],"picked":"Armaments","floor":22.0},{"not_picked":["Sword Boomerang","Warcry","Body Slam"],"picked":"Offering","floor":23.0},{"not_picked":["Intimidate+1","Rupture","Clash","Havoc+1"],"picked":"SKIP","floor":27.0},{"not_picked":["Sever Soul+1","Rupture","Clash"],"picked":"Metallicize","floor":31},{"not_picked":["Dark Embrace","Reaper","Berserk"],"picked":"Impervious","floor":33},{"not_picked":["Rampage+1","Pommel Strike","Sword Boomerang"],"picked":"Flame Barrier","floor":35},{"not_picked":["Perfected Strike","Flex+1","Bloodletting","Cleave"],"picked":"SKIP","floor":36},{"not_picked":["Sever Soul","Iron Wave+1","Flex","Armaments"],"picked":"SKIP","floor":38},{"not_picked":["Perfected Strike","Bloodletting+1","Hemokinesis+1"],"picked":"True Grit","floor":39},{"not_picked":["Barricade","Warcry+1","Wild Strike+1","Anger+1"],"picked":"SKIP","floor":42},{"not_picked":["Havoc+1","Blood for Blood","Sentinel+1","Clothesline"],"picked":"SKIP","floor":44},{"not_picked":["Pommel Strike+1","Sever Soul","Twin Strike+1","Evolve"],"picked":"SKIP","floor":48}],"player_experience":821885,"relics_obtained":[{"floor":6.0,"key":"Ancient Tea Set"},{"floor":9.0,"key":"Darkstone Periapt"},{"floor":10.0,"key":"War Paint"},{"floor":11.0,"key":"Question Card"},{"floor":14.0,"key":"Whetstone"},{"floor":23.0,"key":"Bottled Flame"},{"floor":26.0,"key":"Blood Vial"},{"floor":27.0,"key":"Ornamental Fan"},{"floor":40,"key":"Girya"},{"floor":43,"key":"Blue Candle"},{"floor":48,"key":"Toxic Egg 2"}],"event_choices":[{"damage_healed":0.0,"max_hp_gain":5.0,"max_hp_loss":0.0,"gold_gain":0.0,"event_name":"Big Fish","player_choice":"Donut","floor":2.0,"gold_loss":0.0,"damage_taken":0.0},{"damage_healed":0.0,"max_hp_gain":0.0,"max_hp_loss":0.0,"gold_gain":75.0,"event_name":"World of Goop","player_choice":"Gather Gold","floor":4.0,"gold_loss":0.0,"damage_taken":11.0},{"damage_healed":0.0,"max_hp_gain":0.0,"max_hp_loss":0.0,"gold_gain":0.0,"event_name":"Vampires","player_choice":"Ignored","floor":20.0,"gold_loss":0.0,"damage_taken":0.0},{"damage_healed":0.0,"max_hp_gain":0.0,"max_hp_loss":0.0,"gold_gain":0.0,"event_name":"The Library","player_choice":"Read","floor":24.0,"gold_loss":0.0,"damage_taken":0.0,"cards_obtained":["Flame Barrier"]},{"cards_removed":["Strike_R"],"damage_healed":0,"gold_gain":0,"player_choice":"Offered Basic","damage_taken":0,"max_hp_gain":0,"max_hp_loss":0,"event_name":"Bonfire Elementals","floor":30,"gold_loss":0},{"damage_healed":0,"gold_gain":0,"player_choice":"Fight","damage_taken":0,"max_hp_gain":0,"max_hp_loss":0,"event_name":"MindBloom","floor":40,"gold_loss":0}],"is_beta":false,"boss_relics":[{"not_picked":["Snecko Eye","Tiny House"],"picked":"Mark of Pain"},{"not_picked":["Pandora\u0027s Box","Fusion Hammer"],"picked":"Philosopher\u0027s Stone"}],"items_purged_floors":[19],"is_endless":false,"potions_floor_spawned":[1,5,6,12,21,31,38,40,44],"ascension_level":4}