{"path_per_floor":["M","$","?","?","M","E","R","$","T","E","R","M","E","M","R","B",null,"M","T","M","?","M","R","E","M","T","R","M","R","M","?","R"],"character_chosen":"DEFECT","items_purchased":["Apotheosis"],"gold_per_floor":[363,288,288,288,305,333,333,38,38,72,72,86,113,124,124,222,222,242,242,252,252,270,270,300,311,311,311,325,325,344,344,344,344],"floor_reached":33,"campfire_rested":0,"playtime":1339,"item_purchase_floors":[8],"current_hp_per_floor":[73,73,70,70,69,53,53,53,53,41,41,40,48,38,38,34,75,70,70,75,75,70,70,56,66,66,66,76,76,61,45,45,0],"items_purged":["Writhe","Strike_B"],"gold":344,"score":299,"play_id":"3623b7ab-8db5-4616-a06c-8d73e6f907f0","local_time":"20180602204130","is_prod":false,"is_daily":false,"chose_seed":false,"is_ascension_mode":true,"campfire_upgraded":7,"win_rate":0.0,"timestamp":1527939690,"campfire_choices":[{"data":"Zap","floor":7,"key":"SMITH"},{"data":"White Noise","floor":11,"key":"SMITH"},{"data":"Dualcast","floor":15,"key":"SMITH"},{"data":"Apotheosis","floor":23,"key":"SMITH"},{"data":"Static Discharge","floor":27,"key":"SMITH"},{"data":"Loop","floor":29,"key":"SMITH"},{"data":"Scrape","floor":32,"key":"SMITH"}],"path_taken":["M","$","?","?","M","E","R","$","T","E","R","?","E","M","R","BOSS","M","?","?","?","M","R","E","?","T","R","M","R","?","?","R","BOSS"],"build_version":"2018-05-31","seed_source_timestamp":860737030945012,"purchased_purges":2,"victory":false,"master_deck":["Strike_B","Strike_B","Defend_B","Defend_B","Defend_B","Defend_B","Zap+1","Dualcast+1","Ball Lightning","Stack","Scrape+1","White Noise+1","Apotheosis+1","Loop+1","Self Repair+1","Go for the Eyes+1","Scrape+1","Static Discharge+1"],"max_hp_per_floor":[75,75,75,75,75,75,75,75,75,75,75,75,75,75,75,75,75,75,75,75,75,75,75,82,82,82,82,82,82,82,87,87,87],"relics":["Cracked Core","Meat on the Bone","Bronze Scales","Molten Egg 2","Boot","Blue Candle","Sozu","Darkstone Periapt","Bag of Preparation","Strawberry","Ice Cream"],"card_choices":[{"not_picked":["Skim","Streamline"],"picked":"Ball Lightning","floor":1},{"not_picked":["Blizzard","Rebound"],"picked":"Scrape","floor":5},{"not_picked":["Leap","Ball Lightning"],"picked":"White Noise","floor":6},{"not_picked":["Rebound+1","Coolheaded"],"picked":"Loop","floor":10},{"not_picked":["Steam","Darkness","Reinforced Body"],"picked":"SKIP","floor":12},{"not_picked":["Hologram","Auto Shields","Rebound+1"],"picked":"SKIP","floor":13},{"not_picked":["Hologram","Fission","Aggregate"],"picked":"SKIP","floor":14},{"not_picked":["Genetic Algorithm+1","Blizzard+1"],"picked":"Self Repair+1","floor":18},{"not_picked":["Doom and Gloom+1","Hologram"],"picked":"Go for the Eyes+1","floor":20},{"not_picked":["Ball Lightning+1","Aggregate"],"picked":"Scrape+1","floor":22},{"not_picked":["Leap","Fission","Conserve Battery"],"picked":"SKIP","floor":24},{"not_picked":["Scrape+1","Genetic Algorithm"],"picked":"Static Discharge","floor":25},{"not_picked":["Aggregate","Go for the Eyes+1","Hello World"],"picked":"SKIP","floor":28},{"not_picked":["Barrage+1","Sweeping Beam+1","Compile Driver+1"],"picked":"SKIP","floor":30}],"player_experience":741577,"potions_floor_usage":[10,16],"damage_taken":[{"damage":2,"enemies":"2 Louse","floor":1,"turns":2},{"damage":1,"enemies":"Jaw Worm","floor":5,"turns":2},{"damage":16,"enemies":"3 Sentries","floor":6,"turns":5},{"damage":12,"enemies":"Gremlin Nob","floor":10,"turns":3},{"damage":1,"enemies":"Cultist","floor":12,"turns":3},{"damage":4,"enemies":"Lagavulin","floor":13,"turns":6},{"damage":10,"enemies":"2 Fungi Beasts","floor":14,"turns":3},{"damage":16,"enemies":"Slime Boss","floor":16,"turns":7},{"damage":5,"enemies":"Shell Parasite","floor":18,"turns":5},{"damage":0,"enemies":"Chosen","floor":20,"turns":5},{"damage":15,"enemies":"Snake Plant","floor":22,"turns":3},{"damage":31,"enemies":"Gremlin Leader","floor":24,"turns":6},{"damage":0,"enemies":"Snecko","floor":25,"turns":4},{"damage":0,"enemies":"Chosen and Byrds","floor":28,"turns":7},{"damage":25,"enemies":"Slaver and Parasite","floor":30,"turns":3},{"damage":50,"enemies":"Automaton","floor":33,"turns":6}],"relics_obtained":[{"floor":6,"key":"Bronze Scales"},{"floor":9,"key":"Molten Egg 2"},{"floor":10,"key":"Boot"},{"floor":13,"key":"Blue Candle"},{"floor":19,"key":"Darkstone Periapt"},{"floor":24,"key":"Strawberry"},{"floor":26,"key":"Ice Cream"}],"event_choices":[{"event_name":"Scrap Ooze","player_choice":"success","floor":3,"damage_taken":3},{"event_name":"Transmorgrifier","player_choice":"Transform","floor":4,"damage_taken":0},{"event_name":"The Mausoleum","player_choice":"Yes","floor":21,"damage_taken":0},{"event_name":"Forgotten Altar","player_choice":"Shed Blood","floor":31,"damage_taken":0}],"boss_relics":[{"not_picked":["Nuclear Battery","Orrery"],"picked":"Sozu"}],"items_purged_floors":[2,8],"potions_floor_spawned":[1,6,12,24,30],"seed_played":"-511938400169378659","killed_by":"Automaton","ascension_level":1,"potions_obtained":[{"floor":1,"key":"SpeedPotion"},{"floor":6,"key":"Poison Potion"},{"floor":12,"key":"FocusPotion"}],"is_trial":false}