{"path_per_floor":["M","M","?","M","$","E","M","R","T","M","M","R","M","M","R","B",null,"M","M","?","M","M","R","?","M","T","R","M","R","M","M","R"],"character_chosen":"IRONCLAD","items_purchased":[],"gold_per_floor":[115,130,130,144,69,100,114,114,114,126,145,145,165,185,185,285,285,304,284,284,296,315,315,315,329,377,377,387,387,406,426,426],"floor_reached":33,"campfire_rested":4,"playtime":2256,"current_hp_per_floor":[63,62,62,64,64,21,27,48,48,49,47,47,52,51,51,42,72,67,58,58,61,58,58,58,20,20,41,16,37,42,14,35],"items_purged":["Defend_R"],"gold":426,"play_id":"1c6ef272-57d2-44f1-9459-1850f13dd42b","is_prod":false,"is_daily":false,"campfire_rituals":0,"campfire_upgraded":3,"is_hardmode":false,"path_taken":["M","M","?","M","$","E","M","R","T","M","M","R","M","M","R","BOSS","M","?","?","M","?","R","?","M","T","R","M","R","M","M","R","BOSS"],"build_version":"2018-01-18-PROD4","purchased_purges":1,"victory":false,"master_deck":["Strike_R","Strike_R","Strike_R","Strike_R","Strike_R","Defend_R","Defend_R","Bash","Shrug It Off","Dropkick","Seeing Red","Shockwave","Spot Weakness","Rampage","Clothesline","Double Tap","Evolve","Pommel Strike","Shrug It Off","Uppercut","Uppercut","Battle Trance"],"max_hp_per_floor":[72,72,72,72,72,72,72,72,72,72,72,72,72,72,72,72,72,72,72,72,72,72,72,72,72,72,72,72,72,72,72,72],"relics":["Burning Blood","Peace Pipe","War Paint","Champion Belt","Question Card","Dream Catcher"],"campfire_meditates":0,"card_choices":[{"not_picked":["Cleave","Anger"],"picked":"Shrug It Off"},{"not_picked":["Flex","Pommel Strike"],"picked":"Dropkick"},{"not_picked":["Infernal Blade","Flex"],"picked":"Shockwave"},{"not_picked":["Iron Wave","Limit Break"],"picked":"Spot Weakness"},{"not_picked":["Rupture","Feel No Pain"],"picked":"Rampage"},{"not_picked":["Power Through","True Grit"],"picked":"Clothesline"},{"not_picked":["Brutality","Bludgeon"],"picked":"Double Tap"},{"not_picked":["Wild Strike","Clothesline","Clash"],"picked":"Evolve"},{"not_picked":["Cleave","Evolve","Double Tap"],"picked":"Pommel Strike"},{"not_picked":["Anger","Shrug It Off","Flex"],"picked":"Uppercut"},{"not_picked":["Shrug It Off","Ghostly Armor","True Grit"],"picked":"Uppercut"},{"not_picked":["Armaments","Body Slam","Iron Wave"],"picked":"Battle Trance"}],"player_experience":148209,"potions_floor_usage":[7,13,16,16,21,22,30,31],"damage_taken":[{"damage":15,"enemies":"Jaw Worm","floor":1,"turns":4},{"damage":7,"enemies":"Cultist","floor":2,"turns":5},{"damage":4,"enemies":"Blue Slaver","floor":4,"turns":5},{"damage":49,"enemies":"Lagavulin","floor":6,"turns":7},{"damage":0,"enemies":"Lots of Slimes","floor":7,"turns":4},{"damage":5,"enemies":"Looter","floor":10,"turns":3},{"damage":8,"enemies":"2 Fungi Beasts","floor":11,"turns":3},{"damage":1,"enemies":"Red Slaver","floor":13,"turns":4},{"damage":7,"enemies":"Looter","floor":14,"turns":3},{"damage":15,"enemies":"Slime Boss","floor":16,"turns":8},{"damage":11,"enemies":"3 Byrds","floor":18,"turns":6},{"damage":15,"enemies":"2 Thieves","floor":19,"turns":4},{"damage":3,"enemies":"Centurion and Healer","floor":21,"turns":5},{"damage":9,"enemies":"Snecko","floor":22,"turns":4},{"damage":44,"enemies":"Sentry and Sphere","floor":25,"turns":7},{"damage":31,"enemies":"Snake Plant","floor":28,"turns":6},{"damage":1,"enemies":"Centurion and Healer","floor":30,"turns":5},{"damage":34,"enemies":"Sentry and Sphere","floor":31,"turns":7},{"damage":29,"enemies":"Collector","floor":33,"turns":5}],"event_choices":[{"event_name":"Living Wall","player_choice":"Change","floor":3,"damage_taken":0},{"event_name":"Drug Dealer","player_choice":"Ignored","floor":20,"damage_taken":0},{"event_name":"The Library","player_choice":"Read","floor":24,"damage_taken":0}],"boss_relics":[{"not_picked":["Orrery","Runic Cube"],"picked":"Question Card"}],"potions_floor_spawned":[6,10,11,13,19,21,28,30,31],"seed_played":"-6319728290348945520","killed_by":"Collector","is_trial":false}