{"path_per_floor":["M","?","?","?","M","R","M","R","T","R","$","M","E","M","R","B",null,"M","M","M","$","?","R","E","M","T"],"character_chosen":"THE_SILENT","items_purchased":["Poisoned Stab","Ancient Tea Set","Footwork","Blur"],"gold_per_floor":[117,117,117,192,211,211,230,230,256,256,15,25,60,75,75,176,176,186,200,212,63,63,63,94,111,111],"floor_reached":27,"campfire_rested":2,"playtime":2070,"current_hp_per_floor":[70,70,70,59,59,59,59,59,59,59,59,61,66,65,84,62,91,59,57,31,31,31,58,28,4,4],"items_purged":["Pain"],"gold":111,"play_id":"efe7e942-61b8-4116-89e6-468561daaec4","is_prod":false,"is_daily":false,"is_ascension_mode":false,"campfire_upgraded":3,"path_taken":["M","?","?","?","M","R","?","R","T","R","$","M","E","M","R","BOSS","M","M","M","$","?","R","E","M","T","M"],"build_version":"2018-02-01-PROD3","purchased_purges":1,"victory":false,"master_deck":["Defend_G","Defend_G","Defend_G","Defend_G","Defend_G","Strike_G","Strike_G","Strike_G","Strike_G","Survivor","Neutralize","Bouncing Flask+1","Dodge and Roll","PiercingWail+1","PiercingWail+1","Poisoned Stab","Footwork","Crippling Poison","Footwork","Cloak And Dagger","After Image","Pain","Parasite","Catalyst","Malaise","Predator","Blur","Blade Dance+1","Dash+1","Backflip"],"max_hp_per_floor":[70,70,70,70,70,70,70,70,70,70,70,70,84,84,84,84,91,91,91,91,91,91,91,91,91,91],"relics":["Ring of the Snake","Blood Vial","Ancient Tea Set","Mango","Calling Bell","Strawberry","Sundial","Dream Catcher","Girya","Bird Faced Urn"],"card_choices":[{"not_picked":["Bane","Underhanded Strike"],"picked":"Bouncing Flask"},{"not_picked":["Calculated Gamble","Deflect"],"picked":"Dodge and Roll"},{"not_picked":["Eviscerate","Backflip"],"picked":"PiercingWail"},{"not_picked":["Sucker Punch","Calculated Gamble"],"picked":"PiercingWail"},{"not_picked":["Underhanded Strike","PiercingWail"],"picked":"Crippling Poison"},{"not_picked":["Finisher","Reflex"],"picked":"Footwork"},{"not_picked":["Endless Agony","Slice"],"picked":"Cloak And Dagger"},{"not_picked":["Unload","A Thousand Cuts"],"picked":"After Image"},{"not_picked":["Endless Agony","Prepared"],"picked":"Catalyst"},{"not_picked":["Choke","Masterful Stab"],"picked":"Malaise"},{"not_picked":["Dagger Spray","Calculated Gamble"],"picked":"Predator"},{"not_picked":["Underhanded Strike","Calculated Gamble"],"picked":"Blade Dance"},{"not_picked":["Outmaneuver","Distraction"],"picked":"Dash"},{"not_picked":["Acrobatics","Dagger Spray"],"picked":"Backflip"}],"player_experience":60492,"potions_floor_usage":[16,24,24,24],"damage_taken":[{"damage":0.0,"enemies":"Jaw Worm","floor":1.0,"turns":5.0},{"damage":0,"enemies":"Blue Slaver","floor":5,"turns":4},{"damage":0,"enemies":"Cultist","floor":7,"turns":4},{"damage":0,"enemies":"3 Louse","floor":12,"turns":5},{"damage":11,"enemies":"3 Sentries","floor":13,"turns":9},{"damage":3,"enemies":"Red Slaver","floor":14,"turns":4},{"damage":22,"enemies":"Hexaghost","floor":16,"turns":10},{"damage":32,"enemies":"Spheric Guardian","floor":18,"turns":6},{"damage":4,"enemies":"Chosen","floor":19,"turns":5},{"damage":28,"enemies":"Snake Plant","floor":20,"turns":6},{"damage":47,"enemies":"Gremlin Leader","floor":24,"turns":14},{"damage":26,"enemies":"Centurion and Healer","floor":25,"turns":17},{"damage":8,"enemies":"Sentry and Sphere","floor":27,"turns":2}],"event_choices":[{"event_name":"The Lab","player_choice":"Got Potions","floor":2.0,"damage_taken":0.0},{"event_name":"Bonfire Elementals","player_choice":"BASIC","floor":3,"damage_taken":0},{"event_name":"World of Goop","player_choice":"Gather Gold","floor":4,"damage_taken":0},{"event_name":"Addict","player_choice":"Ignored","floor":22,"damage_taken":0}],"boss_relics":[{"not_picked":["Question Card","Black Star"],"picked":"Calling Bell"}],"potions_floor_spawned":[1,5,13,16,24,25],"seed_played":"-5925708049312628717","killed_by":"Sentry and Sphere","ascension_level":0,"is_trial":false}