{"gold_per_floor":[116,129,20,36,55,55,55,84,133,133,151,151,171,196,196,270,270,286,286,15,34,54,54,79,79,129,144,144,144,144,158,158,236,236,252,152,172,172,272,272,346,346],"floor_reached":42,"playtime":5200,"items_purged":["Doubt","Pain"],"score":724,"play_id":"338bbb52-8914-478b-bcb5-89d276fca633","local_time":"20190222140822","is_ascension_mode":true,"campfire_choices":[{"data":"Armaments","floor":6,"key":"SMITH"},{"data":"True Grit","floor":12,"key":"SMITH"},{"data":"Metallicize","floor":15,"key":"SMITH"},{"floor":23,"key":"REST"},{"floor":25,"key":"REST"},{"data":"Barricade","floor":28,"key":"SMITH"},{"data":"Dark Embrace","floor":32,"key":"SMITH"},{"floor":40,"key":"REST"}],"neow_cost":"CURSE","seed_source_timestamp":174865402962700,"circlet_count":0,"master_deck":["AscendersBane","Strike_R","Strike_R","Strike_R","Defend_R","Defend_R","Defend_R","Defend_R","Bash","Armaments+1","Inflame","Whirlwind","Metallicize+1","Disarm","Metallicize+1","True Grit+1","Rampage","Offering","Writhe","Shockwave","Barricade+1","Headbutt+1","Sword Boomerang","Dark Embrace+1","Reaper","Writhe","Shame","Dark Shackles","Secret Weapon","Deep Breath","Flame Barrier+1","Disarm+1"],"relics":["Burning Blood","Torii","Ornamental Fan","Bronze Scales","Pen Nib","Lizard Tail","Orichalcum","Chemical X","Mummified Hand","Dream Catcher","Calling Bell","Ancient Tea Set","Shuriken","Charon\u0027s Ashes","Prayer Wheel"],"potions_floor_usage":[11,14,14,24,31,33],"damage_taken":[{"damage":14,"enemies":"Small Slimes","floor":1,"turns":4},{"damage":1,"enemies":"Cultist","floor":2,"turns":4},{"damage":9,"enemies":"2 Louse","floor":4,"turns":3},{"damage":12,"enemies":"Looter","floor":5,"turns":4},{"damage":22,"enemies":"3 Sentries","floor":8,"turns":9},{"damage":3,"enemies":"3 Louse","floor":11,"turns":3},{"damage":1,"enemies":"Blue Slaver","floor":13,"turns":4},{"damage":2,"enemies":"Lagavulin","floor":14,"turns":10},{"damage":29,"enemies":"The Guardian","floor":16,"turns":11},{"damage":24,"enemies":"Spheric Guardian","floor":18,"turns":8},{"damage":23,"enemies":"Shell Parasite","floor":21,"turns":6},{"damage":10,"enemies":"3 Cultists","floor":22,"turns":6},{"damage":23,"enemies":"Book of Stabbing","floor":24,"turns":7},{"damage":8,"enemies":"Snecko","floor":27,"turns":4},{"damage":1,"enemies":"Centurion and Healer","floor":31,"turns":6},{"damage":41,"enemies":"Champ","floor":33,"turns":15},{"damage":12,"enemies":"Orb Walker","floor":35,"turns":3},{"damage":23,"enemies":"3 Shapes","floor":37,"turns":4},{"damage":25,"enemies":"Mind Bloom Boss Battle","floor":39,"turns":8},{"damage":147,"enemies":"Giant Head","floor":42,"turns":10}],"seed_played":"2560072184599912364","potions_obtained":[{"floor":2,"key":"BloodPotion"},{"floor":4,"key":"SpeedPotion"},{"floor":11,"key":"Weak Potion"},{"floor":22,"key":"Explosive Potion"},{"floor":24,"key":"Weak Potion"},{"floor":27,"key":"Poison Potion"},{"floor":39,"key":"SteroidPotion"}],"is_trial":false,"path_per_floor":["M","M","$","M","M","R","$","E","T","?","M","R","M","E","R","B",null,"M","?","$","M","M","R","E","R","T","M","R","?","?","M","R","B",null,"M","$","M","?","?","R","T","E"],"character_chosen":"IRONCLAD","items_purchased":["Whirlwind","Chemical X","Shockwave"],"campfire_rested":3,"item_purchase_floors":[3,20,20],"current_hp_per_floor":[60,65,65,62,56,56,56,40,40,40,50,50,55,59,59,36,65,47,47,47,30,26,48,31,53,53,51,51,51,51,56,56,21,62,56,56,65,55,36,58,58,0],"gold":346,"neow_bonus":"ONE_RARE_RELIC","is_prod":false,"is_daily":false,"chose_seed":false,"campfire_upgraded":5,"win_rate":0,"timestamp":1550862502,"path_taken":["M","M","$","M","M","R","$","E","T","?","?","R","M","E","R","BOSS","M","?","$","M","M","R","E","R","T","M","R","?","?","M","R","BOSS","M","$","M","?","?","R","?","E"],"build_version":"2019-01-23","purchased_purges":2,"victory":false,"max_hp_per_floor":[75,75,75,75,75,75,75,75,75,75,75,75,75,75,75,75,75,75,75,75,75,75,75,75,75,75,75,75,75,75,75,75,75,75,75,75,75,75,75,75,75,75],"card_choices":[{"not_picked":["Carnage","Pommel Strike"],"picked":"Armaments","floor":1},{"not_picked":["Clothesline","Double Tap"],"picked":"Inflame","floor":2},{"not_picked":["Power Through","True Grit"],"picked":"Metallicize","floor":4},{"not_picked":["Headbutt","Combust"],"picked":"Disarm","floor":5},{"not_picked":["Warcry","Twin Strike"],"picked":"Metallicize","floor":8},{"not_picked":["Wild Strike","Heavy Blade"],"picked":"True Grit","floor":11},{"not_picked":["Cleave","Bloodletting","Infernal Blade"],"picked":"SKIP","floor":13},{"not_picked":["Shrug It Off","Power Through"],"picked":"Rampage","floor":14},{"not_picked":["Berserk","Bludgeon"],"picked":"Offering","floor":16},{"not_picked":["Headbutt","Sword Boomerang","True Grit"],"picked":"SKIP","floor":18},{"not_picked":["Body Slam","Warcry","Wild Strike"],"picked":"SKIP","floor":21},{"not_picked":["Flex","Uppercut"],"picked":"Barricade","floor":22},{"not_picked":["Pummel","Sword Boomerang"],"picked":"Headbutt+1","floor":24},{"not_picked":["Evolve","Anger","Burning Pact"],"picked":"SKIP","floor":27},{"not_picked":["Havoc","Anger","Cleave+1"],"picked":"SKIP","floor":31},{"not_picked":["Dark Embrace","Bludgeon"],"picked":"Reaper","floor":33},{"not_picked":["Sentinel","Havoc+1","Rage"],"picked":"SKIP","floor":35},{"not_picked":["Clash","True Grit+1","Headbutt"],"picked":"SKIP","floor":37},{"not_picked":["Violence","Mayhem"],"picked":"Dark Shackles","floor":38},{"not_picked":["Forethought","Dramatic Entrance"],"picked":"Secret Weapon","floor":38},{"not_picked":["Mind Blast","Apotheosis"],"picked":"Deep Breath","floor":38},{"not_picked":["Rage","True Grit"],"picked":"Flame Barrier+1","floor":39},{"not_picked":["Pommel Strike","Evolve"],"picked":"Disarm+1","floor":40}],"player_experience":1299612,"relics_obtained":[{"floor":8,"key":"Ornamental Fan"},{"floor":9,"key":"Bronze Scales"},{"floor":14,"key":"Pen Nib"},{"floor":24,"key":"Mummified Hand"},{"floor":26,"key":"Dream Catcher"},{"floor":34,"key":"Ancient Tea Set"},{"floor":34,"key":"Shuriken"},{"floor":34,"key":"Charon\u0027s Ashes"},{"floor":39,"key":"Prayer Wheel"}],"event_choices":[{"damage_healed":0,"gold_gain":0,"player_choice":"Forge","damage_taken":0,"max_hp_gain":0,"max_hp_loss":0,"event_name":"Accursed Blacksmith","floor":10,"gold_loss":0,"cards_upgraded":["Metallicize"]},{"damage_healed":0,"gold_gain":0,"player_choice":"Opened","damage_taken":0,"relics_obtained":["Orichalcum"],"max_hp_gain":0,"max_hp_loss":0,"event_name":"The Mausoleum","floor":19,"gold_loss":0,"cards_obtained":["Writhe"]},{"damage_healed":0,"gold_gain":0,"cards_transformed":["Strike_R","Strike_R"],"player_choice":"Became Test Subject","damage_taken":0,"max_hp_gain":0,"max_hp_loss":0,"event_name":"Drug Dealer","floor":29,"gold_loss":0,"cards_obtained":["Sword Boomerang","Dark Embrace"]},{"damage_healed":0,"gold_gain":0,"player_choice":"Ignored","damage_taken":0,"max_hp_gain":0,"max_hp_loss":0,"event_name":"Ghosts","floor":30,"gold_loss":0},{"damage_healed":0,"gold_gain":0,"player_choice":"Memory 3","damage_taken":10,"max_hp_gain":0,"max_hp_loss":0,"event_name":"SensoryStone","floor":38,"gold_loss":0},{"damage_healed":0,"gold_gain":0,"player_choice":"Fight","damage_taken":0,"max_hp_gain":0,"max_hp_loss":0,"event_name":"MindBloom","floor":39,"gold_loss":0}],"is_beta":false,"boss_relics":[{"not_picked":["Astrolabe","Eternal Feather"],"picked":"Lizard Tail"},{"not_picked":["Fusion Hammer","Black Blood"],"picked":"Calling Bell"}],"items_purged_floors":[3,36],"is_endless":false,"potions_floor_spawned":[2,4,11,13,22,24,27,39],"killed_by":"Giant Head","ascension_level":14}