{"path_per_floor":["M","?","M","$","M","E","?","E","T","E","R","?","$","?","R","B",null,"M","M","?","$","?","R","E","M","T","R","M","?","E","M","R"],"character_chosen":"IRONCLAD","items_purchased":["Shrug It Off","Regen Potion"],"gold_per_floor":[117,117,133,13,27,55,55,89,114,149,149,149,1,1,1,99,99,112,122,122,122,122,122,154,174,174,174,191,191,216,234,234],"floor_reached":33,"campfire_rested":0,"playtime":2991,"current_hp_per_floor":[72,69,69,69,60,54,54,35,35,32,32,37,37,37,37,38,65,70,70,70,70,54,54,42,44,44,44,26,26,35,29,29],"items_purged":["Strike_R","Strike_R"],"gold":234,"play_id":"33d709af-835c-44e8-9ea5-800c73d176b9","is_prod":false,"is_daily":false,"is_ascension_mode":true,"campfire_upgraded":5,"path_taken":["M","?","M","$","M","E","?","E","T","E","R","?","$","?","R","BOSS","M","M","?","$","?","R","E","M","T","R","M","?","E","M","R","BOSS"],"build_version":"2018-02-01-PROD3","purchased_purges":2,"victory":false,"master_deck":["Strike_R","Strike_R","Strike_R","Defend_R","Defend_R","Defend_R+1","Defend_R+1","Bash+1","Clothesline+1","Shrug It Off","Inflame","True Grit+1","Iron Wave","Dark Embrace","Rampage+1","Double Tap+1","Shrug It Off","Necronomicurse","Whirlwind+1","Battle Trance","Havoc+1"],"max_hp_per_floor":[72,69,69,69,69,69,69,69,69,69,69,74,74,74,74,74,74,74,74,74,74,74,74,74,74,74,74,74,74,76,78,78],"relics":["Burning Blood","Gambling Chip","Mercury Hourglass","Du-Vu Doll","Art of War","Juzu Bracelet","Runic Dome","Necronomicon","Omamori","Bird Faced Urn","War Paint","Singing Bowl"],"card_choices":[{"not_picked":["Entrench","True Grit"],"picked":"Clothesline"},{"not_picked":["Wild Strike","True Grit"],"picked":"Inflame"},{"not_picked":["Berserk","Wild Strike"],"picked":"True Grit"},{"not_picked":["Armaments","Anger"],"picked":"Iron Wave"},{"not_picked":["Juggernaut","Feed"],"picked":"Double Tap"},{"not_picked":["Shockwave","Flex"],"picked":"Shrug It Off"},{"not_picked":["Warcry","Headbutt"],"picked":"Whirlwind"},{"not_picked":["Warcry","Rage"],"picked":"Battle Trance"},{"not_picked":["Pummel","Shrug It Off"],"picked":"Havoc"}],"player_experience":656335,"potions_floor_usage":[6,16,18,24,30,33,33],"damage_taken":[{"damage":3,"enemies":"Small Slimes","floor":1,"turns":3},{"damage":6,"enemies":"Cultist","floor":3,"turns":4},{"damage":15,"enemies":"Blue Slaver","floor":5,"turns":5},{"damage":12,"enemies":"Gremlin Nob","floor":6,"turns":5},{"damage":25,"enemies":"Lagavulin","floor":8,"turns":7},{"damage":9,"enemies":"3 Sentries","floor":10,"turns":7},{"damage":5,"enemies":"The Guardian","floor":16,"turns":10},{"damage":1,"enemies":"3 Byrds","floor":18,"turns":5},{"damage":6,"enemies":"Shell Parasite","floor":19,"turns":5},{"damage":18,"enemies":"Book of Stabbing","floor":24,"turns":5},{"damage":4,"enemies":"Cultist and Chosen","floor":25,"turns":2},{"damage":24,"enemies":"Snake Plant","floor":28,"turns":3},{"damage":11,"enemies":"Gremlin Leader","floor":30,"turns":5},{"damage":18,"enemies":"Chosen and Byrds","floor":31,"turns":4},{"damage":72,"enemies":"Automaton","floor":33,"turns":6}],"event_choices":[{"event_name":"Living Wall","player_choice":"Forget","floor":2,"damage_taken":0},{"event_name":"Upgrade Shrine","player_choice":"Upgraded","floor":7,"damage_taken":0},{"event_name":"Big Fish","player_choice":"Donut","floor":12,"damage_taken":0},{"event_name":"Match and Keep!","player_choice":"2 cards matched","floor":14,"damage_taken":0},{"event_name":"Vampires","player_choice":"Ignored","floor":20,"damage_taken":0},{"event_name":"Cursed Tome","player_choice":"Obtained Book","floor":22,"damage_taken":0},{"event_name":"Accursed Blacksmith","player_choice":"Rummage","floor":29,"damage_taken":0}],"boss_relics":[{"not_picked":["Eternal Feather","Lizard Tail"],"picked":"Runic Dome"}],"potions_floor_spawned":[1,3,8,16,19,25,28,30],"seed_played":"-8770925750625273497","killed_by":"Automaton","ascension_level":10,"is_trial":false}