{"gold_per_floor":[116,127,127,127,144,144,162,162,162,173,173,189,189,223,223,319,319,336,336,336,367,11,11,31,41,41,3,3,3,16,28,28,126,126,146,75,85,85,85,85,105,119,142,162,162],"floor_reached":45,"playtime":4382,"items_purged":["Strike_B"],"score":417,"play_id":"f8a206c8-6112-4c7b-99a4-ded54d9f8634","local_time":"20180911215525","is_ascension_mode":false,"campfire_choices":[{"data":"Coolheaded","floor":6,"key":"SMITH"},{"floor":8,"key":"REST"},{"data":"Genetic Algorithm","floor":13,"key":"SMITH"},{"floor":15,"key":"REST"},{"floor":23,"key":"REST"},{"floor":32,"key":"REST"},{"floor":40,"key":"REST"}],"neow_cost":"","seed_source_timestamp":359504460171825,"circlet_count":0,"master_deck":["Strike_B+1","Defend_B","Defend_B","Zap+1","Dualcast","Conserve Battery","Coolheaded+1","Ball Lightning","Auto Shields","Genetic Algorithm+1","Beam Cell","Electrodynamics","Glacier","Self Repair","Coolheaded","Self Repair","Genetic Algorithm","Reboot","Cold Snap","Storm","Static Discharge","Blizzard+1","Redo","Blizzard","Creative AI","Rainbow+1","Steam+1","Beam Cell+1","Go for the Eyes+1","Loop","Gash+1","Madness","Madness","Chaos"],"relics":["Cracked Core","Torii","Oddly Smooth Stone","Nunchaku","Orrery","Red Mask","Toolbox","Juzu Bracelet","Potion Belt","Kunai","Astrolabe","Blood Vial"],"potions_floor_usage":[14,16,21,45],"damage_taken":[{"damage":1,"enemies":"Jaw Worm","floor":1,"turns":4},{"damage":1,"enemies":"2 Louse","floor":2,"turns":4},{"damage":0,"enemies":"Cultist","floor":5,"turns":3},{"damage":1,"enemies":"Looter","floor":7,"turns":3},{"damage":0,"enemies":"Blue Slaver","floor":10,"turns":3},{"damage":1,"enemies":"3 Louse","floor":12,"turns":3},{"damage":24,"enemies":"Gremlin Nob","floor":14,"turns":4},{"damage":30,"enemies":"The Guardian","floor":16,"turns":17},{"damage":1,"enemies":"Chosen","floor":18,"turns":8},{"damage":39,"enemies":"Masked Bandits","floor":21,"turns":4},{"damage":0,"enemies":"Shell Parasite","floor":24,"turns":7},{"damage":23,"enemies":"3 Cultists","floor":25,"turns":4},{"damage":27,"enemies":"Chosen and Byrds","floor":30,"turns":7},{"damage":8,"enemies":"Centurion and Healer","floor":31,"turns":8},{"damage":31,"enemies":"Champ","floor":33,"turns":16},{"damage":23,"enemies":"Orb Walker","floor":35,"turns":6},{"damage":14,"enemies":"3 Darklings","floor":37,"turns":6},{"damage":27,"enemies":"Transient","floor":41,"turns":5},{"damage":32,"enemies":"Spire Growth","floor":42,"turns":5},{"damage":8,"enemies":"3 Darklings","floor":44,"turns":7},{"damage":44,"enemies":"4 Shapes","floor":45,"turns":3}],"seed_played":"2004779511325910879","potions_obtained":[{"floor":5,"key":"SkillPotion"},{"floor":7,"key":"Ancient Potion"},{"floor":10,"key":"SteroidPotion"},{"floor":16,"key":"FocusPotion"},{"floor":18,"key":"FearPotion"},{"floor":21,"key":"SpeedPotion"},{"floor":24,"key":"Poison Potion"},{"floor":33,"key":"Dexterity Potion"},{"floor":41,"key":"Fire Potion"},{"floor":42,"key":"EntropicBrew"}],"is_trial":false,"path_per_floor":["M","M","?","?","M","R","M","R","T","M","T","M","R","E","R","B",null,"M","?","?","?","$","R","M","M","T","$","?","T","M","M","R","B",null,"M","$","M","$","?","R","M","M","T","M"],"character_chosen":"DEFECT","items_purchased":["Toolbox","Static Discharge","Blizzard","Loop"],"campfire_rested":5,"item_purchase_floors":[22,22,27,36],"current_hp_per_floor":[74,73,58,51,51,51,50,72,72,72,72,71,71,47,69,39,75,75,75,75,43,43,65,75,59,59,59,59,59,46,52,74,57,75,66,66,59,59,50,72,45,13,13,21,0],"gold":162,"neow_bonus":"","is_prod":false,"is_daily":false,"chose_seed":false,"campfire_upgraded":2,"win_rate":1,"timestamp":1536699325,"path_taken":["M","M","?","?","M","R","M","R","T","M","?","M","R","E","R","BOSS","M","?","?","?","$","R","?","M","T","?","?","?","M","M","R","BOSS","M","$","M","$","?","R","M","M","T","M","M"],"build_version":"2018-09-06","purchased_purges":1,"victory":false,"max_hp_per_floor":[75,75,75,75,75,75,75,75,75,75,75,75,75,75,75,75,75,75,75,75,75,75,75,75,75,75,75,75,75,75,75,75,75,75,75,75,75,75,75,75,75,75,75,75,75],"card_choices":[{"not_picked":["Lockon","Sweeping Beam"],"picked":"Conserve Battery","floor":1},{"not_picked":["Gash","Barrage","Darkness"],"picked":"SKIP","floor":2},{"not_picked":["Rebound","Gash"],"picked":"Coolheaded","floor":5},{"not_picked":["Conserve Battery","Aggregate"],"picked":"Ball Lightning","floor":7},{"not_picked":["Streamline","Blizzard"],"picked":"Auto Shields","floor":10},{"not_picked":["Rebound","Amplify"],"picked":"Genetic Algorithm","floor":12},{"not_picked":["Auto Shields","Ball Lightning"],"picked":"Beam Cell","floor":14},{"not_picked":["All For One","Rainbow"],"picked":"Electrodynamics","floor":16},{"not_picked":["Sweeping Beam","Streamline"],"picked":"Glacier","floor":17},{"not_picked":["Beam Cell","Lockon"],"picked":"Self Repair","floor":17},{"not_picked":["Gash","Leap"],"picked":"Coolheaded","floor":17},{"not_picked":["Streamline","Ball Lightning"],"picked":"Self Repair","floor":17},{"not_picked":["Gash","Self Repair"],"picked":"Genetic Algorithm","floor":17},{"not_picked":["Rebound+1","Redo"],"picked":"Reboot","floor":18},{"not_picked":["Gash+1","Barrage"],"picked":"Storm","floor":21},{"not_picked":["Leap","Stack+1"],"picked":"Blizzard+1","floor":24},{"not_picked":["Ball Lightning","Rebound+1"],"picked":"Redo","floor":25},{"not_picked":["Sweeping Beam","Redo","Stack"],"picked":"SKIP","floor":30},{"not_picked":["Sweeping Beam","Leap","Barrage+1"],"picked":"SKIP","floor":31},{"not_picked":["Thunder Strike","Electrodynamics"],"picked":"Creative AI","floor":33},{"not_picked":["Redo","Rebound+1"],"picked":"Go for the Eyes+1","floor":35},{"not_picked":["Hologram+1","Barrage"],"picked":"Gash+1","floor":37},{"not_picked":["Go for the Eyes","Multi-Cast"],"picked":"Chaos","floor":41},{"not_picked":["Reprogram","Hologram+1","Barrage+1"],"picked":"SKIP","floor":42},{"not_picked":["Sweeping Beam+1","Streamline+1","Stack+1"],"picked":"SKIP","floor":44}],"player_experience":128075,"relics_obtained":[{"floor":9,"key":"Torii"},{"floor":11,"key":"Oddly Smooth Stone"},{"floor":14,"key":"Nunchaku"},{"floor":21,"key":"Red Mask"},{"floor":26,"key":"Juzu Bracelet"},{"floor":29,"key":"Kunai"},{"floor":43,"key":"Blood Vial"}],"event_choices":[{"event_name":"Shining Light","player_choice":"Entered Light","floor":3,"damage_taken":0},{"event_name":"Golden Wing","player_choice":"Card Removal","floor":4,"damage_taken":0},{"event_name":"The Library","player_choice":"Read","floor":19,"damage_taken":0},{"event_name":"Vampires","player_choice":"Ignored","floor":20,"damage_taken":0},{"event_name":"Masked Bandits","player_choice":"Fought Bandits","floor":21,"damage_taken":0},{"event_name":"WeMeetAgain","player_choice":"Potion","floor":28,"damage_taken":0},{"event_name":"Winding Halls","player_choice":"Embrace Madness","floor":39,"damage_taken":0}],"is_beta":false,"boss_relics":[{"not_picked":["Calling Bell","Empty Cage"],"picked":"Orrery"},{"not_picked":["White Beast Statue","Coffee Dripper"],"picked":"Astrolabe"}],"items_purged_floors":[22],"is_endless":false,"potions_floor_spawned":[5,7,10,16,18,21,24,33,41,42],"killed_by":"4 Shapes","ascension_level":0}