{"gold_per_floor":[114,189,7,7,19,19,19,19,46,65,75,75,90,90,90,166,166,183,202,202,202,216,216,116,116,116,116,129,129],"floor_reached":29,"playtime":1124,"items_purged":["Strike_R","Strike_R"],"score":415,"play_id":"eac3f426-dc44-4647-8262-00d11675cfba","local_time":"20190302135641","is_ascension_mode":true,"campfire_choices":[{"data":"Demon Form","floor":6,"key":"SMITH"},{"data":"Flash of Steel","floor":8,"key":"SMITH"},{"data":"Bash","floor":12,"key":"SMITH"},{"data":"Carnage","floor":15,"key":"SMITH"},{"data":"Offering","floor":23,"key":"SMITH"},{"data":"Sword Boomerang","floor":25,"key":"SMITH"}],"neow_cost":"NONE","seed_source_timestamp":59268223086751,"circlet_count":0,"master_deck":["AscendersBane","Strike_R","Defend_R","Defend_R","Defend_R","Defend_R","Bash+1","Demon Form+1","Pummel","Flash of Steel+1","Carnage+1","Offering+1","Sword Boomerang+1","Metallicize"],"relics":["Burning Blood","Ancient Tea Set","Sozu","Nilry\u0027s Codex","Mummified Hand","Strawberry","FaceOfCleric"],"potions_floor_usage":[16,16,16,28],"damage_taken":[{"damage":12,"enemies":"2 Louse","floor":1,"turns":3},{"damage":0,"enemies":"Cultist","floor":5,"turns":3},{"damage":1,"enemies":"Small Slimes","floor":10,"turns":3},{"damage":18,"enemies":"2 Fungi Beasts","floor":11,"turns":6},{"damage":35,"enemies":"Exordium Thugs","floor":13,"turns":5},{"damage":13,"enemies":"Hexaghost","floor":16,"turns":6},{"damage":6,"enemies":"Chosen","floor":18,"turns":3},{"damage":20,"enemies":"Shell Parasite","floor":19,"turns":3},{"damage":14,"enemies":"Snecko","floor":22,"turns":3},{"damage":22,"enemies":"Centurion and Healer","floor":28,"turns":3},{"damage":21,"enemies":"Shelled Parasite and Fungi","floor":29,"turns":1}],"seed_played":"3652686133368629517","potions_obtained":[{"floor":10,"key":"Ancient Potion"},{"floor":13,"key":"EntropicBrew"},{"floor":16,"key":"Energy Potion"}],"is_trial":false,"path_per_floor":["M","?","$","?","M","R","$","R","T","M","M","R","M","?","R","B",null,"M","M","?","T","M","R","$","R","T","?","M","M"],"character_chosen":"IRONCLAD","items_purchased":["Flash of Steel"],"campfire_rested":0,"item_purchase_floors":[3],"current_hp_per_floor":[62,51,51,51,57,57,57,57,57,62,50,50,21,21,21,14,60,60,46,25,25,17,17,17,17,24,24,9,0],"gold":129,"neow_bonus":"ONE_RANDOM_RARE_CARD","is_prod":false,"is_daily":false,"chose_seed":false,"campfire_upgraded":6,"win_rate":0,"timestamp":1551502601,"path_taken":["M","?","$","?","?","R","?","R","T","M","M","R","M","?","R","BOSS","M","M","?","?","M","R","$","R","T","?","?","M"],"build_version":"2019-01-23","purchased_purges":2,"victory":false,"max_hp_per_floor":[75,75,75,75,75,75,75,75,75,75,75,75,75,75,75,75,75,75,75,75,75,75,75,75,75,82,82,83,83],"card_choices":[{"not_picked":["Warcry","Perfected Strike"],"picked":"Pummel","floor":1},{"not_picked":["Twin Strike","Evolve","Clash"],"picked":"SKIP","floor":5},{"not_picked":["Clothesline","Flex","Carnage"],"picked":"SKIP","floor":10},{"not_picked":["Heavy Blade","Dual Wield","Havoc"],"picked":"SKIP","floor":11},{"not_picked":["Carnage","Anger","Reckless Charge"],"picked":"SKIP","floor":13},{"not_picked":["Carnage","Anger","Reckless Charge"],"picked":"SKIP","floor":13},{"not_picked":["Double Tap","Bludgeon"],"picked":"Offering","floor":16},{"not_picked":["Dual Wield","Searing Blow+1","Seeing Red"],"picked":"SKIP","floor":18},{"not_picked":["Wild Strike+1","Flex"],"picked":"Sword Boomerang","floor":19},{"not_picked":["Havoc","Iron Wave","Body Slam"],"picked":"SKIP","floor":22},{"not_picked":["Inflame+1","Disarm"],"picked":"Metallicize","floor":28}],"player_experience":980716,"relics_obtained":[{"floor":9,"key":"Ancient Tea Set"},{"floor":20,"key":"Nilry\u0027s Codex"},{"floor":21,"key":"Mummified Hand"},{"floor":26,"key":"Strawberry"}],"event_choices":[{"damage_healed":0,"gold_gain":75,"player_choice":"Gather Gold","damage_taken":11,"max_hp_gain":0,"max_hp_loss":0,"event_name":"World of Goop","floor":2,"gold_loss":0},{"damage_healed":0,"gold_gain":0,"cards_transformed":["Strike_R"],"player_choice":"Transformed","damage_taken":0,"max_hp_gain":0,"max_hp_loss":0,"event_name":"Transmorgrifier","floor":4,"gold_loss":0,"cards_obtained":["Carnage"]},{"cards_removed":["Strike_R"],"damage_healed":0,"gold_gain":0,"player_choice":"Forget","damage_taken":0,"max_hp_gain":0,"max_hp_loss":0,"event_name":"Living Wall","floor":14,"gold_loss":0},{"damage_healed":0,"gold_gain":0,"player_choice":"Obtained Book","damage_taken":21,"max_hp_gain":0,"max_hp_loss":0,"event_name":"Cursed Tome","floor":20,"gold_loss":0},{"damage_healed":0,"gold_gain":0,"player_choice":"Trade","damage_taken":0,"relics_obtained":["FaceOfCleric"],"max_hp_gain":0,"max_hp_loss":0,"event_name":"FaceTrader","floor":27,"gold_loss":0}],"is_beta":false,"boss_relics":[{"not_picked":["White Beast Statue","Busted Crown"],"picked":"Sozu"}],"items_purged_floors":[3,24],"is_endless":false,"potions_floor_spawned":[10,13,16,18,19],"killed_by":"Shelled Parasite and Fungi","ascension_level":19}