{"path_per_floor":["M","M","$","M","M","E","R","E","T","?","M","M","R","$","R","B",null,"M","?","?","M","M","R","M","R","T","M","M","E","?","$","R","B",null,"M","M","M","?","M","E","M","R","T","R","?","R","M","$","R","B"],"character_chosen":"IRONCLAD","items_purchased":["Poison Potion","Combust","Offering","Exhume","Feel No Pain"],"gold_per_floor":[112,126,2,19,36,71,71,100,100,100,120,138,138,38,38,135,135,147,147,147,159,172,172,182,182,182,194,211,238,238,11,11,110,110,122,142,158,158,172,207,219,219,219,219,219,219,236,23,23,23],"floor_reached":51,"campfire_rested":0,"playtime":4654,"current_hp_per_floor":[70,75,75,79,83,57,57,60,60,60,51,38,38,38,38,36,77,64,64,63,63,63,63,50,50,50,55,60,52,52,52,52,63,63,51,47,46,46,47,48,49,49,49,49,49,49,63,63,63,49],"items_purged":["Parasite","Defend_R"],"gold":23,"score":857,"play_id":"3bb311b3-f509-48d8-a7a0-e4ae805226e3","is_prod":false,"is_daily":false,"is_ascension_mode":true,"campfire_upgraded":7,"path_taken":["M","?","?","M","M","E","R","E","T","?","M","M","R","$","R","BOSS","M","?","?","?","M","R","M","R","T","M","?","E","?","$","R","BOSS","M","M","?","?","?","E","M","R","T","R","?","R","M","$","R","BOSS"],"build_version":"2018-02-06-BETA1","purchased_purges":2,"victory":true,"master_deck":["Defend_R","Defend_R","Bash","Armaments+1","Pommel Strike","Fiend Fire","Clothesline","Havoc+1","Havoc+1","Feel No Pain+1","Inflame","Battle Trance","Bite","Bite","Bite","Bite","Bite","Cleave+1","Rupture+1","Warcry+1","Combust","Offering+1","Limit Break+1","Sentinel+1","Havoc","Feel No Pain+1","Battle Trance","Burning Pact+1","Pommel Strike+1","Exhume","Feel No Pain+1"],"max_hp_per_floor":[86,86,83,83,83,83,83,90,90,90,90,90,90,90,90,90,90,90,90,63,63,63,63,63,63,63,63,63,63,63,63,63,63,63,63,63,63,63,63,63,63,63,63,63,63,63,63,63,63,63],"relics":["Burning Blood","Mango","Toolbox","Strawberry","Girya","Sozu","Meat on the Bone","Matryoshka","Lizard Tail","Bottled Tornado","Blood Vial","Singing Bowl"],"card_choices":[{"not_picked":["Pommel Strike","Corruption"],"picked":"Armaments"},{"not_picked":["Shockwave","Sword Boomerang"],"picked":"Pommel Strike"},{"not_picked":["Fire Breathing","Armaments"],"picked":"Fiend Fire"},{"not_picked":["Hemokinesis","Body Slam"],"picked":"Clothesline"},{"not_picked":["Bloodletting","Corruption"],"picked":"Havoc"},{"not_picked":["Shockwave","Hemokinesis"],"picked":"Havoc"},{"not_picked":["Armaments","Disarm"],"picked":"Feel No Pain"},{"not_picked":["Armaments","Bloodletting"],"picked":"Inflame"},{"not_picked":["Dark Embrace","Impervious"],"picked":"Juggernaut"},{"not_picked":["Sword Boomerang","Armaments"],"picked":"Battle Trance"},{"not_picked":["Twin Strike","Rampage"],"picked":"Cleave"},{"not_picked":["Dual Wield","Armaments"],"picked":"Rupture"},{"not_picked":["Power Through","Iron Wave"],"picked":"Warcry"},{"not_picked":["Berserk","Bludgeon"],"picked":"Limit Break"},{"not_picked":["Twin Strike","Power Through"],"picked":"Sentinel"},{"not_picked":["Reckless Charge","Sword Boomerang"],"picked":"Havoc"},{"not_picked":["Warcry","Flex"],"picked":"Feel No Pain"},{"not_picked":["Intimidate","Thunderclap"],"picked":"Battle Trance"},{"not_picked":["Wild Strike","Perfected Strike"],"picked":"Burning Pact"},{"not_picked":["Thunderclap","Body Slam"],"picked":"Pommel Strike"}],"player_experience":717986,"potions_floor_usage":[6,8],"damage_taken":[{"damage":22,"enemies":"Blue Slaver","floor":1,"turns":6},{"damage":1,"enemies":"Small Slimes","floor":2,"turns":4},{"damage":2,"enemies":"Jaw Worm","floor":4,"turns":5},{"damage":2,"enemies":"Looter","floor":5,"turns":3},{"damage":32,"enemies":"Lagavulin","floor":6,"turns":7},{"damage":16,"enemies":"Gremlin Nob","floor":8,"turns":3},{"damage":15,"enemies":"Gremlin Gang","floor":11,"turns":5},{"damage":19,"enemies":"3 Louse","floor":12,"turns":4},{"damage":8,"enemies":"The Guardian","floor":16,"turns":9},{"damage":19,"enemies":"2 Thieves","floor":18,"turns":4},{"damage":4,"enemies":"Shell Parasite","floor":21,"turns":3},{"damage":0,"enemies":"Centurion and Healer","floor":22,"turns":4},{"damage":24,"enemies":"Snake Plant","floor":24,"turns":3},{"damage":7,"enemies":"Sentry and Sphere","floor":27,"turns":3},{"damage":11,"enemies":"Cultist and Chosen","floor":28,"turns":4},{"damage":18,"enemies":"Gremlin Leader","floor":29,"turns":4},{"damage":18,"enemies":"Automaton","floor":33,"turns":6},{"damage":32,"enemies":"3 Darklings","floor":35,"turns":4},{"damage":18,"enemies":"Orb Walker","floor":36,"turns":3},{"damage":13,"enemies":"Sphere and 2 Shapes","floor":37,"turns":4},{"damage":18,"enemies":"Spire Growth","floor":39,"turns":4},{"damage":33,"enemies":"Giant Head","floor":40,"turns":6},{"damage":15,"enemies":"4 Shapes","floor":41,"turns":4},{"damage":7,"enemies":"3 Darklings","floor":47,"turns":4},{"damage":110,"enemies":"Awakened One","floor":50,"turns":7}],"event_choices":[{"event_name":"Living Wall","player_choice":"Grow","floor":10,"damage_taken":0},{"event_name":"The Woman in Blue","player_choice":"Bought 0 Potions","floor":19,"damage_taken":0},{"event_name":"Vampires","player_choice":"Became a vampire","floor":20,"damage_taken":0},{"event_name":"Back to Basics","player_choice":"Elegance","floor":30,"damage_taken":0},{"event_name":"Tomb of Lord Red Mask","player_choice":"Ignored","floor":45,"damage_taken":0}],"boss_relics":[{"not_picked":["Runic Pyramid","Philosopher\u0027s Stone"],"picked":"Sozu"},{"not_picked":["Black Star","Black Blood"],"picked":"Lizard Tail"}],"potions_floor_spawned":[4,11,12,18,27,29,35,39,47],"seed_played":"-7152835013500421228","ascension_level":11,"is_trial":false}