{"gold_per_floor":[115,115,129,404,421,447,447,472,472,472,482,506,506,522,522,522],"floor_reached":16,"playtime":450,"items_purged":[],"score":110,"play_id":"548c451b-856b-489e-9e72-3265f831051e","local_time":"20190120113938","is_ascension_mode":false,"campfire_choices":[{"data":"Dark Embrace","floor":7,"key":"SMITH"},{"data":"True Grit","floor":10,"key":"SMITH"},{"data":"Bash","floor":15,"key":"SMITH"}],"neow_cost":"NONE","seed_source_timestamp":754670605901514,"circlet_count":0,"master_deck":["Strike_R","Strike_R","Strike_R+1","Strike_R","Strike_R","Defend_R","Defend_R+1","Defend_R","Defend_R","Bash+1","True Grit+1","Rupture","Regret","Cleave","Dark Embrace+1","Thunderclap","Impervious"],"relics":["Burning Blood","NeowsBlessing","Meat on the Bone","Mango","Omamori","Turnip","Potion Belt"],"potions_floor_usage":[8],"damage_taken":[{"damage":0,"enemies":"Jaw Worm","floor":1,"turns":1},{"damage":0,"enemies":"Small Slimes","floor":3,"turns":1},{"damage":0,"enemies":"Cultist","floor":5,"turns":1},{"damage":53,"enemies":"Lagavulin","floor":6,"turns":7},{"damage":29,"enemies":"Gremlin Nob","floor":8,"turns":4},{"damage":31,"enemies":"Exordium Thugs","floor":11,"turns":5},{"damage":8,"enemies":"Looter","floor":14,"turns":4},{"damage":26,"enemies":"The Guardian","floor":16,"turns":2}],"seed_played":"6803488968724114567","potions_obtained":[{"floor":6,"key":"Poison Potion"},{"floor":11,"key":"Energy Potion"},{"floor":14,"key":"SpeedPotion"}],"is_trial":false,"path_per_floor":["M","?","M","?","M","E","R","E","T","R","M","T","?","M","R","B"],"character_chosen":"IRONCLAD","items_purchased":[],"campfire_rested":0,"item_purchase_floors":[],"current_hp_per_floor":[80,73,79,79,80,59,59,48,48,48,35,35,16,26,26,0],"gold":522,"neow_bonus":"THREE_ENEMY_KILL","is_prod":false,"is_daily":false,"chose_seed":false,"campfire_upgraded":3,"win_rate":0,"timestamp":1547951978,"path_taken":["M","?","M","?","?","E","R","E","T","R","M","?","?","M","R","BOSS"],"build_version":"2019-01-17v2","purchased_purges":0,"victory":false,"max_hp_per_floor":[80,80,80,80,80,94,94,94,94,94,94,94,94,94,94,94],"card_choices":[{"not_picked":["Clash","Headbutt"],"picked":"True Grit","floor":1},{"not_picked":["Body Slam","Perfected Strike"],"picked":"Rupture","floor":3},{"not_picked":["Wild Strike","Hemokinesis"],"picked":"Cleave","floor":5},{"not_picked":["Perfected Strike","Double Tap"],"picked":"Dark Embrace","floor":6},{"not_picked":["Body Slam","Iron Wave"],"picked":"Thunderclap","floor":8},{"not_picked":["Sever Soul","Headbutt","Anger"],"picked":"SKIP","floor":11},{"not_picked":["Iron Wave","Reckless Charge"],"picked":"Impervious","floor":14}],"player_experience":841792,"relics_obtained":[{"floor":6,"key":"Mango"},{"floor":8,"key":"Omamori"},{"floor":9,"key":"Turnip"},{"floor":12,"key":"Potion Belt"}],"event_choices":[{"damage_healed":0,"gold_gain":0,"player_choice":"Success","damage_taken":7,"relics_obtained":["Meat on the Bone"],"max_hp_gain":0,"max_hp_loss":0,"event_name":"Scrap Ooze","floor":2,"gold_loss":0},{"damage_healed":0,"gold_gain":275,"player_choice":"Desecrate","damage_taken":0,"max_hp_gain":0,"max_hp_loss":0,"event_name":"Golden Shrine","floor":4,"gold_loss":0,"cards_obtained":["Regret"]},{"damage_healed":0,"gold_gain":0,"player_choice":"Entered Light","damage_taken":19,"max_hp_gain":0,"max_hp_loss":0,"event_name":"Shining Light","floor":13,"gold_loss":0,"cards_upgraded":["Strike_R","Defend_R"]}],"is_beta":false,"boss_relics":[],"items_purged_floors":[],"is_endless":false,"potions_floor_spawned":[6,11,14],"killed_by":"The Guardian","ascension_level":0}