{"gold_per_floor":[117,117,24,35,35,69,69,102,102,82,82,95,107,135,135,213,213,223,97,97,110,10,10,10],"floor_reached":24,"playtime":1066,"items_purged":["Strike_R","Strike_R"],"score":424,"play_id":"d3afe392-4f7b-4538-96be-314d5612890f","local_time":"20181220154839","is_ascension_mode":true,"campfire_choices":[{"floor":7.0,"key":"REST"},{"floor":11.0,"key":"REST"},{"data":"Shrug It Off","floor":15.0,"key":"SMITH"},{"data":"Brutality","floor":23,"key":"SMITH"}],"neow_cost":"NONE","seed_source_timestamp":507856298999747,"circlet_count":0,"master_deck":["AscendersBane","Strike_R","Strike_R","Strike_R","Defend_R","Defend_R+1","Defend_R","Defend_R","Bash","Double Tap+1","Anger+1","Spot Weakness","Sword Boomerang","Inflame","Limit Break+1","Shrug It Off+1","Reaper","Feel No Pain","True Grit","Shrug It Off","Ghostly","Ghostly","Ghostly","Brutality+1"],"special_seed":0,"relics":["Burning Blood","Prayer Wheel","War Paint","Gambling Chip","Happy Flower","Sozu"],"potions_floor_usage":[24],"damage_taken":[{"damage":12.0,"enemies":"Jaw Worm","floor":1.0,"turns":3.0},{"damage":3.0,"enemies":"Small Slimes","floor":4.0,"turns":3.0},{"damage":34.0,"enemies":"Gremlin Nob","floor":6.0,"turns":5.0},{"damage":32.0,"enemies":"Lagavulin","floor":8.0,"turns":6.0},{"damage":1.0,"enemies":"Cultist","floor":12.0,"turns":4.0},{"damage":6.0,"enemies":"Looter","floor":13.0,"turns":3.0},{"damage":6.0,"enemies":"Gremlin Nob","floor":14.0,"turns":3.0},{"damage":33.0,"enemies":"Slime Boss","floor":16.0,"turns":6.0},{"damage":37.0,"enemies":"3 Byrds","floor":18.0,"turns":6.0},{"damage":27.0,"enemies":"Spheric Guardian","floor":21.0,"turns":6.0},{"damage":55,"enemies":"Slavers","floor":24,"turns":4}],"seed_played":"8111630160691777908","potions_obtained":[{"floor":4.0,"key":"SkillPotion"},{"floor":8.0,"key":"Energy Potion"},{"floor":10.0,"key":"SteroidPotion"},{"floor":14.0,"key":"Poison Potion"}],"is_trial":false,"path_per_floor":["M","?","$","M","?","E","R","E","T","?","R","M","M","E","R","B",null,"M","$","?","M","$","R","E"],"character_chosen":"IRONCLAD","items_purchased":["Weak Potion","Spot Weakness","Shrug It Off"],"campfire_rested":2,"item_purchase_floors":[3,3,19],"current_hp_per_floor":[62,39,39,42,42,14,36,10,10,10,32,37,37,37,37,10,59,46,46,37,33,33,33,0],"gold":10,"neow_bonus":"ONE_RANDOM_RARE_CARD","is_prod":false,"is_daily":false,"chose_seed":false,"campfire_upgraded":2,"win_rate":0,"timestamp":1545349719,"path_taken":["M","?","$","M","?","E","R","E","T","?","R","M","?","E","R","BOSS","M","$","?","M","$","R","E"],"build_version":"2018-12-19","purchased_purges":2,"victory":false,"max_hp_per_floor":[75,75,75,75,75,75,75,75,75,75,75,75,75,75,75,75,75,75,75,37,37,37,37,37],"card_choices":[{"not_picked":["Second Wind","Sword Boomerang"],"picked":"Anger","floor":1.0},{"not_picked":["Warcry","Hemokinesis"],"picked":"Sword Boomerang","floor":4.0},{"not_picked":["Entrench","Seeing Red"],"picked":"Inflame","floor":6.0},{"not_picked":["Rage","Whirlwind"],"picked":"Limit Break","floor":8.0},{"not_picked":["Thunderclap","Warcry","Sword Boomerang"],"picked":"SKIP","floor":12.0},{"not_picked":["Sentinel","Fire Breathing","Sever Soul"],"picked":"SKIP","floor":12.0},{"not_picked":["Intimidate","Whirlwind"],"picked":"Shrug It Off","floor":13.0},{"not_picked":["Sword Boomerang","Cleave","Flex"],"picked":"SKIP","floor":13.0},{"not_picked":["Armaments","Heavy Blade","Spot Weakness"],"picked":"SKIP","floor":14.0},{"not_picked":["Impervious","Double Tap"],"picked":"Reaper","floor":16.0},{"not_picked":["Twin Strike","Clothesline"],"picked":"Feel No Pain","floor":18.0},{"not_picked":["Searing Blow","Blood for Blood"],"picked":"True Grit","floor":18.0},{"not_picked":["Entrench","Ghostly Armor"],"picked":"Brutality","floor":21.0},{"not_picked":["Warcry","Intimidate","Second Wind"],"picked":"SKIP","floor":21.0}],"player_experience":3945973,"relics_obtained":[{"floor":6.0,"key":"Prayer Wheel"},{"floor":8.0,"key":"War Paint"},{"floor":9.0,"key":"Gambling Chip"},{"floor":14.0,"key":"Happy Flower"}],"event_choices":[{"damage_healed":0.0,"max_hp_gain":0.0,"max_hp_loss":0.0,"gold_gain":0.0,"event_name":"Shining Light","player_choice":"Entered Light","floor":2.0,"gold_loss":0.0,"damage_taken":23.0,"cards_upgraded":["Anger","Defend_R"]},{"damage_healed":0.0,"max_hp_gain":0.0,"max_hp_loss":0.0,"gold_gain":0.0,"event_name":"Golden Wing","player_choice":"Ignored","floor":5.0,"gold_loss":0.0,"damage_taken":0.0},{"damage_healed":0.0,"max_hp_gain":0.0,"max_hp_loss":0.0,"gold_gain":0.0,"event_name":"The Woman in Blue","player_choice":"Bought 1 Potion","floor":10.0,"gold_loss":0.0,"damage_taken":0.0},{"damage_healed":0.0,"max_hp_gain":0.0,"max_hp_loss":38.0,"gold_gain":0.0,"event_name":"Ghosts","player_choice":"Became a Ghost","floor":20.0,"gold_loss":0.0,"damage_taken":0.0,"cards_obtained":["Ghostly","Ghostly","Ghostly"]}],"is_beta":true,"boss_relics":[{"not_picked":["Calling Bell","Orrery"],"picked":"Sozu"}],"items_purged_floors":[19,22],"is_endless":false,"potions_floor_spawned":[4,8,12,14,18],"killed_by":"Slavers","ascension_level":20}