{"gold_per_floor":[110,110,110,126,151,151,181,195,195,229,229,229,262,276,276,353,353,369,284,296,58,68,68,99,99,99,99,119,132,163,180,180,251,251,261,281,103,113,133,133,149,167,191,191,218,218,31,47,47,47,47],"floor_reached":51,"playtime":3698,"items_purged":["Iron Wave","Shame"],"score":1478,"play_id":"664cf30e-b527-4f04-aede-1f6b0f349d19","local_time":"20190115164759","daily_mods":["SealedDeck"],"is_ascension_mode":true,"campfire_choices":[{"data":"Metallicize","floor":6,"key":"SMITH"},{"data":"Metallicize","floor":11,"key":"SMITH"},{"data":"Iron Wave","floor":15,"key":"SMITH"},{"data":"Corruption","floor":23,"key":"SMITH"},{"data":"Dark Embrace","floor":27,"key":"SMITH"},{"data":"Pommel Strike","floor":32,"key":"SMITH"},{"data":"Feel No Pain","floor":40,"key":"SMITH"},{"data":"Body Slam","floor":44,"key":"SMITH"},{"data":"Feel No Pain","floor":46,"key":"SMITH"},{"data":"Pummel","floor":49,"key":"SMITH"}],"neow_cost":"","seed_source_timestamp":0,"circlet_count":0,"master_deck":["AscendersBane","Iron Wave+1","Iron Wave+1","Searing Blow","Pommel Strike+1","Rampage+1","Metallicize+1","Metallicize+1","Shrug It Off","Feel No Pain+1","Impervious","Second Wind","Feel No Pain+1","Corruption+1","Pummel+1","Warcry","Shrug It Off","Exhume","True Grit+1","Dark Embrace+1","True Grit+1","Reckless Charge","Wild Strike+1","Body Slam+1","PanicButton","Fiend Fire","Sentinel","Metallicize","Feel No Pain+1"],"relics":["Burning Blood","Strawberry","Turnip","Bottled Tornado","Charon\u0027s Ashes","Bag of Preparation","Sozu","Bird Faced Urn","Dodecahedron","Vajra","Anchor","Cursed Key","Dream Catcher","Art of War"],"potions_floor_usage":[16,28,38],"damage_taken":[{"damage":0,"enemies":"Small Slimes","floor":1,"turns":4},{"damage":0,"enemies":"Jaw Worm","floor":4,"turns":4},{"damage":16,"enemies":"Lagavulin","floor":7,"turns":8},{"damage":0,"enemies":"Cultist","floor":8,"turns":4},{"damage":9,"enemies":"3 Sentries","floor":10,"turns":11},{"damage":0,"enemies":"Lagavulin","floor":13,"turns":7},{"damage":0,"enemies":"Exordium Wildlife","floor":14,"turns":5},{"damage":38,"enemies":"Hexaghost","floor":16,"turns":10},{"damage":0,"enemies":"Spheric Guardian","floor":18,"turns":5},{"damage":9,"enemies":"3 Byrds","floor":20,"turns":5},{"damage":2,"enemies":"Snake Plant","floor":22,"turns":7},{"damage":19,"enemies":"Slavers","floor":24,"turns":7},{"damage":6,"enemies":"3 Cultists","floor":28,"turns":4},{"damage":0,"enemies":"Centurion and Healer","floor":29,"turns":7},{"damage":16,"enemies":"Gremlin Leader","floor":30,"turns":5},{"damage":0,"enemies":"Cultist and Chosen","floor":31,"turns":5},{"damage":32,"enemies":"Collector","floor":33,"turns":10},{"damage":0,"enemies":"3 Shapes","floor":35,"turns":4},{"damage":2,"enemies":"Orb Walker","floor":36,"turns":3},{"damage":51,"enemies":"Transient","floor":38,"turns":6},{"damage":0,"enemies":"Maw","floor":39,"turns":7},{"damage":13,"enemies":"3 Darklings","floor":41,"turns":4},{"damage":3,"enemies":"Writhing Mass","floor":42,"turns":5},{"damage":9,"enemies":"Reptomancer","floor":45,"turns":5},{"damage":0,"enemies":"Sphere and 2 Shapes","floor":48,"turns":4},{"damage":8,"enemies":"Donu and Deca","floor":50,"turns":11},{"damage":114,"enemies":"Awakened One","floor":51,"turns":5}],"seed_played":"330314114828849102","potions_obtained":[{"floor":1,"key":"EssenceOfSteel"},{"floor":13,"key":"Regen Potion"},{"floor":16,"key":"SkillPotion"}],"is_trial":true,"path_per_floor":["M","?","?","M","T","R","E","M","T","E","R","?","E","M","R","B",null,"M","?","M","$","M","R","E","?","T","R","M","M","E","M","R","B",null,"M","M","$","M","M","R","M","M","T","R","E","R","$","M","R","B","B"],"character_chosen":"IRONCLAD","items_purchased":["Corruption","Pummel","Warcry","Shrug It Off","PanicButton","Metallicize"],"campfire_rested":0,"item_purchase_floors":[21,21,21,21,37,47],"current_hp_per_floor":[74,79,79,80,87,87,77,83,83,80,80,54,60,66,66,49,78,84,84,84,84,87,87,80,80,80,80,87,87,77,87,87,65,82,87,87,87,48,66,66,71,86,86,86,87,87,87,87,87,87,0],"gold":47,"neow_bonus":"","is_prod":false,"is_daily":false,"chose_seed":false,"campfire_upgraded":10,"win_rate":0,"timestamp":1547599679,"path_taken":["M","?","?","?","?","R","E","M","T","E","R","?","E","M","R","BOSS","M","?","M","$","M","R","E","?","T","R","M","M","E","?","R","BOSS","M","M","$","M","M","R","?","?","T","R","E","R","$","M","R","BOSS","BOSS"],"build_version":"2019-01-10","purchased_purges":2,"victory":false,"max_hp_per_floor":[75,80,80,80,87,87,87,87,87,87,87,87,87,87,87,87,87,87,87,87,87,87,87,87,87,87,87,87,87,87,87,87,87,87,87,87,87,87,87,87,87,87,87,87,87,87,87,87,87,87,87],"card_choices":[{"not_picked":["Warcry","Clothesline","Ghostly Armor"],"picked":"SKIP","floor":1},{"not_picked":["Rupture","Entrench","Thunderclap"],"picked":"SKIP","floor":4},{"not_picked":["Whirlwind","Cleave","Entrench"],"picked":"SKIP","floor":7},{"not_picked":["Armaments","Rage","Thunderclap"],"picked":"SKIP","floor":8},{"not_picked":["Shrug It Off","Heavy Blade"],"picked":"Feel No Pain","floor":10},{"not_picked":["Twin Strike","Searing Blow","Fire Breathing"],"picked":"SKIP","floor":13},{"not_picked":["Power Through","Cleave","Anger"],"picked":"SKIP","floor":14},{"not_picked":["Limit Break","Exhume"],"picked":"Impervious","floor":16},{"not_picked":["Warcry","Headbutt"],"picked":"Second Wind","floor":18},{"not_picked":["Cleave+1","Havoc"],"picked":"Feel No Pain","floor":20},{"not_picked":["Twin Strike","Whirlwind"],"picked":"Exhume","floor":22},{"not_picked":["Metallicize","Sever Soul"],"picked":"True Grit+1","floor":24},{"not_picked":["Heavy Blade","Perfected Strike"],"picked":"True Grit+1","floor":28},{"not_picked":["Body Slam","True Grit"],"picked":"Reckless Charge","floor":29},{"not_picked":["Thunderclap","Searing Blow","Perfected Strike"],"picked":"SKIP","floor":30},{"not_picked":["Rupture+1","Rage","Perfected Strike"],"picked":"SKIP","floor":31},{"not_picked":["Perfected Strike","Sword Boomerang"],"picked":"Wild Strike+1","floor":35},{"not_picked":["Body Slam","Sword Boomerang","Thunderclap"],"picked":"SKIP","floor":36},{"not_picked":["Sword Boomerang","Thunderclap"],"picked":"Body Slam","floor":36},{"not_picked":["Cleave+1","Armaments"],"picked":"Fiend Fire","floor":38},{"not_picked":["Thunderclap","Armaments","Bloodletting"],"picked":"SKIP","floor":39},{"not_picked":["Sever Soul","Pommel Strike","Twin Strike"],"picked":"SKIP","floor":41},{"not_picked":["Intimidate","Perfected Strike+1","Anger"],"picked":"SKIP","floor":42},{"not_picked":["Carnage","Wild Strike"],"picked":"Sentinel","floor":45},{"not_picked":["Anger","Whirlwind"],"picked":"Feel No Pain+1","floor":48}],"player_experience":170358,"relics_obtained":[{"floor":5,"key":"Strawberry"},{"floor":7,"key":"Turnip"},{"floor":9,"key":"Bottled Tornado"},{"floor":10,"key":"Charon\u0027s Ashes"},{"floor":13,"key":"Bag of Preparation"},{"floor":24,"key":"Dodecahedron"},{"floor":26,"key":"Vajra"},{"floor":30,"key":"Anchor"},{"floor":43,"key":"Dream Catcher"},{"floor":45,"key":"Art of War"}],"event_choices":[{"damage_healed":0,"gold_gain":0,"player_choice":"Donut","damage_taken":0,"max_hp_gain":5,"max_hp_loss":0,"event_name":"Big Fish","floor":2,"gold_loss":0},{"damage_healed":0,"gold_gain":0,"cards_transformed":["Armaments"],"player_choice":"Transformed","damage_taken":0,"max_hp_gain":0,"max_hp_loss":0,"event_name":"Transmorgrifier","floor":3,"gold_loss":0,"cards_obtained":["Perfected Strike"]},{"damage_healed":0,"gold_gain":0,"player_choice":"Entered Light","damage_taken":26,"max_hp_gain":0,"max_hp_loss":0,"event_name":"Shining Light","floor":12,"gold_loss":0,"cards_upgraded":["Iron Wave","Rampage"]},{"damage_healed":0,"gold_gain":0,"player_choice":"Obtained Relic","damage_taken":0,"relics_obtained":["Bird Faced Urn"],"max_hp_gain":0,"max_hp_loss":0,"event_name":"Addict","floor":19,"gold_loss":85},{"damage_healed":0,"gold_gain":0,"cards_transformed":["Perfected Strike"],"player_choice":"Transformed","damage_taken":0,"max_hp_gain":0,"max_hp_loss":0,"event_name":"Transmorgrifier","floor":25,"gold_loss":0,"cards_obtained":["Dark Embrace"]}],"is_beta":false,"boss_relics":[{"not_picked":["Runic Dome","Busted Crown"],"picked":"Sozu"},{"not_picked":["Velvet Choker","Coffee Dripper"],"picked":"Cursed Key"}],"items_purged_floors":[37,47],"is_endless":false,"potions_floor_spawned":[1,13,14,16,18,20,29,31,33,35,41,42,45,48],"killed_by":"Awakened One","ascension_level":20}