{"gold_per_floor":[219,230,67,67,106,106,162,162,185,212,226,271,290,320,320,442,442,486,936,936,952,952,983,983,1034,1034,1133,1133,198,198,239,239,338,338,381,381,421,153,197,226,226,240,289,289,321,333,362,374,386,398,410,422,16,50,50],"floor_reached":56,"playtime":4723,"items_purged":["Strike_R","Corruption"],"score":1313,"play_id":"56af9764-9db1-4edc-8fcc-da815a5e2317","local_time":"20190218230545","is_ascension_mode":false,"campfire_choices":[{"data":"HandOfGreed","floor":6,"key":"SMITH"},{"data":"Inflame","floor":8,"key":"SMITH"},{"data":"Bash","floor":15,"key":"SMITH"},{"data":"Demon Form","floor":24,"key":"SMITH"},{"data":"Flame Barrier","floor":28,"key":"SMITH"},{"floor":30,"key":"REST"},{"floor":32,"key":"RECALL"},{"data":"Shockwave","floor":41,"key":"SMITH"},{"data":"Metallicize","floor":44,"key":"SMITH"},{"floor":46,"key":"REST"},{"data":"Rage","floor":49,"key":"SMITH"},{"data":"Sword Boomerang","floor":52,"key":"SMITH"}],"neow_cost":"NONE","seed_source_timestamp":2543933611827956,"circlet_count":0,"master_deck":["Strike_R","Strike_R","Strike_R","Defend_R+1","Defend_R","Defend_R","Defend_R+1","Bash+1","Inflame+1","Thunderclap","HandOfGreed+1","Twin Strike","Exhume","Ghostly Armor","Shockwave+1","Sword Boomerang+1","Demon Form+1","Cleave","Evolve","Flame Barrier+1","Shrug It Off+1","Metallicize","Flash of Steel","Offering","Feel No Pain","Feed","Metallicize+1","Demon Form+1","Immolate","Dropkick+1","Rage+1","Iron Wave+1","Seeing Red+1","Metamorphosis","Uppercut"],"relics":["Burning Blood","Bag of Marbles","War Paint","Omamori","Anchor","Sozu","Old Coin","Self Forming Clay","Pear","Thread and Needle","Pantograph","ClockworkSouvenir","Dream Catcher","Unceasing Top","Runic Cube","DollysMirror","Pen Nib","MawBank","Question Card","Lantern","Vajra"],"potions_floor_usage":[10,33,45,45],"damage_taken":[{"damage":5,"enemies":"2 Louse","floor":1,"turns":2},{"damage":3,"enemies":"Small Slimes","floor":2,"turns":3},{"damage":15,"enemies":"Jaw Worm","floor":5,"turns":4},{"damage":15,"enemies":"Gremlin Nob","floor":7,"turns":4},{"damage":17,"enemies":"3 Sentries","floor":10,"turns":4},{"damage":0,"enemies":"3 Louse","floor":11,"turns":2},{"damage":1,"enemies":"2 Fungi Beasts","floor":12,"turns":3},{"damage":8,"enemies":"Large Slime","floor":13,"turns":3},{"damage":6,"enemies":"Gremlin Nob","floor":14,"turns":3},{"damage":24,"enemies":"The Guardian","floor":16,"turns":11},{"damage":12,"enemies":"Spheric Guardian","floor":18,"turns":5},{"damage":2,"enemies":"Colosseum Slavers","floor":19,"turns":3},{"damage":5,"enemies":"Colosseum Nobs","floor":19,"turns":3},{"damage":18,"enemies":"2 Thieves","floor":21,"turns":4},{"damage":23,"enemies":"Book of Stabbing","floor":23,"turns":5},{"damage":28,"enemies":"Gremlin Leader","floor":25,"turns":7},{"damage":17,"enemies":"Chosen and Byrds","floor":31,"turns":5},{"damage":50,"enemies":"Collector","floor":33,"turns":7},{"damage":15,"enemies":"3 Shapes","floor":35,"turns":4},{"damage":0,"enemies":"Orb Walker","floor":37,"turns":4},{"damage":24,"enemies":"Jaw Worm Horde","floor":39,"turns":5},{"damage":21,"enemies":"Reptomancer","floor":40,"turns":6},{"damage":23,"enemies":"Writhing Mass","floor":42,"turns":5},{"damage":40,"enemies":"Nemesis","floor":45,"turns":5},{"damage":6,"enemies":"Sphere and 2 Shapes","floor":47,"turns":5},{"damage":30,"enemies":"Donu and Deca","floor":50,"turns":7},{"damage":45,"enemies":"Shield and Spear","floor":54,"turns":6},{"damage":59,"enemies":"The Heart","floor":55,"turns":7}],"seed_played":"-7744226922638394182","potions_obtained":[{"floor":1,"key":"Strength Potion"},{"floor":7,"key":"Regen Potion"},{"floor":11,"key":"BloodPotion"},{"floor":13,"key":"SpeedPotion"}],"is_trial":false,"path_per_floor":["M","M","$","?","M","R","E","R","T","E","M","M","M","E","R","B",null,"M","?","?","M","?","E","R","E","T","?","R","$","R","M","R","B",null,"M","?","M","$","M","E","R","M","T","R","E","R","M","T","R","B",null,"R","$","E","B",null],"character_chosen":"IRONCLAD","items_purchased":["HandOfGreed","ClockworkSouvenir","Dream Catcher","Unceasing Top","Flash of Steel","Offering","Metallicize","DollysMirror","Lantern","Metamorphosis"],"campfire_rested":2,"item_purchase_floors":[3,29,29,29,29,29,38,38,53,53],"current_hp_per_floor":[80,80,80,85,76,76,67,67,67,56,62,67,65,65,65,47,85,79,84,68,56,56,49,49,27,27,27,27,27,57,46,46,41,100,94,94,100,100,85,70,70,56,56,56,32,64,67,67,67,68,112,112,112,73,45],"gold":50,"neow_bonus":"HUNDRED_GOLD","is_prod":false,"is_daily":false,"chose_seed":false,"campfire_upgraded":9,"win_rate":0,"timestamp":1550531145,"path_taken":["M","M","$","?","M","R","E","R","T","E","M","M","M","E","R","BOSS","M","?","?","M","?","E","R","E","T","?","R","$","R","M","R","BOSS","M","?","?","$","M","E","R","M","T","R","E","R","M","?","R","BOSS","R","$","E","BOSS"],"build_version":"2019-01-23","purchased_purges":2,"victory":true,"max_hp_per_floor":[80,80,80,85,85,85,85,85,85,85,85,85,85,85,85,85,85,85,85,90,90,90,100,100,100,100,100,100,100,100,100,100,100,100,103,103,103,103,106,106,106,109,109,109,109,109,112,112,112,112,112,112,112,112,112],"card_choices":[{"not_picked":["Sentinel","Clothesline"],"picked":"Inflame","floor":1},{"not_picked":["Anger","Wild Strike"],"picked":"Thunderclap","floor":2},{"not_picked":["Havoc","Infernal Blade","Anger"],"picked":"SKIP","floor":5},{"not_picked":["Fire Breathing","Thunderclap"],"picked":"Twin Strike","floor":7},{"not_picked":["Thunderclap","Armaments","Perfected Strike"],"picked":"SKIP","floor":10},{"not_picked":["Dual Wield","Seeing Red"],"picked":"Exhume","floor":11},{"not_picked":["Twin Strike","Warcry"],"picked":"Ghostly Armor","floor":12},{"not_picked":["Pommel Strike","Heavy Blade"],"picked":"Shockwave","floor":13},{"not_picked":["Havoc","Perfected Strike"],"picked":"Sword Boomerang","floor":14},{"not_picked":["Immolate","Feed"],"picked":"Demon Form","floor":16},{"not_picked":["Warcry","Anger","Rupture"],"picked":"SKIP","floor":18},{"not_picked":["Anger+1","Second Wind+1"],"picked":"Cleave","floor":19},{"not_picked":["Anger","Combust+1"],"picked":"Evolve","floor":21},{"not_picked":["Evolve","Sentinel"],"picked":"Shrug It Off+1","floor":23},{"not_picked":["Disarm","Berserk"],"picked":"Metallicize","floor":25},{"not_picked":["Clothesline","Second Wind"],"picked":"Feel No Pain","floor":30},{"not_picked":["Clothesline","Body Slam+1","True Grit"],"picked":"SKIP","floor":31},{"not_picked":["Fiend Fire","Brutality"],"picked":"Feed","floor":33},{"not_picked":["Body Slam","Sever Soul+1","Clash+1"],"picked":"SKIP","floor":35},{"not_picked":["Cleave+1","Perfected Strike+1","Carnage+1"],"picked":"SKIP","floor":37},{"not_picked":["Whirlwind+1","Second Wind","Havoc+1"],"picked":"SKIP","floor":39},{"not_picked":["Thunderclap","Clash+1"],"picked":"Immolate","floor":40},{"not_picked":["Twin Strike","Reckless Charge+1"],"picked":"Dropkick+1","floor":42},{"not_picked":["Shrug It Off","Wild Strike"],"picked":"Rage","floor":45},{"not_picked":["Infernal Blade","Sword Boomerang"],"picked":"Iron Wave+1","floor":46},{"not_picked":["Sword Boomerang+1","Anger+1"],"picked":"Seeing Red+1","floor":47},{"not_picked":["Feel No Pain+1","Havoc+1","Warcry"],"picked":"Uppercut","floor":54}],"player_experience":520734,"relics_obtained":[{"floor":7,"key":"Bag of Marbles"},{"floor":9,"key":"War Paint"},{"floor":10,"key":"Omamori"},{"floor":14,"key":"Anchor"},{"floor":19,"key":"Old Coin"},{"floor":19,"key":"Self Forming Clay"},{"floor":23,"key":"Pear"},{"floor":25,"key":"Thread and Needle"},{"floor":26,"key":"Pantograph"},{"floor":40,"key":"Pen Nib"},{"floor":45,"key":"MawBank"},{"floor":48,"key":"Question Card"},{"floor":54,"key":"Vajra"}],"event_choices":[{"damage_healed":0,"gold_gain":0,"player_choice":"Donut","damage_taken":0,"max_hp_gain":5,"max_hp_loss":0,"event_name":"Big Fish","floor":4,"gold_loss":0},{"damage_healed":0,"gold_gain":0,"player_choice":"Fight","damage_taken":0,"max_hp_gain":0,"max_hp_loss":0,"event_name":"Colosseum","floor":19,"gold_loss":0},{"damage_healed":0,"gold_gain":0,"player_choice":"Fought Nobs","damage_taken":0,"max_hp_gain":0,"max_hp_loss":0,"event_name":"Colosseum","floor":19,"gold_loss":0},{"damage_healed":0,"gold_gain":0,"player_choice":"Shed Blood","damage_taken":21,"max_hp_gain":5,"max_hp_loss":0,"event_name":"Forgotten Altar","floor":20,"gold_loss":0},{"damage_healed":0,"gold_gain":0,"player_choice":"Read","damage_taken":0,"max_hp_gain":0,"max_hp_loss":0,"event_name":"The Library","floor":22,"gold_loss":0,"cards_obtained":["Flame Barrier"]},{"damage_healed":0,"gold_gain":99,"player_choice":"Stole From Cult","damage_taken":0,"max_hp_gain":0,"max_hp_loss":0,"event_name":"Nest","floor":27,"gold_loss":0},{"damage_healed":0,"gold_gain":0,"cards_transformed":["Strike_R"],"player_choice":"Transformed","damage_taken":0,"max_hp_gain":0,"max_hp_loss":0,"event_name":"Transmorgrifier","floor":36,"gold_loss":0,"cards_obtained":["Corruption"]}],"is_beta":false,"boss_relics":[{"not_picked":["Ectoplasm","Runic Dome"],"picked":"Sozu"},{"not_picked":["Lizard Tail","Snecko Eye"],"picked":"Runic Cube"}],"items_purged_floors":[29,53],"is_endless":false,"potions_floor_spawned":[1,7,11,13,16,18,25,31,39,45,47,54],"ascension_level":0}