{"path_per_floor":["M","?","?","M","?","E","R","M","T","E","M","E","R","M","R","B",null,"M","?","M","?","?","R","M","R","T","M","M","R","?","$","R","B",null,"M","M","$","?","M","R","M","R","T","R","M","M","?","$","R"],"character_chosen":"IRONCLAD","items_purchased":["Deep Breath","Shrug It Off","Kunai","Flame Barrier"],"gold_per_floor":[117,117,117,135,135,167,167,181,181,215,235,267,267,277,277,379,379,394,394,407,407,407,407,419,419,419,429,448,448,448,283,283,383,383,399,417,18,0,20,20,37,37,37,37,50,63,63,29,29],"floor_reached":50,"campfire_rested":5,"playtime":4151,"current_hp_per_floor":[74,74,67,73,73,57,57,62,62,44,55,43,43,50,74,70,80,61,61,54,54,54,78,80,80,80,79,58,58,58,58,80,31,80,64,57,57,57,47,71,55,79,79,79,80,80,80,80,80],"items_purged":["Strike_R","Strike_R"],"gold":29,"score":437,"play_id":"24465e4a-40de-4156-b0c2-de6ae7324208","is_prod":false,"is_daily":false,"is_ascension_mode":false,"campfire_upgraded":6,"path_taken":["M","?","?","M","?","E","R","?","T","E","M","E","R","M","R","BOSS","M","?","?","?","?","R","M","R","T","M","M","R","?","$","R","BOSS","M","?","$","?","M","R","M","R","T","R","M","M","?","$","R","BOSS"],"build_version":"2018-02-15-PROD1","purchased_purges":2,"victory":false,"master_deck":["Strike_R+1","Defend_R+1","Defend_R+1","Defend_R+1","Defend_R+1","Bash","Dual Wield","Power Through","Pommel Strike+1","Limit Break+1","Cleave","Infernal Blade+1","Spot Weakness","Demon Form+1","Barricade+1","Whirlwind","Disarm+1","Shrug It Off+1","Infernal Blade+1","Heavy Blade+1","Iron Wave+1","Decay","Deep Breath+1","Impervious+1","Inflame","Shrug It Off+1","Armaments+1","Armaments+1","Iron Wave+1","Flame Barrier+1"],"max_hp_per_floor":[80,80,80,80,80,80,80,80,80,80,80,80,80,80,80,80,80,80,80,80,80,80,80,80,80,80,80,80,80,80,80,80,80,80,80,80,80,80,80,80,80,80,80,80,80,80,80,80,80],"relics":["Burning Blood","Meat on the Bone","Dream Catcher","Ice Cream","Mummified Hand","Toxic Egg 2","Calipers","Sozu","Kunai","Red Mask","Anchor"],"card_choices":[{"not_picked":["Hemokinesis","Battle Trance"],"picked":"Dual Wield"},{"not_picked":["True Grit","Anger"],"picked":"Pommel Strike"},{"not_picked":["Armaments","Perfected Strike"],"picked":"Limit Break"},{"not_picked":["Heavy Blade","Intimidate"],"picked":"Cleave"},{"not_picked":["Rupture","Dual Wield"],"picked":"Infernal Blade"},{"not_picked":["Battle Trance","Headbutt"],"picked":"Spot Weakness"},{"not_picked":["Uppercut","Dual Wield"],"picked":"Demon Form"},{"not_picked":["Berserk","Fiend Fire"],"picked":"Barricade"},{"not_picked":["Infernal Blade","Fire Breathing"],"picked":"Whirlwind"},{"not_picked":["Perfected Strike","Clash"],"picked":"Disarm"},{"not_picked":["Disarm","Warcry"],"picked":"Heavy Blade"},{"not_picked":["Sword Boomerang","Thunderclap"],"picked":"Iron Wave"},{"not_picked":["Berserk","Fiend Fire"],"picked":"Impervious"},{"not_picked":["Clothesline","Twin Strike"],"picked":"Inflame"},{"not_picked":["Rupture","Rage"],"picked":"Armaments"},{"not_picked":["Thunderclap","Berserk"],"picked":"Armaments"},{"not_picked":["Fire Breathing","Wild Strike"],"picked":"Iron Wave"},{"not_picked":["Anger","Uppercut"],"picked":"Clash"}],"player_experience":96548,"potions_floor_usage":[18,18,27],"damage_taken":[{"damage":12,"enemies":"Small Slimes","floor":1,"turns":6},{"damage":0,"enemies":"Cultist","floor":4,"turns":6},{"damage":34,"enemies":"Gremlin Nob","floor":6,"turns":5},{"damage":1,"enemies":"Jaw Worm","floor":8,"turns":3},{"damage":36,"enemies":"3 Sentries","floor":10,"turns":7},{"damage":7,"enemies":"Blue Slaver","floor":11,"turns":3},{"damage":30,"enemies":"Gremlin Nob","floor":12,"turns":4},{"damage":11,"enemies":"2 Fungi Beasts","floor":14,"turns":4},{"damage":10,"enemies":"Slime Boss","floor":16,"turns":6},{"damage":25,"enemies":"2 Thieves","floor":18,"turns":3},{"damage":13,"enemies":"Chosen","floor":20,"turns":5},{"damage":0,"enemies":"Snecko","floor":24,"turns":7},{"damage":7,"enemies":"Centurion and Healer","floor":27,"turns":7},{"damage":39,"enemies":"Slaver and Parasite","floor":28,"turns":5},{"damage":67,"enemies":"Collector","floor":33,"turns":8},{"damage":22,"enemies":"3 Darklings","floor":35,"turns":5},{"damage":13,"enemies":"Orb Walker","floor":36,"turns":5},{"damage":28,"enemies":"3 Darklings","floor":39,"turns":6},{"damage":22,"enemies":"Sphere and 2 Shapes","floor":41,"turns":5},{"damage":0,"enemies":"4 Shapes","floor":45,"turns":6},{"damage":3,"enemies":"Maw","floor":46,"turns":5},{"damage":80,"enemies":"Donu and Deca","floor":50,"turns":9}],"event_choices":[{"event_name":"Transmorgrifier","player_choice":"Transform","floor":2,"damage_taken":0},{"event_name":"Scrap Ooze","player_choice":"success","floor":3,"damage_taken":7},{"event_name":"Upgrade Shrine","player_choice":"Upgraded","floor":5,"damage_taken":0},{"event_name":"Back to Basics","player_choice":"Simplicity","floor":19,"damage_taken":0},{"event_name":"The Library","player_choice":"Read","floor":21,"damage_taken":0},{"event_name":"Transmorgrifier","player_choice":"Transform","floor":22,"damage_taken":0},{"event_name":"Wheel of Change","player_choice":"Curse","floor":30,"damage_taken":0},{"event_name":"Tomb of Lord Red Mask","player_choice":"Paid","floor":38,"damage_taken":0}],"boss_relics":[{"not_picked":["Mark of Pain","Philosopher\u0027s Stone","Velvet Choker"]},{"not_picked":["Runic Pyramid","Runic Dome"],"picked":"Sozu"}],"potions_floor_spawned":[1,4,16,24,28,36,39,45],"seed_played":"8195887719762767424","killed_by":"Donu and Deca","ascension_level":0,"is_trial":false}