{"gold_per_floor":[114,114,125,125,141,171,183,216,216,291,68,88,88,102,102,201,201,218,218,33,51,27,56,76,1,1,20,53,53,53,135,135,233,233,245,345,345,358,279,299,48,58,58,72,32,42,42,56,56,56],"floor_reached":51,"playtime":3417,"items_purged":["Writhe"],"score":959,"play_id":"122a146f-8bb4-4b60-ac52-c0a9a9528df1","local_time":"20190302102354","is_ascension_mode":true,"campfire_choices":[{"floor":13,"key":"REST"},{"floor":15,"key":"REST"},{"data":"Fission","floor":30,"key":"SMITH"},{"data":"Buffer","floor":32,"key":"SMITH"},{"data":"Electrodynamics","floor":49,"key":"SMITH"}],"neow_cost":"NONE","seed_source_timestamp":1354387909474300,"circlet_count":0,"master_deck":["Strike_B","Strike_B","Strike_B","Strike_B","Defend_B","Defend_B","Defend_B","Defend_B","Zap","Dualcast","Capacitor","Coolheaded","Conserve Battery","Ball Lightning","FTL","Barrage+1","Capacitor","BootSequence","Core Surge+1","Electrodynamics+1","Leap","Buffer+1","Go for the Eyes+1","Hello World+1","Compile Driver+1","Leap","Fission+1","Buffer+1","Undo+1","White Noise","Loop+1","Ball Lightning+1","Chill+1","Glacier","Heatsinks+1","Stack+1","Echo Form+1"],"relics":["Cracked Core","Centennial Puzzle","Blue Candle","Bag of Preparation","Molten Egg 2","Vajra","Bronze Scales","Coffee Dripper","MawBank","MealTicket","Lantern","Mercury Hourglass","Gremlin Horn","Nilry\u0027s Codex","Frozen Egg 2","Nuclear Battery","Dead Branch","Meat on the Bone","Cables"],"potions_floor_usage":[6,8,16,23,27,40,48,50,50],"damage_taken":[{"damage":7,"enemies":"Jaw Worm","floor":1,"turns":3},{"damage":1,"enemies":"Cultist","floor":3,"turns":3},{"damage":0,"enemies":"2 Louse","floor":5,"turns":3},{"damage":11,"enemies":"3 Sentries","floor":6,"turns":12},{"damage":4,"enemies":"2 Fungi Beasts","floor":7,"turns":4},{"damage":16,"enemies":"Gremlin Nob","floor":8,"turns":4},{"damage":7,"enemies":"Red Slaver","floor":12,"turns":5},{"damage":2,"enemies":"Looter","floor":14,"turns":2},{"damage":10,"enemies":"The Guardian","floor":16,"turns":8},{"damage":0,"enemies":"3 Byrds","floor":18,"turns":2},{"damage":1,"enemies":"Chosen","floor":21,"turns":3},{"damage":2,"enemies":"Book of Stabbing","floor":23,"turns":3},{"damage":33,"enemies":"Shelled Parasite and Fungi","floor":24,"turns":5},{"damage":5,"enemies":"Centurion and Healer","floor":27,"turns":4},{"damage":15,"enemies":"Slavers","floor":28,"turns":3},{"damage":3,"enemies":"Champ","floor":33,"turns":10},{"damage":18,"enemies":"3 Darklings","floor":35,"turns":3},{"damage":0,"enemies":"Mind Bloom Boss Battle","floor":36,"turns":6},{"damage":0,"enemies":"3 Shapes","floor":38,"turns":3},{"damage":0,"enemies":"Writhing Mass","floor":40,"turns":4},{"damage":0,"enemies":"Maw","floor":42,"turns":7},{"damage":0,"enemies":"Jaw Worm Horde","floor":44,"turns":5},{"damage":0,"enemies":"Transient","floor":46,"turns":5},{"damage":0,"enemies":"4 Shapes","floor":48,"turns":1},{"damage":44,"enemies":"Awakened One","floor":50,"turns":13}],"seed_played":"-4327946187947095160","potions_obtained":[{"floor":1,"key":"Dexterity Potion"},{"floor":5,"key":"EssenceOfSteel"},{"floor":7,"key":"Weak Potion"},{"floor":12,"key":"PowerPotion"},{"floor":18,"key":"Energy Potion"},{"floor":21,"key":"SteroidPotion"},{"floor":24,"key":"SkillPotion"},{"floor":28,"key":"SteroidPotion"},{"floor":35,"key":"Block Potion"},{"floor":42,"key":"SpeedPotion"}],"is_trial":false,"path_per_floor":["M","?","M","?","M","E","M","E","T","?","$","M","R","M","R","B",null,"M","?","$","M","$","E","M","$","T","M","E","?","R","T","R","B",null,"M","?","?","M","$","M","$","M","T","M","$","M","$","M","R","B",null],"character_chosen":"DEFECT","items_purchased":["Capacitor","Bronze Scales","MealTicket","Go for the Eyes+1","Loop+1","Meat on the Bone","Heatsinks+1"],"campfire_rested":2,"item_purchase_floors":[11,11,20,22,39,41,45],"current_hp_per_floor":[61,61,60,60,60,49,45,29,29,22,22,15,37,35,57,47,68,68,68,68,67,67,65,32,47,47,42,27,11,11,11,11,8,58,40,40,40,40,55,55,55,55,55,55,55,55,70,70,70,38],"gold":56,"neow_bonus":"RANDOM_COMMON_RELIC","is_prod":false,"is_daily":false,"chose_seed":false,"campfire_upgraded":3,"win_rate":0,"timestamp":1551540234,"path_taken":["M","?","?","?","M","E","M","E","T","?","$","M","R","?","R","BOSS","M","?","$","M","?","E","M","$","T","M","E","?","R","?","R","BOSS","M","?","?","M","$","M","?","M","T","?","?","M","$","M","R","BOSS"],"build_version":"2019-01-23","purchased_purges":1,"victory":true,"max_hp_per_floor":[75,75,75,75,75,75,75,75,75,75,75,75,75,75,75,75,75,75,75,75,75,75,75,75,75,75,75,75,75,75,75,75,75,75,75,75,75,75,75,75,75,75,75,75,75,75,75,75,75,75],"card_choices":[{"not_picked":["Static Discharge","Hello World"],"picked":"Capacitor","floor":1},{"not_picked":["Melter","Darkness"],"picked":"Coolheaded","floor":3},{"not_picked":["Capacitor","Hello World"],"picked":"Conserve Battery","floor":5},{"not_picked":["Chaos","Steam Power"],"picked":"Ball Lightning","floor":6},{"not_picked":["Recycle","Ball Lightning"],"picked":"FTL","floor":7},{"not_picked":["Beam Cell","Redo"],"picked":"Barrage","floor":8},{"not_picked":["Gash+1","Cold Snap+1"],"picked":"BootSequence","floor":12},{"not_picked":["Rebound+1","Rip and Tear+1"],"picked":"Core Surge+1","floor":14},{"not_picked":["Thunder Strike+1","Core Surge+1"],"picked":"Electrodynamics","floor":16},{"not_picked":["Static Discharge","Turbo"],"picked":"Leap","floor":18},{"not_picked":["Leap+1","Barrage+1"],"picked":"Buffer","floor":21},{"not_picked":["Static Discharge","Reprogram"],"picked":"Hello World+1","floor":23},{"not_picked":["Go for the Eyes+1","Steam Power+1"],"picked":"Compile Driver+1","floor":24},{"not_picked":["Gash+1","Fusion"],"picked":"Leap","floor":27},{"not_picked":["Barrage+1","Darkness"],"picked":"Fission","floor":28},{"not_picked":["Meteor Strike+1","Machine Learning+1"],"picked":"Buffer+1","floor":33},{"not_picked":["Hologram+1","Beam Cell+1"],"picked":"Undo+1","floor":35},{"not_picked":["Barrage+1","Recycle+1"],"picked":"White Noise","floor":36},{"not_picked":["Go for the Eyes+1","Cold Snap+1","Redo"],"picked":"SKIP","floor":38},{"not_picked":["Compile Driver+1","Cold Snap+1"],"picked":"Ball Lightning+1","floor":40},{"not_picked":["Melter+1","Cold Snap+1"],"picked":"Chill+1","floor":42},{"not_picked":["Turbo","Hologram+1"],"picked":"Glacier","floor":44},{"not_picked":["Rebound+1","Leap"],"picked":"Stack+1","floor":46},{"not_picked":["Heatsinks+1","Doom and Gloom+1"],"picked":"Echo Form+1","floor":48}],"player_experience":567313,"relics_obtained":[{"floor":6,"key":"Bag of Preparation"},{"floor":8,"key":"Molten Egg 2"},{"floor":9,"key":"Vajra"},{"floor":23,"key":"Lantern"},{"floor":26,"key":"Mercury Hourglass"},{"floor":28,"key":"Gremlin Horn"},{"floor":29,"key":"Nilry\u0027s Codex"},{"floor":31,"key":"Frozen Egg 2"},{"floor":36,"key":"Dead Branch"},{"floor":43,"key":"Cables"}],"event_choices":[{"damage_healed":0,"gold_gain":0,"player_choice":"Gave Potion","damage_taken":0,"relics_obtained":["Blue Candle"],"max_hp_gain":0,"max_hp_loss":0,"event_name":"WeMeetAgain","floor":2,"gold_loss":0},{"damage_healed":0,"gold_gain":0,"player_choice":"Leave","damage_taken":0,"max_hp_gain":0,"max_hp_loss":0,"event_name":"The Cleric","floor":4,"gold_loss":0},{"damage_healed":0,"gold_gain":75,"player_choice":"Touch","damage_taken":7,"max_hp_gain":0,"max_hp_loss":0,"event_name":"FaceTrader","floor":10,"gold_loss":0},{"damage_healed":0,"gold_gain":0,"player_choice":"Opened","damage_taken":0,"relics_obtained":["MawBank"],"max_hp_gain":0,"max_hp_loss":0,"event_name":"The Mausoleum","floor":19,"gold_loss":0,"cards_obtained":["Writhe"]},{"damage_healed":0,"gold_gain":0,"player_choice":"Obtained Book","damage_taken":16,"max_hp_gain":0,"max_hp_loss":0,"event_name":"Cursed Tome","floor":29,"gold_loss":0},{"damage_healed":0,"gold_gain":0,"player_choice":"Fight","damage_taken":0,"max_hp_gain":0,"max_hp_loss":0,"event_name":"MindBloom","floor":36,"gold_loss":0},{"damage_healed":0,"gold_gain":0,"player_choice":"Ignored","damage_taken":0,"max_hp_gain":0,"max_hp_loss":0,"event_name":"Tomb of Lord Red Mask","floor":37,"gold_loss":0}],"is_beta":false,"boss_relics":[{"not_picked":["Runic Dome","Philosopher\u0027s Stone"],"picked":"Coffee Dripper"},{"not_picked":["Sozu","White Beast Statue"],"picked":"Nuclear Battery"}],"items_purged_floors":[25],"is_endless":false,"potions_floor_spawned":[1,5,7,12,18,21,24,28,35,38,42,44],"ascension_level":8}