{"gold_per_floor":[210,230,49,124,199,214,227,257,280,294,294,325,325,345,345,443,443,453,251,267,282,282,300,326,326,326,326,77,77,77,5,5,104,104,114,125,125,139,155,155,201,217,217,217,217],"floor_reached":45,"playtime":2786,"items_purged":[],"score":579,"play_id":"5f5c5863-ad0a-4a63-975b-b8ff08c53d0c","local_time":"20181215093815","is_ascension_mode":true,"campfire_choices":[{"floor":11,"key":"REST"},{"floor":13,"key":"REST"},{"floor":15,"key":"REST"},{"floor":29,"key":"REST"},{"data":"Neutralize","floor":32,"key":"SMITH"},{"data":"Footwork","floor":40,"key":"SMITH"},{"data":"Distraction","floor":44,"key":"SMITH"}],"neow_cost":"NONE","seed_source_timestamp":228577668424611,"circlet_count":0,"master_deck":["Defend_G","Defend_G+1","Defend_G","Defend_G","Defend_G","Strike_G","Strike_G","Strike_G","Strike_G","Survivor","Neutralize+1","Poisoned Stab","Deflect+1","Footwork+1","Bouncing Flask","Caltrops","Cloak And Dagger","Escape Plan","Deflect","Envenom","Corpse Explosion","All Out Attack","Distraction+1","J.A.X.","Backstab","Deflect","Necronomicurse","Noxious Fumes","Die Die Die","PiercingWail","Crippling Poison","Acrobatics+1"],"relics":["Ring of the Snake","Vajra","Pen Nib","Snake Skull","Smiling Mask","Sozu","Lee\u0027s Waffle","War Paint","Necronomicon","Bottled Tornado","Mercury Hourglass","Coffee Dripper","Ancient Tea Set","Kunai"],"potions_floor_usage":[12,16,24],"damage_taken":[{"damage":2,"enemies":"2 Louse","floor":1,"turns":3},{"damage":1,"enemies":"Jaw Worm","floor":2,"turns":3},{"damage":1,"enemies":"Cultist","floor":6,"turns":3},{"damage":1,"enemies":"Looter","floor":7,"turns":4},{"damage":32,"enemies":"Lagavulin","floor":8,"turns":6},{"damage":0,"enemies":"Blue Slaver","floor":10,"turns":4},{"damage":16,"enemies":"3 Sentries","floor":12,"turns":7},{"damage":7,"enemies":"Large Slime","floor":14,"turns":7},{"damage":27,"enemies":"The Guardian","floor":16,"turns":8},{"damage":17,"enemies":"Chosen","floor":18,"turns":5},{"damage":4,"enemies":"3 Byrds","floor":20,"turns":3},{"damage":14,"enemies":"Centurion and Healer","floor":21,"turns":5},{"damage":12,"enemies":"3 Cultists","floor":23,"turns":3},{"damage":24,"enemies":"Book of Stabbing","floor":24,"turns":4},{"damage":23,"enemies":"Champ","floor":33,"turns":11},{"damage":6,"enemies":"3 Darklings","floor":35,"turns":3},{"damage":17,"enemies":"Orb Walker","floor":36,"turns":4},{"damage":27,"enemies":"Transient","floor":38,"turns":5},{"damage":3,"enemies":"Sphere and 2 Shapes","floor":39,"turns":3},{"damage":4,"enemies":"4 Shapes","floor":42,"turns":3},{"damage":10,"enemies":"Spire Growth","floor":45,"turns":2}],"seed_played":"5954255871470150287","potions_obtained":[{"floor":2,"key":"Fire Potion"},{"floor":14,"key":"EssenceOfSteel"},{"floor":16,"key":"LiquidBronze"}],"is_trial":false,"path_per_floor":["M","M","$","?","?","M","M","E","T","M","R","E","R","M","R","B",null,"M","$","M","M","?","M","E","?","T","?","$","R","$","$","R","B",null,"M","M","?","M","M","R","T","M","T","R","M"],"character_chosen":"THE_SILENT","items_purchased":["Vajra","Footwork","Lee\u0027s Waffle","Mercury Hourglass","Noxious Fumes"],"campfire_rested":4,"item_purchase_floors":[3,3,19,28,31],"current_hp_per_floor":[61,60,60,49,42,41,40,8,8,8,29,13,34,27,48,21,58,41,77,73,59,59,47,23,7,7,7,7,30,30,30,30,7,60,54,37,37,10,7,7,7,3,3,3,0],"gold":217,"neow_bonus":"HUNDRED_GOLD","is_prod":false,"is_daily":false,"chose_seed":false,"campfire_upgraded":3,"win_rate":0,"timestamp":1544884695,"path_taken":["M","M","$","?","?","M","M","E","T","M","R","E","R","M","R","BOSS","M","$","M","M","?","M","E","?","T","?","$","R","?","$","R","BOSS","M","M","?","?","M","R","?","M","T","R","M"],"build_version":"2018-12-13","purchased_purges":0,"victory":false,"max_hp_per_floor":[70,70,70,70,70,70,70,70,70,70,70,70,70,70,70,70,70,70,77,77,77,77,77,77,77,77,77,77,77,77,77,77,77,77,77,77,77,77,77,77,77,77,77,77,77],"card_choices":[{"not_picked":["Bane","Dagger Spray"],"picked":"Poisoned Stab","floor":1},{"not_picked":["Riddle With Holes","Quick Slash"],"picked":"Deflect","floor":2},{"not_picked":["Poisoned Stab","Masterful Stab"],"picked":"Bouncing Flask","floor":6},{"not_picked":["Eviscerate","Flying Knee"],"picked":"Caltrops","floor":7},{"not_picked":["Outmaneuver","Deadly Poison"],"picked":"Cloak And Dagger","floor":8},{"not_picked":["Masterful Stab","Leg Sweep"],"picked":"Escape Plan","floor":10},{"not_picked":["Quick Slash","Sucker Punch"],"picked":"Deflect","floor":12},{"not_picked":["Flying Knee","Flechettes"],"picked":"Envenom","floor":14},{"not_picked":["After Image","Wraith Form v2"],"picked":"Corpse Explosion","floor":16},{"not_picked":["Backflip","Infinite Blades"],"picked":"All Out Attack","floor":18},{"not_picked":["Accuracy","Prepared","Underhanded Strike"],"picked":"SKIP","floor":20},{"not_picked":["Phantasmal Killer","Dagger Throw"],"picked":"Distraction","floor":21},{"not_picked":["Masterful Stab","Slice"],"picked":"Backstab","floor":23},{"not_picked":["Outmaneuver","Malaise"],"picked":"Deflect","floor":24},{"not_picked":["A Thousand Cuts","Wraith Form v2"],"picked":"Die Die Die","floor":33},{"not_picked":["All Out Attack","Deflect","Flying Knee"],"picked":"SKIP","floor":35},{"not_picked":["Tactician+1","Dagger Spray"],"picked":"PiercingWail","floor":36},{"not_picked":["Escape Plan","Finisher+1"],"picked":"Crippling Poison","floor":38},{"not_picked":["Flying Knee+1","Slice+1","Cloak And Dagger+1"],"picked":"SKIP","floor":39},{"not_picked":["Cloak And Dagger+1","Doppelganger"],"picked":"Acrobatics+1","floor":42}],"player_experience":305893,"relics_obtained":[{"floor":8,"key":"Pen Nib"},{"floor":9,"key":"Snake Skull"},{"floor":12,"key":"Smiling Mask"},{"floor":24,"key":"War Paint"},{"floor":25,"key":"Necronomicon"},{"floor":26,"key":"Bottled Tornado"},{"floor":41,"key":"Ancient Tea Set"},{"floor":43,"key":"Kunai"}],"event_choices":[{"damage_healed":0,"gold_gain":75,"player_choice":"Gather Gold","damage_taken":11,"max_hp_gain":0,"max_hp_loss":0,"event_name":"World of Goop","floor":4,"gold_loss":0},{"damage_healed":0,"gold_gain":75,"player_choice":"Touch","damage_taken":7,"max_hp_gain":0,"max_hp_loss":0,"event_name":"FaceTrader","floor":5,"gold_loss":0},{"damage_healed":0,"gold_gain":0,"player_choice":"Obtain J.A.X.","damage_taken":0,"max_hp_gain":0,"max_hp_loss":0,"event_name":"Drug Dealer","floor":22,"gold_loss":0,"cards_obtained":["J.A.X."]},{"damage_healed":0,"gold_gain":0,"player_choice":"Obtained Book","damage_taken":16,"max_hp_gain":0,"max_hp_loss":0,"event_name":"Cursed Tome","floor":25,"gold_loss":0},{"cards_removed":["Strike_G"],"damage_healed":0,"gold_gain":0,"player_choice":"Elegance","damage_taken":0,"max_hp_gain":0,"max_hp_loss":0,"event_name":"Back to Basics","floor":27,"gold_loss":0},{"damage_healed":0,"gold_gain":0,"player_choice":"Bought 0 Potions","damage_taken":0,"max_hp_gain":0,"max_hp_loss":0,"event_name":"The Woman in Blue","floor":37,"gold_loss":0}],"is_beta":false,"boss_relics":[{"not_picked":["Velvet Choker","White Beast Statue"],"picked":"Sozu"},{"not_picked":["Philosopher\u0027s Stone","Astrolabe"],"picked":"Coffee Dripper"}],"items_purged_floors":[],"is_endless":false,"potions_floor_spawned":[2,14,16,21,33,35,38],"killed_by":"Spire Growth","ascension_level":6}