{"gold_per_floor":[112,168,179,199,274,274,299,79,79,8,22,38,3,3,3,3],"floor_reached":16,"playtime":1589,"items_purged":["Defend_G"],"score":115,"play_id":"49a0480c-a59a-46dd-b14c-4c2f9741d8ce","local_time":"20190223011739","is_ascension_mode":true,"campfire_choices":[{"data":"Predator","floor":6,"key":"SMITH"},{"data":"Footwork","floor":15,"key":"SMITH"}],"neow_cost":"NONE","seed_source_timestamp":564947747361711,"circlet_count":0,"master_deck":["Defend_G","Defend_G","Defend_G","Defend_G","Strike_G","Strike_G","Strike_G","Strike_G","Survivor","Neutralize","Predator+1","Quick Slash","Acrobatics","Prepared","Backflip","Tools of the Trade","Well Laid Plans","Tactician","Footwork+1","Blur","Regret"],"relics":["Ring of the Snake","Kunai","Pear","Dodecahedron"],"potions_floor_usage":[7,16],"damage_taken":[{"damage":6,"enemies":"2 Louse","floor":1,"turns":2},{"damage":2,"enemies":"Small Slimes","floor":3,"turns":3},{"damage":4,"enemies":"Jaw Worm","floor":4,"turns":3},{"damage":12,"enemies":"3 Sentries","floor":7,"turns":7},{"damage":1,"enemies":"Blue Slaver","floor":11,"turns":3},{"damage":20,"enemies":"Exordium Wildlife","floor":12,"turns":7},{"damage":33,"enemies":"Slime Boss","floor":16,"turns":7}],"seed_played":"-2159319452714120015","potions_obtained":[{"floor":3,"key":"Block Potion"},{"floor":12,"key":"LiquidBronze"}],"is_trial":false,"path_per_floor":["M","?","M","M","?","R","E","$","T","$","M","M","$","?","R","B"],"character_chosen":"THE_SILENT","items_purchased":["Tools of the Trade","Well Laid Plans","Blur"],"campfire_rested":0,"item_purchase_floors":[8,10,13],"current_hp_per_floor":[64,64,62,58,47,47,35,35,45,45,44,24,24,24,24,0],"gold":3,"neow_bonus":"TRANSFORM_CARD","is_prod":false,"is_daily":false,"chose_seed":false,"campfire_upgraded":2,"win_rate":0,"timestamp":1550881059,"path_taken":["M","?","M","M","?","R","E","?","T","?","?","M","$","?","R","BOSS"],"build_version":"2019-01-23","purchased_purges":1,"victory":false,"max_hp_per_floor":[70,70,70,70,70,70,70,70,80,80,80,80,80,80,80,80],"card_choices":[{"not_picked":["Dagger Spray","Blade Dance"],"picked":"Quick Slash","floor":1},{"not_picked":["Quick Slash","Outmaneuver"],"picked":"Acrobatics","floor":3},{"not_picked":["Dagger Spray","Cloak And Dagger"],"picked":"Prepared","floor":4},{"not_picked":["Prepared","Blade Dance"],"picked":"Backflip","floor":7},{"not_picked":["Bouncing Flask","Skewer"],"picked":"Tactician","floor":11},{"not_picked":["Heel Hook","Dagger Throw"],"picked":"Footwork","floor":12}],"player_experience":322527,"relics_obtained":[{"floor":7,"key":"Kunai"},{"floor":9,"key":"Pear"}],"event_choices":[{"damage_healed":0,"gold_gain":56,"player_choice":"Gained Gold","damage_taken":0,"max_hp_gain":0,"max_hp_loss":0,"event_name":"Golden Wing","floor":2,"gold_loss":0},{"damage_healed":0,"gold_gain":75,"player_choice":"Gather Gold","damage_taken":11,"max_hp_gain":0,"max_hp_loss":0,"event_name":"World of Goop","floor":5,"gold_loss":0},{"damage_healed":0,"gold_gain":0,"player_choice":"Box","damage_taken":0,"relics_obtained":["Dodecahedron"],"max_hp_gain":0,"max_hp_loss":0,"event_name":"Big Fish","floor":14,"gold_loss":0,"cards_obtained":["Regret"]}],"is_beta":false,"boss_relics":[],"items_purged_floors":[8],"is_endless":false,"potions_floor_spawned":[3,12],"killed_by":"Slime Boss","ascension_level":3}