{"path_per_floor":["M","?","?","M","?","E","M","M","T","R","$","?","$","M","R","B",null,"M","$","?","M","M","R","E","$","T","R","E","?","M","E","R","B",null,"M","?","?","M","M","E","R","M","T","R","$","M","R","M","R","B"],"character_chosen":"IRONCLAD","items_purchased":["Thunderclap","Bag of Marbles","Dropkick"],"gold_per_floor":[109,109,109,125,85,116,127,146,173,173,49,49,49,68,68,166,166,178,178,178,193,211,211,240,9,9,9,34,34,51,84,84,185,185,196,196,196,206,225,252,252,266,266,266,166,176,176,192,192,192],"floor_reached":51,"campfire_rested":0,"playtime":1406,"current_hp_per_floor":[80,80,73,73,73,65,69,67,67,67,67,55,55,64,64,39,80,80,80,65,76,85,85,85,85,85,85,85,85,85,85,85,62,85,85,85,85,85,85,82,82,85,85,85,85,82,82,85,85,74],"items_purged":["Defend_R","Clumsy"],"gold":192,"score":610,"play_id":"0b763bf5-1976-4cf8-a3ff-0b76f3175cf6","is_prod":false,"is_daily":false,"is_ascension_mode":false,"campfire_upgraded":4,"path_taken":["M","?","?","M","?","E","M","?","T","R","?","?","?","M","R","BOSS","M","$","?","M","?","R","E","?","T","R","E","?","M","E","R","BOSS","M","?","?","M","?","E","R","?","T","R","$","M","R","M","R","BOSS"],"build_version":"2018-02-12-PROD1","purchased_purges":2,"victory":true,"master_deck":["Strike_R+1","Strike_R+1","Strike_R+1","Strike_R+1","Strike_R+1","Bash","Clash","Battle Trance+1","Clash","Thunderclap","Iron Wave+1","Offering+1","Clash","Dropkick","Pommel Strike+1","Rampage+1","Pommel Strike+1"],"max_hp_per_floor":[80,80,80,80,80,80,80,80,80,80,80,80,80,80,80,80,80,80,80,85,85,85,85,85,85,85,85,85,85,85,85,85,85,85,85,85,85,85,85,85,85,85,85,85,85,85,85,85,85,85],"relics":["Black Blood","Gambling Chip","Bronze Scales","Magic Flower","Pen Nib","Bag of Marbles","Girya","Torii","Self Forming Clay","Cursed Key","Orichalcum","Peace Pipe"],"card_choices":[{"not_picked":["Power Through","Flex"],"picked":"Clash"},{"not_picked":["Power Through","Clothesline"],"picked":"Battle Trance"},{"not_picked":["Seeing Red","Heavy Blade"],"picked":"Clash"},{"not_picked":["Intimidate","Reckless Charge"],"picked":"Iron Wave"},{"not_picked":["Demon Form","Feed"],"picked":"Offering"},{"not_picked":["Body Slam","True Grit"],"picked":"Clash"},{"not_picked":["Dual Wield","Infernal Blade"],"picked":"Pommel Strike"},{"not_picked":["Twin Strike","Dark Embrace"],"picked":"Rampage"},{"not_picked":["Power Through","Body Slam"],"picked":"Cleave"},{"not_picked":["Flex","Havoc"],"picked":"Pommel Strike"}],"player_experience":261478,"potions_floor_usage":[6,6,48,50,50,50],"damage_taken":[{"damage":0,"enemies":"Small Slimes","floor":1,"turns":4},{"damage":6,"enemies":"Jaw Worm","floor":4,"turns":3},{"damage":14,"enemies":"3 Sentries","floor":6,"turns":5},{"damage":2,"enemies":"2 Louse","floor":7,"turns":3},{"damage":8,"enemies":"Large Slime","floor":8,"turns":4},{"damage":0,"enemies":"2 Fungi Beasts","floor":14,"turns":1},{"damage":34,"enemies":"Hexaghost","floor":16,"turns":5},{"damage":14,"enemies":"Shell Parasite","floor":18,"turns":2},{"damage":4,"enemies":"3 Byrds","floor":21,"turns":3},{"damage":4,"enemies":"Sentry and Sphere","floor":22,"turns":3},{"damage":6,"enemies":"Slavers","floor":24,"turns":2},{"damage":4,"enemies":"Gremlin Leader","floor":28,"turns":2},{"damage":4,"enemies":"Chosen and Byrds","floor":30,"turns":2},{"damage":4,"enemies":"Book of Stabbing","floor":31,"turns":2},{"damage":38,"enemies":"Automaton","floor":33,"turns":6},{"damage":4,"enemies":"Orb Walker","floor":35,"turns":1},{"damage":11,"enemies":"3 Shapes","floor":38,"turns":1},{"damage":4,"enemies":"Maw","floor":39,"turns":2},{"damage":18,"enemies":"Giant Head","floor":40,"turns":5},{"damage":4,"enemies":"3 Darklings","floor":42,"turns":1},{"damage":18,"enemies":"Sphere and 2 Shapes","floor":46,"turns":1},{"damage":11,"enemies":"4 Shapes","floor":48,"turns":2},{"damage":26,"enemies":"Time Eater","floor":50,"turns":5}],"event_choices":[{"event_name":"Living Wall","player_choice":"Change","floor":2,"damage_taken":0},{"event_name":"Golden Wing","player_choice":"Card Removal","floor":3,"damage_taken":0},{"event_name":"The Woman in Blue","player_choice":"Bought 3 Potions","floor":5,"damage_taken":0},{"event_name":"Scrap Ooze","player_choice":"success","floor":12,"damage_taken":12},{"event_name":"Forgotten Altar","player_choice":"Shed Blood","floor":20,"damage_taken":0},{"event_name":"Back to Basics","player_choice":"Simplicity","floor":29,"damage_taken":0},{"event_name":"Purifier","player_choice":"One Purge","floor":36,"damage_taken":0},{"event_name":"Winding Halls","player_choice":"Writhe","floor":37,"damage_taken":0}],"boss_relics":[{"not_picked":["Runic Cube","Eternal Feather"],"picked":"Black Blood"},{"not_picked":["Lizard Tail","Calling Bell"],"picked":"Cursed Key"}],"potions_floor_spawned":[1,7,14,16,21,22,28,33,42,48],"seed_played":"3072579990327210392","ascension_level":0,"is_trial":false}