{"gold_per_floor":[114,189,202,202,219,219,13,13,13,23,23,198,123,154,154,154],"floor_reached":16,"playtime":715,"items_purged":[],"score":98,"play_id":"70ab2126-e63a-4e23-af48-7f7a94d491c5","local_time":"20181013000609","is_ascension_mode":false,"campfire_choices":[{"data":"Adrenaline","floor":6,"key":"SMITH"},{"data":"Doppelganger","floor":8,"key":"SMITH"},{"data":"Accuracy","floor":11,"key":"SMITH"},{"floor":15,"key":"REST"}],"neow_cost":"NONE","seed_source_timestamp":247479521249802,"circlet_count":0,"master_deck":["Defend_G","Defend_G","Defend_G","Defend_G","Defend_G","Strike_G","Strike_G","Strike_G","Strike_G","Survivor","Neutralize","Adrenaline+1","Quick Slash","Doppelganger+1","Accuracy+1","PiercingWail","Dagger Throw","Doubt","Caltrops","Dagger Throw"],"relics":["Ring of the Snake","Bottled Lightning","Orichalcum"],"potions_floor_usage":[14,16],"damage_taken":[{"damage":0,"enemies":"Jaw Worm","floor":1,"turns":4},{"damage":0,"enemies":"2 Louse","floor":3,"turns":3},{"damage":2,"enemies":"Small Slimes","floor":5,"turns":3},{"damage":3,"enemies":"Looter","floor":10,"turns":4},{"damage":29,"enemies":"Gremlin Nob","floor":14,"turns":6},{"damage":43,"enemies":"Slime Boss","floor":16,"turns":12}],"seed_played":"-5911542714008880389","potions_obtained":[{"floor":3,"key":"SteroidPotion"},{"floor":10,"key":"GhostInAJar"}],"is_trial":false,"path_per_floor":["M","?","M","?","M","R","$","R","T","M","R","?","$","E","R"],"character_chosen":"THE_SILENT","items_purchased":["Doppelganger","Accuracy","PiercingWail","Caltrops"],"campfire_rested":1,"item_purchase_floors":[7,7,7,13],"current_hp_per_floor":[70,59,59,52,50,50,50,50,50,47,47,47,47,18,39,0],"gold":154,"neow_bonus":"ONE_RANDOM_RARE_CARD","is_prod":false,"is_daily":false,"chose_seed":false,"campfire_upgraded":3,"win_rate":0,"timestamp":1539403569,"path_taken":["M","?","M","?","M","R","$","R","T","M","R","?","$","E","R","BOSS"],"build_version":"2018-10-11","purchased_purges":0,"victory":false,"max_hp_per_floor":[70,70,70,70,70,70,70,70,70,70,70,70,70,70,70,70],"card_choices":[{"not_picked":["Poisoned Stab","Dagger Throw","Outmaneuver"],"picked":"SKIP","floor":1},{"not_picked":["Blade Dance","Prepared"],"picked":"Quick Slash","floor":3},{"not_picked":["Catalyst","Deflect","Underhanded Strike"],"picked":"SKIP","floor":5},{"not_picked":["Riddle With Holes","Underhanded Strike"],"picked":"Dagger Throw","floor":10},{"not_picked":["Flying Knee","Night Terror"],"picked":"Dagger Throw","floor":14}],"player_experience":596166,"relics_obtained":[{"floor":9,"key":"Bottled Lightning"},{"floor":14,"key":"Orichalcum"}],"event_choices":[{"event_name":"World of Goop","player_choice":"Gather Gold","floor":2,"damage_taken":0},{"event_name":"Golden Wing","player_choice":"Card Removal","floor":4,"damage_taken":0},{"event_name":"Liars Game","player_choice":"agreed","floor":12,"damage_taken":0}],"is_beta":false,"boss_relics":[],"items_purged_floors":[],"is_endless":false,"potions_floor_spawned":[3,10],"killed_by":"Slime Boss","ascension_level":0}