{"gold_per_floor":[114,114,127,144,155,155,173,183,183,183,199,218,234,248,248,248],"floor_reached":16,"playtime":589,"items_purged":[],"score":190,"play_id":"3056be1d-6794-4d43-a53b-39a60de3f147","local_time":"20190228223948","is_ascension_mode":true,"campfire_choices":[{"data":"Uppercut","floor":6,"key":"SMITH"},{"data":"Sever Soul","floor":10,"key":"SMITH"},{"data":"Bash","floor":15,"key":"SMITH"}],"neow_cost":"NONE","seed_source_timestamp":96126774014061,"circlet_count":0,"master_deck":["AscendersBane","Strike_R","Strike_R","Strike_R","Strike_R","Defend_R","Defend_R","Defend_R","Defend_R","Bash+1","Uppercut+1","Sever Soul+1","Warcry","Dropkick","Clash","Thunderclap+1"],"relics":["Burning Blood","NeowsBlessing","Molten Egg 2"],"potions_floor_usage":[14],"damage_taken":[{"damage":0,"enemies":"Small Slimes","floor":1,"turns":2},{"damage":0,"enemies":"Cultist","floor":3,"turns":1},{"damage":0,"enemies":"Jaw Worm","floor":4,"turns":1},{"damage":9,"enemies":"Exordium Wildlife","floor":5,"turns":4},{"damage":24,"enemies":"Exordium Thugs","floor":7,"turns":4},{"damage":16,"enemies":"Large Slime","floor":8,"turns":7},{"damage":11,"enemies":"3 Louse","floor":11,"turns":4},{"damage":38,"enemies":"Gremlin Gang","floor":12,"turns":5},{"damage":0,"enemies":"2 Fungi Beasts","floor":13,"turns":2},{"damage":4,"enemies":"Blue Slaver","floor":14,"turns":2},{"damage":26,"enemies":"The Guardian","floor":16,"turns":7}],"seed_played":"-7884472125225572938","potions_obtained":[{"floor":7,"key":"SpeedPotion"},{"floor":8,"key":"BloodPotion"},{"floor":14,"key":"LiquidBronze"}],"is_trial":false,"path_per_floor":["M","?","M","M","M","R","M","M","T","R","M","M","M","M","R","B"],"character_chosen":"IRONCLAD","items_purchased":[],"campfire_rested":0,"item_purchase_floors":[],"current_hp_per_floor":[74,74,75,75,72,72,54,44,44,44,39,7,13,22,22,0],"gold":248,"neow_bonus":"THREE_ENEMY_KILL","is_prod":false,"is_daily":false,"chose_seed":false,"campfire_upgraded":3,"win_rate":0,"timestamp":1551361188,"path_taken":["M","?","M","M","?","R","M","?","T","R","M","M","M","M","R","BOSS"],"build_version":"2019-01-23","purchased_purges":0,"victory":false,"max_hp_per_floor":[75,75,75,75,75,75,75,75,75,75,75,75,75,75,75,75],"card_choices":[{"not_picked":["Warcry","Heavy Blade"],"picked":"Uppercut","floor":1},{"not_picked":["Headbutt","Perfected Strike"],"picked":"Warcry","floor":3},{"not_picked":["Anger","Rage"],"picked":"Dropkick","floor":4},{"not_picked":["Havoc","Cleave","Shrug It Off"],"picked":"SKIP","floor":5},{"not_picked":["Power Through","Perfected Strike","Reckless Charge"],"picked":"SKIP","floor":7},{"not_picked":["Bloodletting","Havoc"],"picked":"Clash","floor":8},{"not_picked":["Shrug It Off","Perfected Strike+1","Sword Boomerang+1"],"picked":"SKIP","floor":11},{"not_picked":["Power Through","True Grit","Wild Strike+1"],"picked":"SKIP","floor":12},{"not_picked":["Rage","Exhume","Inflame"],"picked":"SKIP","floor":13},{"not_picked":["Heavy Blade+1","Feel No Pain"],"picked":"Thunderclap+1","floor":14}],"player_experience":956813,"relics_obtained":[{"floor":9,"key":"Molten Egg 2"}],"event_choices":[{"damage_healed":0,"gold_gain":0,"cards_transformed":["Strike_R"],"player_choice":"Transformed","damage_taken":0,"max_hp_gain":0,"max_hp_loss":0,"event_name":"Transmorgrifier","floor":2,"gold_loss":0,"cards_obtained":["Sever Soul"]}],"is_beta":false,"boss_relics":[],"items_purged_floors":[],"is_endless":false,"potions_floor_spawned":[7,8,11,13,14],"killed_by":"The Guardian","ascension_level":18}