{"gold_per_floor":[111,186,198,198,45,73,73,89,138,138,138,166,181,181,181,181],"floor_reached":16,"playtime":893,"items_purged":[],"score":245,"play_id":"74dcdb69-d7e6-490c-8fd1-46601181f9e6","local_time":"20190302101149","is_ascension_mode":true,"campfire_choices":[{"data":"Dagger Spray","floor":7,"key":"SMITH"},{"data":"Unload","floor":11,"key":"SMITH"},{"data":"Dodge and Roll","floor":15,"key":"SMITH"}],"neow_cost":"NONE","seed_source_timestamp":226266582874810,"circlet_count":0,"master_deck":["AscendersBane","Defend_G","Defend_G","Defend_G+1","Defend_G","Defend_G","Strike_G","Strike_G","Strike_G+1","Strike_G","Survivor","Neutralize","Dagger Spray+1","Unload+1","Dodge and Roll+1","PiercingWail","Unload"],"relics":["Ring of the Snake","NeowsBlessing","Lantern","Oddly Smooth Stone","Snake Skull","Juzu Bracelet"],"potions_floor_usage":[12,16,16],"damage_taken":[{"damage":0,"enemies":"Cultist","floor":1,"turns":1},{"damage":0,"enemies":"Small Slimes","floor":3,"turns":1},{"damage":0,"enemies":"Gremlin Nob","floor":6,"turns":1},{"damage":0,"enemies":"2 Louse","floor":8,"turns":2},{"damage":0,"enemies":"Lagavulin","floor":12,"turns":4},{"damage":0,"enemies":"2 Fungi Beasts","floor":13,"turns":3},{"damage":63,"enemies":"Slime Boss","floor":16,"turns":14}],"seed_played":"-526585772528220855","potions_obtained":[{"floor":3,"key":"SkillPotion"},{"floor":8,"key":"Swift Potion"},{"floor":12,"key":"Dexterity Potion"}],"is_trial":false,"path_per_floor":["M","?","M","?","$","E","R","M","T","?","R","E","M","?","R","B"],"character_chosen":"THE_SILENT","items_purchased":["Lantern"],"campfire_rested":0,"item_purchase_floors":[5],"current_hp_per_floor":[63,52,52,52,52,52,52,52,52,38,38,38,38,61,61,0],"gold":181,"neow_bonus":"THREE_ENEMY_KILL","is_prod":false,"is_daily":false,"chose_seed":false,"campfire_upgraded":3,"win_rate":0,"timestamp":1551539509,"path_taken":["M","?","M","?","$","E","R","M","T","?","R","E","M","?","R","BOSS"],"build_version":"2019-01-23","purchased_purges":0,"victory":false,"max_hp_per_floor":[70,70,70,70,70,70,70,70,70,70,70,70,70,70,70,70],"card_choices":[{"not_picked":["Underhanded Strike","Outmaneuver"],"picked":"Dagger Spray","floor":1},{"not_picked":["Deadly Poison","Dagger Spray"],"picked":"Unload","floor":3},{"not_picked":["Deflect","Flechettes"],"picked":"Dodge and Roll","floor":6},{"not_picked":["Deadly Poison","Heel Hook"],"picked":"PiercingWail","floor":8},{"not_picked":["Slice","Poisoned Stab"],"picked":"Unload","floor":12},{"not_picked":["PiercingWail","Tactician","Poisoned Stab"],"picked":"SKIP","floor":13}],"player_experience":319294,"relics_obtained":[{"floor":6,"key":"Oddly Smooth Stone"},{"floor":9,"key":"Snake Skull"},{"floor":12,"key":"Juzu Bracelet"}],"event_choices":[{"damage_healed":0,"gold_gain":75,"player_choice":"Gather Gold","damage_taken":11,"max_hp_gain":0,"max_hp_loss":0,"event_name":"World of Goop","floor":2,"gold_loss":0},{"cards_removed":["Strike_G"],"damage_healed":0,"gold_gain":0,"player_choice":"Forget","damage_taken":0,"max_hp_gain":0,"max_hp_loss":0,"event_name":"Living Wall","floor":4,"gold_loss":0},{"damage_healed":0,"gold_gain":0,"player_choice":"Entered Light","damage_taken":14,"max_hp_gain":0,"max_hp_loss":0,"event_name":"Shining Light","floor":10,"gold_loss":0,"cards_upgraded":["Strike_G","Defend_G"]},{"damage_healed":23,"gold_gain":0,"player_choice":"Banana","damage_taken":0,"max_hp_gain":0,"max_hp_loss":0,"event_name":"Big Fish","floor":14,"gold_loss":0}],"is_beta":false,"boss_relics":[],"items_purged_floors":[],"is_endless":false,"potions_floor_spawned":[3,8,12,13],"killed_by":"Slime Boss","ascension_level":11}