{"path_per_floor":["M","M","$","M","M","R","E","R","T","E","M","R","E","M","R","B",null,"M","?","?","$","M","E","R","E","T","E","M","R","E","M","R","B",null,"M","M","$","?","?","E","M","E","T","R","M","E","$","M","R","B"],"character_chosen":"IRONCLAD","items_purchased":["Metallicize","Shrug It Off","Feel No Pain","Havoc","Shrug It Off","Bandage Up","Entrench","Havoc","Anchor"],"gold_per_floor":[213,225,43,60,79,79,113,113,138,197,209,209,244,254,254,333,333,347,347,377,36,35,70,70,101,101,134,152,152,178,196,196,269,269,282,301,126,174,174,200,220,248,248,248,260,286,82,99,99,99],"floor_reached":51,"campfire_rested":2,"playtime":6450,"current_hp_per_floor":[68,71,71,70,69,69,60,60,60,54,55,55,35,41,66,12,68,70,70,68,68,66,52,52,50,50,37,30,55,57,55,55,61,80,53,59,59,61,61,67,72,74,74,74,80,86,86,86,86,82],"items_purged":["Parasite","Strike_R","Strike_R","Strike_R"],"gold":99,"score":1148,"play_id":"0de4992d-9760-4877-9aae-b0e243c3d94b","is_prod":false,"is_daily":false,"is_ascension_mode":true,"campfire_upgraded":7,"path_taken":["M","M","$","M","?","R","E","R","T","E","M","R","E","M","R","BOSS","M","?","?","$","M","E","R","E","T","E","M","R","E","M","R","BOSS","M","M","$","?","?","E","M","E","T","R","?","E","?","M","R","BOSS"],"build_version":"2018-02-15-BETA1","purchased_purges":4,"victory":true,"master_deck":["Strike_R","Strike_R","Defend_R","Defend_R","Defend_R","Defend_R","Bash+1","Headbutt+1","Metallicize","Shrug It Off","Pommel Strike+1","Shrug It Off","Metallicize","Burning Pact","Offering","Intimidate","Offering","Feel No Pain+1","Havoc+1","Shrug It Off","Bandage Up","Barricade+1","Shrug It Off","Second Wind","Armaments+1","Offering","Feel No Pain","Demon Form","Body Slam+1","Entrench+1","Havoc+1","Entrench+1","Body Slam+1","Body Slam+1"],"max_hp_per_floor":[75,75,72,72,72,72,86,86,86,86,86,86,86,86,86,86,86,86,86,86,86,86,86,86,86,86,86,86,86,86,86,86,86,86,86,86,86,86,86,86,86,86,86,86,86,86,86,86,86,86],"relics":["Black Blood","Mango","Orichalcum","Tiny Chest","Dead Branch","Runic Dome","Red Mask","Pen Nib","Gambling Chip","Molten Egg 2","Smiling Mask","Bag of Preparation","Frozen Eye","Lantern","Dodecahedron","Ice Cream","Bronze Scales","Anchor"],"card_choices":[{"not_picked":["Heavy Blade","Thunderclap"],"picked":"Headbutt"},{"not_picked":["Sentinel","Cleave"],"picked":"Pommel Strike"},{"not_picked":["Impervious","Flex"],"picked":"Shrug It Off"},{"not_picked":["Clash","Heavy Blade"],"picked":"Metallicize"},{"not_picked":["Clothesline","Entrench"],"picked":"Burning Pact"},{"not_picked":["Exhume","Juggernaut"],"picked":"Offering"},{"not_picked":["Thunderclap","Combust"],"picked":"Intimidate"},{"not_picked":["Fire Breathing","Heavy Blade"],"picked":"Barricade"},{"not_picked":["Perfected Strike","Carnage"],"picked":"Shrug It Off"},{"not_picked":["Flex","Demon Form"],"picked":"Second Wind"},{"not_picked":["Perfected Strike","Wild Strike"],"picked":"Armaments"},{"not_picked":["Wild Strike","Thunderclap"],"picked":"Offering"},{"not_picked":["Shrug It Off","Spot Weakness"],"picked":"Feel No Pain"},{"not_picked":["Juggernaut","Exhume"],"picked":"Demon Form"},{"not_picked":["Sword Boomerang","True Grit"],"picked":"Body Slam"},{"not_picked":["Armaments","Burning Pact"],"picked":"Entrench"},{"not_picked":["Flame Barrier","Heavy Blade"],"picked":"Body Slam"},{"not_picked":["Clothesline","Twin Strike"],"picked":"Body Slam"}],"player_experience":256391,"potions_floor_usage":[10,16,25,25],"damage_taken":[{"damage":6,"enemies":"Cultist","floor":1,"turns":3},{"damage":3,"enemies":"Jaw Worm","floor":2,"turns":4},{"damage":7,"enemies":"2 Louse","floor":4,"turns":3},{"damage":7,"enemies":"2 Fungi Beasts","floor":5,"turns":5},{"damage":29,"enemies":"3 Sentries","floor":7,"turns":8},{"damage":12,"enemies":"Lagavulin","floor":10,"turns":6},{"damage":5,"enemies":"Looter","floor":11,"turns":3},{"damage":26,"enemies":"Gremlin Nob","floor":13,"turns":5},{"damage":0,"enemies":"Blue Slaver","floor":14,"turns":5},{"damage":60,"enemies":"Hexaghost","floor":16,"turns":14},{"damage":4,"enemies":"Spheric Guardian","floor":18,"turns":3},{"damage":8,"enemies":"Masked Bandits","floor":20,"turns":3},{"damage":12,"enemies":"2 Thieves","floor":22,"turns":4},{"damage":24,"enemies":"Book of Stabbing","floor":23,"turns":5},{"damage":12,"enemies":"Slavers","floor":25,"turns":6},{"damage":23,"enemies":"Book of Stabbing","floor":27,"turns":4},{"damage":17,"enemies":"Chosen and Byrds","floor":28,"turns":5},{"damage":8,"enemies":"Gremlin Leader","floor":30,"turns":6},{"damage":12,"enemies":"Snecko","floor":31,"turns":2},{"damage":12,"enemies":"Automaton","floor":33,"turns":15},{"damage":41,"enemies":"3 Darklings","floor":35,"turns":6},{"damage":4,"enemies":"Orb Walker","floor":36,"turns":1},{"damage":12,"enemies":"Mysterious Sphere","floor":38,"turns":4},{"damage":8,"enemies":"2 Orb Walkers","floor":40,"turns":3},{"damage":9,"enemies":"4 Shapes","floor":41,"turns":4},{"damage":8,"enemies":"Nemesis","floor":42,"turns":3},{"damage":4,"enemies":"Maw","floor":45,"turns":2},{"damage":4,"enemies":"Giant Head","floor":46,"turns":2},{"damage":4,"enemies":"Flame Bruiser 2 Orb","floor":48,"turns":1},{"damage":18,"enemies":"Time Eater","floor":50,"turns":4}],"event_choices":[{"event_name":"Duplicator","player_choice":"One dupe","floor":19,"damage_taken":0},{"event_name":"Masked Bandits","player_choice":"Fought over 347 gold","floor":20,"damage_taken":0},{"event_name":"Mysterious Sphere","player_choice":"Fight","floor":38,"damage_taken":0},{"event_name":"Upgrade Shrine","player_choice":"Upgraded","floor":39,"damage_taken":0}],"boss_relics":[{"not_picked":["Lizard Tail","Eternal Feather"],"picked":"Runic Dome"},{"not_picked":["Runic Cube","Runic Pyramid"],"picked":"Black Blood"}],"potions_floor_spawned":[2,4,11,14,16,22,25,27,30,38,42,48],"seed_played":"-8699142755387653781","ascension_level":14,"is_trial":false}