{"gold_per_floor":[18,18,29,39,39,39,59,59,128,148,163,185,185,185,185,185],"floor_reached":16,"playtime":576,"items_purged":[],"score":184,"play_id":"68f156ae-9964-4dce-939d-5859343c8590","local_time":"20190303121429","is_ascension_mode":true,"campfire_choices":[{"data":"Spot Weakness","floor":6,"key":"SMITH"},{"data":"Cleave","floor":8,"key":"SMITH"},{"data":"True Grit","floor":13,"key":"SMITH"},{"data":"Thunderclap","floor":15,"key":"SMITH"}],"neow_cost":"NO_GOLD","seed_source_timestamp":140089801854034,"circlet_count":0,"master_deck":["AscendersBane","Strike_R","Strike_R","Strike_R","Defend_R","Defend_R","Defend_R","Bash+1","Cleave+1","Thunderclap+1","Spot Weakness+1","True Grit+1","Corruption"],"relics":["Burning Blood","Darkstone Periapt","Odd Mushroom"],"potions_floor_usage":[7,16],"damage_taken":[{"damage":4,"enemies":"Small Slimes","floor":1,"turns":4},{"damage":2,"enemies":"Cultist","floor":3,"turns":4},{"damage":6,"enemies":"Jaw Worm","floor":4,"turns":4},{"damage":7,"enemies":"Exordium Thugs","floor":7,"turns":4},{"damage":7,"enemies":"Large Slime","floor":10,"turns":3},{"damage":0,"enemies":"Lots of Slimes","floor":11,"turns":1},{"damage":6,"enemies":"The Mushroom Lair","floor":12,"turns":4},{"damage":74,"enemies":"Slime Boss","floor":16,"turns":8}],"seed_played":"1222993943578079158","potions_obtained":[{"floor":1,"key":"AttackPotion"},{"floor":7,"key":"Strength Potion"}],"is_trial":false,"path_per_floor":["M","?","M","M","?","R","M","R","T","M","M","?","R","?","R","B"],"character_chosen":"IRONCLAD","items_purchased":[],"campfire_rested":0,"item_purchase_floors":[],"current_hp_per_floor":[70,70,74,74,74,74,73,73,73,72,75,75,75,75,75,1],"gold":185,"neow_bonus":"REMOVE_TWO","is_prod":false,"is_daily":false,"chose_seed":false,"campfire_upgraded":4,"win_rate":0,"timestamp":1551582869,"path_taken":["M","?","?","M","?","R","M","R","T","M","?","?","R","?","R","BOSS"],"build_version":"2019-01-23","purchased_purges":0,"victory":false,"max_hp_per_floor":[75,75,75,75,75,75,75,75,75,75,75,75,75,75,75,75],"card_choices":[{"not_picked":["Combust","Clothesline"],"picked":"Cleave","floor":1},{"not_picked":["Havoc","Iron Wave"],"picked":"Thunderclap","floor":3},{"not_picked":["Thunderclap","Sword Boomerang"],"picked":"Spot Weakness","floor":4},{"not_picked":["Infernal Blade","Flex","Headbutt"],"picked":"SKIP","floor":7},{"not_picked":["Searing Blow","Spot Weakness","Clothesline"],"picked":"SKIP","floor":10},{"not_picked":["Brutality","Havoc"],"picked":"True Grit","floor":11}],"player_experience":1029031,"relics_obtained":[{"floor":9,"key":"Darkstone Periapt"},{"floor":12,"key":"Odd Mushroom"}],"event_choices":[{"damage_healed":0,"gold_gain":0,"player_choice":"0 cards matched","damage_taken":0,"max_hp_gain":0,"max_hp_loss":0,"event_name":"Match and Keep!","floor":2,"gold_loss":0,"cards_obtained":[]},{"damage_healed":0,"gold_gain":0,"player_choice":"Upgraded","damage_taken":0,"max_hp_gain":0,"max_hp_loss":0,"event_name":"Upgrade Shrine","floor":5,"gold_loss":0,"cards_upgraded":["Bash"]},{"damage_healed":0,"gold_gain":0,"player_choice":"Fought Mushrooms","damage_taken":0,"max_hp_gain":0,"max_hp_loss":0,"event_name":"Mushrooms","floor":12,"gold_loss":0},{"damage_healed":0,"gold_gain":0,"cards_transformed":["Strike_R"],"player_choice":"Transformed","damage_taken":0,"max_hp_gain":0,"max_hp_loss":0,"event_name":"Transmorgrifier","floor":14,"gold_loss":0,"cards_obtained":["Corruption"]}],"is_beta":false,"boss_relics":[],"items_purged_floors":[],"is_endless":false,"potions_floor_spawned":[1,7],"killed_by":"Slime Boss","ascension_level":20}