{"gold_per_floor":[113,38,38,58,58,86,86,86,110,10,10,26,26,26,26,127,127,147,147,164,164,89,89],"floor_reached":23,"playtime":601,"items_purged":["Strike_R","Defend_R"],"score":210,"play_id":"1b9c0fa6-2455-4195-b7ab-5649d9a63bbb","local_time":"20190224163149","is_ascension_mode":false,"campfire_choices":[{"data":"Bash","floor":7,"key":"SMITH"},{"data":"Strike_R","floor":11,"key":"SMITH"},{"data":"Strike_R","floor":13,"key":"SMITH"},{"data":"Strike_R","floor":15,"key":"SMITH"}],"neow_cost":"NONE","seed_source_timestamp":768244059821869,"circlet_count":0,"master_deck":["Strike_R+1","Strike_R+1","Defend_R+1","Defend_R+1","Bash+1","Whirlwind"],"relics":["Burning Blood","NeowsBlessing","Boot","Potion Belt","Empty Cage","Enchiridion"],"potions_floor_usage":[20,20,23],"damage_taken":[{"damage":0,"enemies":"Small Slimes","floor":1,"turns":1},{"damage":0,"enemies":"Jaw Worm","floor":4,"turns":1},{"damage":0,"enemies":"Gremlin Nob","floor":6,"turns":1},{"damage":0,"enemies":"2 Louse","floor":12,"turns":3},{"damage":55,"enemies":"The Guardian","floor":16,"turns":10},{"damage":20,"enemies":"Shell Parasite","floor":18,"turns":8},{"damage":9,"enemies":"3 Byrds","floor":20,"turns":6},{"damage":50,"enemies":"Book of Stabbing","floor":23,"turns":5}],"seed_played":"-1037057488535002483","potions_obtained":[{"floor":1,"key":"FairyPotion"},{"floor":4,"key":"Explosive Potion"},{"floor":6,"key":"SteroidPotion"},{"floor":8,"key":"Block Potion"},{"floor":8,"key":"Fire Potion"}],"is_trial":false,"path_per_floor":["M","$","?","M","?","E","R","?","T","$","R","M","R","?","R","B",null,"M","?","M","?","$","E"],"character_chosen":"IRONCLAD","items_purchased":["Whirlwind"],"campfire_rested":0,"item_purchase_floors":[22],"current_hp_per_floor":[80,80,80,80,64,70,70,70,70,70,70,76,76,76,76,27,80,66,66,63,47,47,0],"gold":89,"neow_bonus":"THREE_ENEMY_KILL","is_prod":false,"is_daily":false,"chose_seed":false,"campfire_upgraded":4,"win_rate":0,"timestamp":1550993509,"path_taken":["M","$","?","M","?","E","R","?","T","$","R","?","R","?","R","BOSS","M","?","M","?","$","E"],"build_version":"2019-01-23","purchased_purges":2,"victory":false,"max_hp_per_floor":[80,80,80,80,80,80,80,80,80,80,80,80,80,80,80,80,80,80,80,80,80,80,80],"card_choices":[{"not_picked":["Hemokinesis","Disarm","Intimidate"],"picked":"SKIP","floor":1},{"not_picked":["Carnage","Clash","Clothesline"],"picked":"SKIP","floor":4},{"not_picked":["Heavy Blade","Sword Boomerang","Metallicize"],"picked":"SKIP","floor":6},{"not_picked":["Rage","Clothesline","Iron Wave"],"picked":"SKIP","floor":12},{"not_picked":["Wild Strike+1","Searing Blow","Warcry"],"picked":"SKIP","floor":18},{"not_picked":["Shrug It Off","Wild Strike","Heavy Blade"],"picked":"SKIP","floor":20}],"player_experience":912215,"relics_obtained":[{"floor":6,"key":"Boot"},{"floor":9,"key":"Potion Belt"},{"floor":21,"key":"Enchiridion"}],"event_choices":[{"damage_healed":0,"gold_gain":0,"player_choice":"Leave","damage_taken":0,"max_hp_gain":0,"max_hp_loss":0,"event_name":"The Cleric","floor":3,"gold_loss":0},{"damage_healed":0,"gold_gain":0,"player_choice":"Entered Light","damage_taken":16,"max_hp_gain":0,"max_hp_loss":0,"event_name":"Shining Light","floor":5,"gold_loss":0,"cards_upgraded":["Defend_R","Defend_R"]},{"damage_healed":0,"gold_gain":0,"player_choice":"Got Potions","damage_taken":0,"max_hp_gain":0,"max_hp_loss":0,"event_name":"Lab","floor":8,"gold_loss":0},{"cards_removed":["Strike_R"],"damage_healed":0,"gold_gain":0,"player_choice":"Forget","damage_taken":0,"max_hp_gain":0,"max_hp_loss":0,"event_name":"Living Wall","floor":14,"gold_loss":0},{"damage_healed":0,"gold_gain":0,"player_choice":"Ignored","damage_taken":0,"max_hp_gain":0,"max_hp_loss":0,"event_name":"Vampires","floor":19,"gold_loss":0},{"damage_healed":0,"gold_gain":0,"player_choice":"Obtained Book","damage_taken":16,"max_hp_gain":0,"max_hp_loss":0,"event_name":"Cursed Tome","floor":21,"gold_loss":0}],"is_beta":false,"boss_relics":[{"not_picked":["Philosopher\u0027s Stone","White Beast Statue"],"picked":"Empty Cage"}],"items_purged_floors":[2,10],"is_endless":false,"potions_floor_spawned":[1,4,6],"killed_by":"Book of Stabbing","ascension_level":0}