{"gold_per_floor":[116,116,116,116,132,132,147,162,185,185,110,142,142,171,171,246,246,256,256,276,5,5,5,22,37,60,89,99,99,99,119,119,196,196,212,225,225,244,257,257,257],"floor_reached":41,"playtime":1760,"items_purged":["Defend_R","Strike_R+1"],"score":946,"play_id":"481bfe02-7905-4aab-890b-98821258d9ee","local_time":"20190303151740","is_ascension_mode":true,"campfire_choices":[{"data":"Immolate","floor":6,"key":"SMITH"},{"data":"Fire Breathing","floor":10,"key":"SMITH"},{"data":"Metallicize","floor":13,"key":"SMITH"},{"data":"Juggernaut","floor":15,"key":"SMITH"},{"data":"Juggernaut","floor":23,"key":"SMITH"},{"data":"Intimidate","floor":29,"key":"SMITH"},{"data":"Shrug It Off","floor":32,"key":"SMITH"},{"data":"Bash","floor":40,"key":"SMITH"}],"neow_cost":"NONE","seed_source_timestamp":0,"circlet_count":0,"master_deck":["AscendersBane","Strike_R+1","Strike_R+1","Strike_R+1","Defend_R+1","Defend_R+1","Defend_R+1","Bash+1","Immolate+1","Fire Breathing+1","Intimidate+1","Metallicize+1","Juggernaut+1","Juggernaut+1","Shrug It Off+1","Warcry","Barricade+1","Second Wind"],"special_seed":0,"relics":["Black Blood","PreservedInsect","Red Skull","Orichalcum","Velvet Choker","Bronze Scales","Dream Catcher","Letter Opener"],"potions_floor_usage":[16,27,33],"damage_taken":[{"damage":0.0,"enemies":"Small Slimes","floor":1.0,"turns":2.0},{"damage":14,"enemies":"Jaw Worm","floor":5,"turns":4},{"damage":1,"enemies":"Cultist","floor":7,"turns":3},{"damage":12,"enemies":"Lots of Slimes","floor":8,"turns":2},{"damage":41,"enemies":"Lagavulin","floor":12,"turns":6},{"damage":5,"enemies":"3 Sentries","floor":14,"turns":2},{"damage":0,"enemies":"Slime Boss","floor":16,"turns":7},{"damage":8,"enemies":"Chosen","floor":18,"turns":4},{"damage":13,"enemies":"Shell Parasite","floor":20,"turns":4},{"damage":2,"enemies":"Centurion and Healer","floor":24,"turns":3},{"damage":16,"enemies":"Snake Plant","floor":25,"turns":3},{"damage":27,"enemies":"Gremlin Leader","floor":27,"turns":4},{"damage":0,"enemies":"Sentry and Sphere","floor":28,"turns":3},{"damage":2,"enemies":"Cultist and Chosen","floor":31,"turns":4},{"damage":22,"enemies":"Collector","floor":33,"turns":6},{"damage":4,"enemies":"Orb Walker","floor":35,"turns":3},{"damage":16,"enemies":"3 Darklings","floor":36,"turns":5},{"damage":7,"enemies":"4 Shapes","floor":38,"turns":5},{"damage":56,"enemies":"Spire Growth","floor":39,"turns":5},{"damage":26,"enemies":"3 Darklings","floor":41,"turns":2}],"seed_played":"5400378552163774690","potions_obtained":[{"floor":7,"key":"GamblersBrew"},{"floor":12,"key":"Weak Potion"},{"floor":14,"key":"FearPotion"},{"floor":22,"key":"PowerPotion"},{"floor":27,"key":"Explosive Potion"},{"floor":31,"key":"Block Potion"},{"floor":39,"key":"Energy Potion"}],"is_trial":false,"path_per_floor":["M","?","?","?","M","R","M","M","T","R","$","E","R","E","R","B",null,"M","?","M","$","?","R","M","M","T","E","M","R","$","M","R","B",null,"M","M","?","M","M","R","M"],"character_chosen":"IRONCLAD","items_purchased":["Bronze Scales"],"campfire_rested":0,"item_purchase_floors":[21],"current_hp_per_floor":[74,79,79,79,71,71,76,70,70,70,70,35,35,36,36,42,71,69,69,62,62,62,62,66,56,56,35,41,41,41,45,45,29,67,73,67,67,70,24,24,0],"gold":257,"neow_bonus":"ONE_RANDOM_RARE_CARD","is_prod":false,"is_daily":false,"chose_seed":false,"campfire_upgraded":8,"win_rate":0,"timestamp":1551593860,"path_taken":["M","?","?","?","M","R","M","?","T","R","$","E","R","E","R","BOSS","M","?","M","$","?","R","M","M","T","E","M","R","$","?","R","BOSS","M","?","?","?","?","R","M"],"build_version":"2019-01-23","purchased_purges":2,"victory":false,"max_hp_per_floor":[75,80,80,80,80,80,80,80,80,80,80,80,80,80,80,80,80,80,80,80,80,80,80,80,80,80,80,80,80,80,80,80,80,80,80,80,80,80,80,80,80],"card_choices":[{"not_picked":["Iron Wave","Corruption","Infernal Blade"],"picked":"SKIP","floor":1.0},{"not_picked":["Havoc","Whirlwind"],"picked":"Fire Breathing","floor":5},{"not_picked":["Searing Blow","Body Slam"],"picked":"Intimidate","floor":7},{"not_picked":["Pummel","Rampage"],"picked":"Metallicize","floor":8},{"not_picked":["Sword Boomerang","Cleave","Clash"],"picked":"SKIP","floor":12},{"not_picked":["Double Tap","Heavy Blade"],"picked":"Juggernaut","floor":14},{"not_picked":["Brutality","Double Tap"],"picked":"Juggernaut","floor":16},{"not_picked":["Heavy Blade","Flex"],"picked":"Shrug It Off","floor":18},{"not_picked":["Pommel Strike","Twin Strike","Anger"],"picked":"SKIP","floor":20},{"not_picked":["True Grit","Headbutt","Iron Wave"],"picked":"SKIP","floor":24},{"not_picked":["Power Through","Fire Breathing","Blood for Blood"],"picked":"SKIP","floor":25},{"not_picked":["Entrench","True Grit","Blood for Blood"],"picked":"SKIP","floor":27},{"not_picked":["Uppercut+1","Power Through","Hemokinesis"],"picked":"SKIP","floor":28},{"not_picked":["Second Wind","Inflame"],"picked":"Warcry","floor":31},{"not_picked":["Feed","Demon Form"],"picked":"Barricade","floor":33},{"not_picked":["Body Slam","Pommel Strike"],"picked":"Second Wind","floor":35},{"not_picked":["Seeing Red","Pummel","Spot Weakness+1"],"picked":"SKIP","floor":36},{"not_picked":["Pummel","Rage","Flex+1"],"picked":"SKIP","floor":38},{"not_picked":["Perfected Strike+1","Sword Boomerang","Pommel Strike+1"],"picked":"SKIP","floor":39}],"player_experience":1036860,"relics_obtained":[{"floor":9,"key":"PreservedInsect"},{"floor":12,"key":"Red Skull"},{"floor":14,"key":"Orichalcum"},{"floor":26,"key":"Dream Catcher"},{"floor":27,"key":"Letter Opener"}],"event_choices":[{"damage_healed":0.0,"max_hp_gain":5.0,"max_hp_loss":0.0,"gold_gain":0.0,"event_name":"Big Fish","player_choice":"Donut","floor":2.0,"gold_loss":0.0,"damage_taken":0.0},{"cards_removed":["Strike_R"],"damage_healed":0.0,"max_hp_gain":0.0,"max_hp_loss":0.0,"gold_gain":0.0,"event_name":"Living Wall","player_choice":"Forget","floor":3.0,"gold_loss":0.0,"damage_taken":0.0},{"damage_healed":0,"gold_gain":0,"player_choice":"Fled","damage_taken":0,"max_hp_gain":0,"max_hp_loss":0,"event_name":"Scrap Ooze","floor":4,"gold_loss":0},{"damage_healed":0,"gold_gain":0,"player_choice":"Simplicity","damage_taken":0,"max_hp_gain":0,"max_hp_loss":0,"event_name":"Back to Basics","floor":19,"gold_loss":0,"cards_upgraded":["Strike_R","Strike_R","Strike_R","Strike_R","Defend_R","Defend_R","Defend_R"]},{"damage_healed":0,"gold_gain":0,"player_choice":"Got Potions","damage_taken":0,"max_hp_gain":0,"max_hp_loss":0,"event_name":"Lab","floor":22,"gold_loss":0},{"damage_healed":0,"gold_gain":0,"player_choice":"Forge","damage_taken":0,"max_hp_gain":0,"max_hp_loss":0,"event_name":"Accursed Blacksmith","floor":37,"gold_loss":0,"cards_upgraded":["Barricade"]}],"is_beta":false,"boss_relics":[{"not_picked":["White Beast Statue","Snecko Eye"],"picked":"Velvet Choker"},{"not_picked":["Calling Bell","Lizard Tail"],"picked":"Black Blood"}],"items_purged_floors":[11,21],"is_endless":false,"potions_floor_spawned":[7,12,14,24,27,31,39],"killed_by":"3 Darklings","ascension_level":20}