{"gold_per_floor":[112,112,112,112,12,45,45,63,88,88,15,49,70,93,93,223,223,241,241,118,136,150,150,150],"floor_reached":24,"playtime":6466,"items_purged":["Strike_B"],"score":229,"play_id":"4fb38299-e883-4322-abcf-5a888b4d7028","local_time":"20190226192738","is_ascension_mode":false,"campfire_choices":[{"data":"Redo","floor":7,"key":"SMITH"},{"floor":10,"key":"REST"},{"floor":15,"key":"REST"},{"data":"Genetic Algorithm","floor":23,"key":"SMITH"}],"neow_cost":"NONE","seed_source_timestamp":1027879596875676,"circlet_count":0,"master_deck":["Strike_B","Strike_B+1","Strike_B+1","Defend_B","Defend_B","Defend_B","Defend_B","Zap","Dualcast","Coolheaded+1","Conserve Battery","Redo+1","FTL","FTL","Genetic Algorithm+1","Double Energy","Turbo","Coolheaded","Seek","Leap","Redo","Barrage","Genetic Algorithm"],"relics":["Cracked Core","NeowsBlessing","Golden Idol","Calipers","Centennial Puzzle","Ginger","Inserter"],"potions_floor_usage":[],"damage_taken":[{"damage":0,"enemies":"Cultist","floor":1,"turns":1},{"damage":0,"enemies":"3 Sentries","floor":6,"turns":1},{"damage":0,"enemies":"2 Louse","floor":8,"turns":1},{"damage":27,"enemies":"Lagavulin","floor":12,"turns":5},{"damage":3,"enemies":"Jaw Worm","floor":13,"turns":2},{"damage":11,"enemies":"Gremlin Gang","floor":14,"turns":3},{"damage":36,"enemies":"Slime Boss","floor":16,"turns":14},{"damage":10,"enemies":"Spheric Guardian","floor":18,"turns":3},{"damage":11,"enemies":"Colosseum Slavers","floor":19,"turns":4},{"damage":3,"enemies":"3 Byrds","floor":21,"turns":7},{"damage":20,"enemies":"Shelled Parasite and Fungi","floor":22,"turns":9},{"damage":39,"enemies":"Sentry and Sphere","floor":24,"turns":7}],"seed_played":"-8869660811076588592","potions_obtained":[{"floor":1,"key":"Dexterity Potion"},{"floor":8,"key":"Strength Potion"},{"floor":16,"key":"Energy Potion"}],"is_trial":false,"path_per_floor":["M","?","?","?","$","E","R","M","T","R","$","E","M","M","R","B",null,"M","?","$","M","M","R","M"],"character_chosen":"DEFECT","items_purchased":["Conserve Battery","Redo","Genetic Algorithm","Redo"],"campfire_rested":2,"item_purchase_floors":[5,5,11,20],"current_hp_per_floor":[75,75,57,42,42,42,42,42,42,64,64,37,34,23,45,9,75,65,54,54,51,31,31,0],"gold":150,"neow_bonus":"THREE_ENEMY_KILL","is_prod":false,"is_daily":false,"chose_seed":false,"campfire_upgraded":2,"win_rate":0,"timestamp":1551227258,"path_taken":["M","?","?","?","?","E","R","M","T","R","$","E","M","?","R","BOSS","M","?","$","M","M","R","M"],"build_version":"2019-01-23","purchased_purges":1,"victory":false,"max_hp_per_floor":[75,75,75,75,75,75,75,75,75,75,75,75,75,75,75,75,75,75,75,75,75,75,75,75],"card_choices":[{"not_picked":["Static Discharge","Compile Driver"],"picked":"Coolheaded","floor":1},{"not_picked":["Reinforced Body","Beam Cell"],"picked":"FTL","floor":6},{"not_picked":["Tempest","Storm"],"picked":"FTL","floor":8},{"not_picked":["FTL","Beam Cell"],"picked":"Double Energy","floor":12},{"not_picked":["Electrodynamics","Heatsinks"],"picked":"Turbo","floor":13},{"not_picked":["BootSequence","Barrage"],"picked":"Coolheaded","floor":14},{"not_picked":["All For One","Rainbow"],"picked":"Seek","floor":16},{"not_picked":["Hologram","Steam+1"],"picked":"Leap","floor":18},{"not_picked":["Ball Lightning","Conserve Battery+1"],"picked":"Barrage","floor":21},{"not_picked":["Fusion+1","Go for the Eyes"],"picked":"Genetic Algorithm","floor":22}],"player_experience":1096791,"relics_obtained":[{"floor":6,"key":"Calipers"},{"floor":9,"key":"Centennial Puzzle"},{"floor":12,"key":"Ginger"}],"event_choices":[{"damage_healed":0,"gold_gain":0,"player_choice":"Grow","damage_taken":0,"max_hp_gain":0,"max_hp_loss":0,"event_name":"Living Wall","floor":2,"gold_loss":0,"cards_upgraded":["Coolheaded"]},{"damage_healed":0,"gold_gain":0,"player_choice":"Take Damage","damage_taken":18,"relics_obtained":["Golden Idol"],"max_hp_gain":0,"max_hp_loss":0,"event_name":"Golden Idol","floor":3,"gold_loss":0},{"damage_healed":0,"gold_gain":0,"player_choice":"Entered Light","damage_taken":15,"max_hp_gain":0,"max_hp_loss":0,"event_name":"Shining Light","floor":4,"gold_loss":0,"cards_upgraded":["Strike_B","Strike_B"]},{"damage_healed":0,"gold_gain":0,"player_choice":"Fight","damage_taken":0,"max_hp_gain":0,"max_hp_loss":0,"event_name":"Colosseum","floor":19,"gold_loss":0},{"damage_healed":0,"gold_gain":0,"player_choice":"Fled From Nobs","damage_taken":0,"max_hp_gain":0,"max_hp_loss":0,"event_name":"Colosseum","floor":19,"gold_loss":0}],"is_beta":false,"boss_relics":[{"not_picked":["Philosopher\u0027s Stone","Calling Bell"],"picked":"Inserter"}],"items_purged_floors":[20],"is_endless":false,"potions_floor_spawned":[1,8,16,18],"killed_by":"Sentry and Sphere","ascension_level":0}