{"gold_per_floor":[16,16,16,16,27,40,40,60,87,87,105,105,105,135,135,232,232,244,21,36,36,55,55,73,73,73,73,86,86,86,105,105,210,210,229,247,247,263,173,173,173],"floor_reached":41,"playtime":2639,"items_purged":[],"score":408,"play_id":"21b1d346-9444-464a-a18f-554b742e6b70","local_time":"20190110003030","is_ascension_mode":false,"campfire_choices":[{"data":"A Thousand Cuts","floor":7,"key":"SMITH"},{"floor":13,"key":"REST"},{"data":"Cloak And Dagger","floor":15,"key":"SMITH"},{"floor":23,"key":"REST"},{"floor":29,"key":"REST"},{"floor":32,"key":"REST"},{"floor":40,"key":"REST"}],"neow_cost":"NO_GOLD","seed_source_timestamp":67182081770098,"circlet_count":0,"master_deck":["Defend_G","Defend_G","Defend_G","Defend_G","Defend_G","Strike_G","Strike_G","Survivor+1","Neutralize","A Thousand Cuts+1","Infinite Blades+1","Caltrops","Endless Agony","Deflect","Deadly Poison","Cloak And Dagger+1","Wraith Form v2","Footwork","Dodge and Roll","Flash of Steel","Slice","Prepared","Escape Plan","Blade Dance","Deflect","Infinite Blades","After Image","Infinite Blades+1","Deep Breath","Cloak And Dagger+1","Parasite"],"relics":["Ring of the Snake","Orichalcum","Smiling Mask","Philosopher\u0027s Stone","Nilry\u0027s Codex","Molten Egg 2","Bottled Flame","WristBlade"],"potions_floor_usage":[22,22,31,33,33,33,38],"damage_taken":[{"damage":3,"enemies":"Jaw Worm","floor":1,"turns":6},{"damage":0,"enemies":"2 Louse","floor":5,"turns":3},{"damage":1,"enemies":"Cultist","floor":6,"turns":4},{"damage":8,"enemies":"Looter","floor":8,"turns":3},{"damage":7,"enemies":"2 Fungi Beasts","floor":11,"turns":3},{"damage":27,"enemies":"Slime Boss","floor":16,"turns":8},{"damage":10,"enemies":"Shell Parasite","floor":18,"turns":5},{"damage":22,"enemies":"2 Thieves","floor":20,"turns":3},{"damage":0,"enemies":"Cultist and Chosen","floor":22,"turns":7},{"damage":20,"enemies":"Snake Plant","floor":24,"turns":4},{"damage":19,"enemies":"Centurion and Healer","floor":28,"turns":5},{"damage":12,"enemies":"Snecko","floor":31,"turns":5},{"damage":29,"enemies":"Collector","floor":33,"turns":10},{"damage":51,"enemies":"3 Darklings","floor":35,"turns":4},{"damage":5,"enemies":"Orb Walker","floor":36,"turns":4},{"damage":1,"enemies":"Maw","floor":38,"turns":7},{"damage":41,"enemies":"Writhing Mass","floor":41,"turns":3}],"seed_played":"1096394181249361169","potions_obtained":[{"floor":1,"key":"Swift Potion"},{"floor":6,"key":"SkillPotion"},{"floor":8,"key":"Dexterity Potion"},{"floor":22,"key":"Dexterity Potion"},{"floor":24,"key":"PowerPotion"},{"floor":31,"key":"Ancient Potion"},{"floor":36,"key":"Block Potion"}],"is_trial":false,"path_per_floor":["M","?","?","?","M","M","R","M","T","?","M","?","R","?","R","B",null,"M","$","M","?","M","R","M","?","T","?","M","R","T","M","R","B",null,"M","M","?","M","?","R","M"],"character_chosen":"THE_SILENT","items_purchased":["Footwork","Dodge and Roll","Flash of Steel"],"campfire_rested":5,"item_purchase_floors":[19,19,19],"current_hp_per_floor":[67,55,60,60,60,59,59,51,51,51,44,37,59,59,59,32,75,65,65,43,27,27,49,29,29,29,29,10,32,32,20,42,13,75,24,19,19,18,18,40,0],"gold":173,"neow_bonus":"THREE_RARE_CARDS","is_prod":false,"is_daily":false,"chose_seed":false,"campfire_upgraded":2,"win_rate":0,"timestamp":1547098230,"path_taken":["M","?","?","?","M","M","R","?","T","?","M","?","R","?","R","BOSS","M","$","M","?","M","R","M","?","T","?","?","R","?","M","R","BOSS","M","M","?","M","?","R","?"],"build_version":"2019-01-03v4","purchased_purges":0,"victory":false,"max_hp_per_floor":[70,70,75,75,75,75,75,75,75,75,75,75,75,75,75,75,75,75,75,75,75,75,75,75,75,75,75,75,75,75,75,75,75,75,75,75,75,75,75,75,75],"card_choices":[{"not_picked":["Phantasmal Killer","Die Die Die"],"picked":"A Thousand Cuts","floor":0},{"not_picked":["Backstab","Poisoned Stab"],"picked":"Infinite Blades","floor":1},{"not_picked":["Outmaneuver","Sucker Punch"],"picked":"Endless Agony","floor":5},{"not_picked":["Bane","Deadly Poison"],"picked":"Deflect","floor":6},{"not_picked":["Tactician","Skewer"],"picked":"Deadly Poison","floor":8},{"not_picked":["Heel Hook","Leg Sweep"],"picked":"Cloak And Dagger","floor":11},{"not_picked":["Grand Finale","Glass Knife"],"picked":"Wraith Form v2","floor":16},{"not_picked":["Crippling Poison","Flying Knee","Sucker Punch"],"picked":"SKIP","floor":18},{"not_picked":["Catalyst","Acrobatics"],"picked":"Slice","floor":20},{"not_picked":["Tactician","Caltrops"],"picked":"Prepared","floor":22},{"not_picked":["Flying Knee","Outmaneuver+1"],"picked":"Escape Plan","floor":24},{"not_picked":["Tactician","Skewer+1"],"picked":"Deflect","floor":28},{"not_picked":["Concentrate+1","Bane+1"],"picked":"Infinite Blades","floor":31},{"not_picked":["Venomology","Night Terror"],"picked":"After Image","floor":33},{"not_picked":["Acrobatics+1","Backflip"],"picked":"Infinite Blades+1","floor":35},{"not_picked":["Dagger Spray+1","Poisoned Stab+1","Underhanded Strike+1"],"picked":"SKIP","floor":36},{"not_picked":["Magnetism","Chrysalis"],"picked":"Deep Breath","floor":37},{"not_picked":["Flying Knee+1","Masterful Stab+1"],"picked":"Cloak And Dagger+1","floor":38}],"player_experience":914841,"relics_obtained":[{"floor":9,"key":"Smiling Mask"},{"floor":21,"key":"Nilry\u0027s Codex"},{"floor":26,"key":"Molten Egg 2"},{"floor":30,"key":"Bottled Flame"}],"event_choices":[{"damage_healed":0,"gold_gain":0,"player_choice":"Success","damage_taken":12,"relics_obtained":["Orichalcum"],"max_hp_gain":0,"max_hp_loss":0,"event_name":"Scrap Ooze","floor":2,"gold_loss":0},{"damage_healed":0,"gold_gain":0,"player_choice":"Donut","damage_taken":0,"max_hp_gain":5,"max_hp_loss":0,"event_name":"Big Fish","floor":3,"gold_loss":0},{"damage_healed":0,"gold_gain":0,"cards_transformed":["Strike_G"],"player_choice":"Transformed","damage_taken":0,"max_hp_gain":0,"max_hp_loss":0,"event_name":"Transmorgrifier","floor":4,"gold_loss":0,"cards_obtained":["Caltrops"]},{"damage_healed":0,"gold_gain":0,"player_choice":"Grow","damage_taken":0,"max_hp_gain":0,"max_hp_loss":0,"event_name":"Living Wall","floor":10,"gold_loss":0,"cards_upgraded":["Infinite Blades"]},{"cards_removed":["Strike_G"],"damage_healed":0,"gold_gain":0,"player_choice":"Card Removal","damage_taken":7,"max_hp_gain":0,"max_hp_loss":0,"event_name":"Golden Wing","floor":12,"gold_loss":0},{"damage_healed":0,"gold_gain":30,"player_choice":"Searched \u00271\u0027 times","damage_taken":0,"max_hp_gain":0,"max_hp_loss":0,"event_name":"Dead Adventurer","floor":14,"gold_loss":0},{"damage_healed":0,"gold_gain":0,"player_choice":"Obtained Book","damage_taken":16,"max_hp_gain":0,"max_hp_loss":0,"event_name":"Cursed Tome","floor":21,"gold_loss":0},{"damage_healed":0,"gold_gain":0,"player_choice":"Read","damage_taken":0,"max_hp_gain":0,"max_hp_loss":0,"event_name":"The Library","floor":27,"gold_loss":0,"cards_obtained":["Blade Dance"]},{"damage_healed":0,"gold_gain":0,"player_choice":"Memory 1","damage_taken":0,"max_hp_gain":0,"max_hp_loss":0,"event_name":"SensoryStone","floor":37,"gold_loss":0},{"cards_removed":["Strike_G"],"damage_healed":0,"gold_gain":0,"player_choice":"Upgrade and Remove","damage_taken":0,"max_hp_gain":0,"max_hp_loss":0,"event_name":"Designer","floor":39,"gold_loss":90,"cards_upgraded":["Survivor"]}],"is_beta":false,"boss_relics":[{"not_picked":["Calling Bell","Runic Dome"],"picked":"Philosopher\u0027s Stone"},{"not_picked":["Empty Cage","Pandora\u0027s Box"],"picked":"WristBlade"}],"items_purged_floors":[],"is_endless":false,"potions_floor_spawned":[1,6,8,22,24,31,36],"killed_by":"Writhing Mass","ascension_level":0}