{"gold_per_floor":[111,286,299,317,61,61,61,71,96,126,32,107,121,121,121,225,225,243,243,243,19,19,19,45,45],"floor_reached":25,"playtime":1066,"items_purged":[],"score":300,"play_id":"816f1b08-c670-41da-90aa-2e78e147585c","local_time":"20181120215342","is_ascension_mode":true,"campfire_choices":[{"data":"Noxious Fumes","floor":6.0,"key":"SMITH"},{"floor":15.0,"key":"REST"},{"data":"Catalyst","floor":23,"key":"SMITH"}],"neow_cost":"NONE","seed_source_timestamp":584603324109387,"circlet_count":0,"master_deck":["Defend_G","Defend_G","Defend_G","Defend_G","Defend_G","Strike_G","Strike_G","Strike_G","Survivor","Neutralize","Deadly Poison","Slice","Calculated Gamble","Noxious Fumes+1","Deadly Poison","Catalyst+1","Backflip","Noxious Fumes+1","PiercingWail","Bouncing Flask","Adrenaline","Distraction","Sucker Punch","Deadly Poison","Noxious Fumes","Tools of the Trade"],"special_seed":0,"relics":["Ring of the Snake","NeowsBlessing","Oddly Smooth Stone","Potion Belt","Odd Mushroom","Busted Crown","Membership Card","Ancient Tea Set"],"potions_floor_usage":[24],"damage_taken":[{"damage":0.0,"enemies":"Jaw Worm","floor":1.0,"turns":1.0},{"damage":0.0,"enemies":"Small Slimes","floor":3.0,"turns":1.0},{"damage":0.0,"enemies":"2 Louse","floor":4.0,"turns":1.0},{"damage":5.0,"enemies":"Blue Slaver","floor":8.0,"turns":5.0},{"damage":20.0,"enemies":"The Mushroom Lair","floor":10.0,"turns":6.0},{"damage":21.0,"enemies":"Exordium Wildlife","floor":13.0,"turns":6.0},{"damage":7.0,"enemies":"Hexaghost","floor":16.0,"turns":9.0},{"damage":8.0,"enemies":"Chosen","floor":18.0,"turns":3.0},{"damage":42,"enemies":"Gremlin Leader","floor":24,"turns":5},{"damage":15,"enemies":"Colosseum Slavers","floor":25,"turns":3}],"seed_played":"6449663125659467136","potions_obtained":[{"floor":3.0,"key":"Strength Potion"},{"floor":4.0,"key":"Block Potion"},{"floor":8.0,"key":"EssenceOfSteel"},{"floor":24,"key":"EssenceOfSteel"}],"is_trial":false,"path_per_floor":["M","?","M","M","$","R","$","M","T","?","$","?","M","?","R","B",null,"M","?","?","$","?","R","E","?"],"character_chosen":"THE_SILENT","items_purchased":["Noxious Fumes","Deadly Poison","Oddly Smooth Stone","Noxious Fumes","PiercingWail","Membership Card","Noxious Fumes"],"campfire_rested":1,"item_purchase_floors":[5,5,5,11,11,21,21],"current_hp_per_floor":[63,63,63,63,63,63,63,58,58,38,38,27,6,6,27,20,58,50,50,50,50,50,50,8,0],"gold":45,"neow_bonus":"THREE_ENEMY_KILL","is_prod":false,"is_daily":false,"chose_seed":false,"campfire_upgraded":2,"win_rate":0,"timestamp":1542768822,"path_taken":["M","?","M","M","$","R","$","M","T","?","?","?","M","?","R","BOSS","M","?","?","$","?","R","E","?"],"build_version":"2018-11-15","purchased_purges":0,"victory":false,"max_hp_per_floor":[70,70,70,70,70,70,70,70,70,70,70,70,70,70,70,70,70,70,70,70,70,70,70,70,70],"card_choices":[{"not_picked":["Crippling Poison","Skewer"],"picked":"Deadly Poison","floor":1.0},{"not_picked":["Outmaneuver","Expertise"],"picked":"Slice","floor":3.0},{"not_picked":["Underhanded Strike","Flying Knee"],"picked":"Calculated Gamble","floor":4.0},{"not_picked":["Underhanded Strike","Quick Slash"],"picked":"Catalyst","floor":8.0},{"not_picked":["Poisoned Stab","Quick Slash"],"picked":"Backflip","floor":10.0},{"not_picked":["Prepared","Infinite Blades"],"picked":"Bouncing Flask","floor":13.0},{"not_picked":["Doppelganger","Wraith Form v2"],"picked":"Adrenaline","floor":16.0},{"not_picked":["Distraction"],"picked":"SKIP","floor":18.0},{"not_picked":[],"picked":"Tools of the Trade","floor":24}],"player_experience":824997,"relics_obtained":[{"floor":9.0,"key":"Potion Belt"},{"floor":10.0,"key":"Odd Mushroom"},{"floor":24,"key":"Ancient Tea Set"}],"event_choices":[{"damage_healed":0.0,"max_hp_gain":0.0,"max_hp_loss":0.0,"gold_gain":175.0,"event_name":"Liars Game","player_choice":"AGREE","floor":2.0,"gold_loss":0.0,"damage_taken":0.0,"cards_obtained":["Doubt"]},{"damage_healed":0.0,"max_hp_gain":0.0,"max_hp_loss":0.0,"gold_gain":0.0,"event_name":"Mushrooms","player_choice":"Fought Mushrooms","floor":10.0,"gold_loss":0.0,"damage_taken":0.0},{"damage_healed":0.0,"max_hp_gain":0.0,"max_hp_loss":0.0,"gold_gain":75.0,"event_name":"World of Goop","player_choice":"Gather Gold","floor":12.0,"gold_loss":0.0,"damage_taken":11.0},{"damage_healed":0.0,"max_hp_gain":0.0,"max_hp_loss":0.0,"gold_gain":0.0,"event_name":"Living Wall","player_choice":"Grow","floor":14.0,"gold_loss":0.0,"damage_taken":0.0,"cards_upgraded":["Noxious Fumes"]},{"damage_healed":0.0,"max_hp_gain":0.0,"max_hp_loss":0.0,"gold_gain":0.0,"cards_transformed":["Strike_G","Strike_G"],"event_name":"Drug Dealer","player_choice":"Became Test Subject","floor":19.0,"gold_loss":0.0,"damage_taken":0.0,"cards_obtained":["Distraction","Sucker Punch"]},{"damage_healed":0.0,"max_hp_gain":0.0,"max_hp_loss":0.0,"gold_gain":0.0,"event_name":"The Library","player_choice":"Read","floor":20.0,"gold_loss":0.0,"damage_taken":0.0,"cards_obtained":["Deadly Poison"]},{"cards_removed":["Doubt"],"damage_healed":0,"gold_gain":0,"player_choice":"Elegance","damage_taken":0,"max_hp_gain":0,"max_hp_loss":0,"event_name":"Back to Basics","floor":22,"gold_loss":0},{"damage_healed":0,"gold_gain":0,"player_choice":"Fight","damage_taken":0,"max_hp_gain":0,"max_hp_loss":0,"event_name":"Colosseum","floor":25,"gold_loss":0}],"is_beta":false,"boss_relics":[{"not_picked":["Calling Bell","Ectoplasm"],"picked":"Busted Crown"}],"items_purged_floors":[],"is_endless":false,"potions_floor_spawned":[3,4,8,24],"killed_by":"Colosseum Slavers","ascension_level":9}