{"gold_per_floor":[115,40,53,53,71,71,96,106,131,141,141,41,41,41,41,140,140,140,140,15,15,15,15,15,15,15,15,15,15,15,15,15,15,15,15,15,15,15,15,15,15,15,15,15,15,15,15,15,15,15,15,15,15,15,15],"floor_reached":55,"playtime":3990,"items_purged":["Parasite","Defend_B","Defend_B"],"score":719,"play_id":"605773fe-539d-4693-8f06-b1f178e91163","local_time":"20190122220302","is_ascension_mode":false,"campfire_choices":[{"data":"Zap","floor":6,"key":"SMITH"},{"data":"Blizzard","floor":11,"key":"SMITH"},{"data":"Loop","floor":13,"key":"SMITH"},{"data":"Creative AI","floor":15,"key":"SMITH"},{"data":"Dualcast","floor":23,"key":"SMITH"},{"data":"The Bomb","floor":25,"key":"SMITH"},{"data":"Capacitor","floor":30,"key":"SMITH"},{"data":"Glacier","floor":32,"key":"SMITH"},{"data":"Fission","floor":40,"key":"SMITH"},{"data":"Dark Shackles","floor":42,"key":"SMITH"},{"data":"1","floor":46,"key":"LIFT"},{"floor":49,"key":"RECALL"},{"data":"2","floor":52,"key":"LIFT"}],"neow_cost":"CURSE","seed_source_timestamp":162883728339909,"circlet_count":0,"master_deck":["Defend_B+1","Defend_B","Zap+1","Dualcast+1","The Bomb+1","Dark Shackles+1","Chill+1","Glacier+1","Loop+1","Blizzard+1","Cold Snap","Creative AI+1","Echo Form","Sweeping Beam+1","Bite","Bite","Bite","Bite","Bite","Aggregate+1","Capacitor+1","Fission+1","Ball Lightning+1","Coolheaded+1","Conserve Battery+1"],"relics":["Cracked Core","FaceOfCleric","Lantern","Ectoplasm","War Paint","Bottled Flame","DataDisk","Girya","Cables","Sozu","FossilizedHelix","Thread and Needle","Bag of Marbles","Turnip"],"potions_floor_usage":[16,28,29,29,50,55,55],"damage_taken":[{"damage":0,"enemies":"Cultist","floor":1,"turns":3},{"damage":0,"enemies":"Small Slimes","floor":3,"turns":3},{"damage":0,"enemies":"Jaw Worm","floor":5,"turns":4},{"damage":2,"enemies":"Lagavulin","floor":7,"turns":8},{"damage":0,"enemies":"Looter","floor":8,"turns":3},{"damage":1,"enemies":"3 Louse","floor":10,"turns":4},{"damage":7,"enemies":"The Guardian","floor":16,"turns":10},{"damage":0,"enemies":"Shell Parasite","floor":18,"turns":6},{"damage":8,"enemies":"Chosen","floor":19,"turns":5},{"damage":11,"enemies":"Snake Plant","floor":22,"turns":4},{"damage":8,"enemies":"Centurion and Healer","floor":24,"turns":5},{"damage":21,"enemies":"Book of Stabbing","floor":28,"turns":6},{"damage":0,"enemies":"Colosseum Slavers","floor":29,"turns":3},{"damage":10,"enemies":"Colosseum Nobs","floor":29,"turns":4},{"damage":2,"enemies":"Sentry and Sphere","floor":31,"turns":8},{"damage":29,"enemies":"Champ","floor":33,"turns":8},{"damage":0,"enemies":"3 Darklings","floor":35,"turns":3},{"damage":53,"enemies":"2 Orb Walkers","floor":36,"turns":7},{"damage":4,"enemies":"3 Shapes","floor":38,"turns":3},{"damage":0,"enemies":"3 Darklings","floor":39,"turns":6},{"damage":0,"enemies":"Maw","floor":41,"turns":7},{"damage":0,"enemies":"Jaw Worm Horde","floor":44,"turns":3},{"damage":0,"enemies":"Giant Head","floor":45,"turns":8},{"damage":0,"enemies":"4 Shapes","floor":47,"turns":2},{"damage":0,"enemies":"Maw","floor":48,"turns":7},{"damage":19,"enemies":"Awakened One","floor":50,"turns":16},{"damage":7,"enemies":"Shield and Spear","floor":54,"turns":6},{"damage":81,"enemies":"The Heart","floor":55,"turns":6}],"seed_played":"-5177501040290410540","potions_obtained":[{"floor":1,"key":"Poison Potion"},{"floor":5,"key":"Weak Potion"},{"floor":16,"key":"EntropicBrew"},{"floor":19,"key":"Poison Potion"},{"floor":28,"key":"Weak Potion"},{"floor":29,"key":"Ancient Potion"},{"floor":33,"key":"AttackPotion"}],"is_trial":false,"path_per_floor":["M","$","M","?","M","R","E","M","T","M","R","$","R","?","R","B",null,"M","M","$","T","M","R","M","R","T","?","E","?","R","M","R","B",null,"M","?","?","M","M","R","M","R","T","M","E","R","M","M","R","B",null,"R","$","E","B"],"character_chosen":"DEFECT","items_purchased":[],"campfire_rested":0,"item_purchase_floors":[],"current_hp_per_floor":[75,72,72,72,73,73,72,73,73,73,73,73,73,73,73,67,77,78,71,71,71,61,61,54,54,54,54,46,44,44,60,60,50,61,62,21,21,18,33,33,50,50,50,59,66,66,69,70,70,64,71,71,71,71,0],"gold":15,"neow_bonus":"RANDOM_COLORLESS_2","is_prod":false,"is_daily":false,"chose_seed":false,"campfire_upgraded":10,"win_rate":0,"timestamp":1548162182,"path_taken":["M","$","M","?","M","R","E","?","T","M","R","$","R","?","R","BOSS","M","M","$","?","M","R","M","R","T","?","E","?","R","M","R","BOSS","M","?","?","M","M","R","M","R","T","M","E","R","M","M","R","BOSS","R","$","E","BOSS"],"build_version":"2019-01-17v2","purchased_purges":3,"victory":false,"max_hp_per_floor":[75,72,72,72,73,73,74,75,75,76,76,76,76,76,76,77,77,78,79,79,79,80,80,81,81,81,56,57,59,59,60,60,61,61,62,63,63,64,65,65,66,66,66,67,68,68,69,70,70,71,71,71,71,72,72],"card_choices":[{"not_picked":["Recycle","Rebound"],"picked":"Chill","floor":1},{"not_picked":["Hologram","Hello World"],"picked":"Glacier","floor":3},{"not_picked":["Sweeping Beam","Beam Cell"],"picked":"Loop","floor":5},{"not_picked":["Consume","Double Energy"],"picked":"Blizzard","floor":7},{"not_picked":["Beam Cell","Undo","Turbo"],"picked":"SKIP","floor":8},{"not_picked":["Recycle","Self Repair"],"picked":"Cold Snap","floor":10},{"not_picked":["Core Surge","Amplify"],"picked":"Echo Form","floor":16},{"not_picked":["Consume+1","Chaos","Melter+1"],"picked":"SKIP","floor":18},{"not_picked":["Cold Snap","Steam","Genetic Algorithm"],"picked":"SKIP","floor":19},{"not_picked":["Conserve Battery","Double Energy"],"picked":"Sweeping Beam+1","floor":22},{"not_picked":["Barrage","Redo+1","Coolheaded"],"picked":"SKIP","floor":24},{"not_picked":["Leap","Thunder Strike"],"picked":"Aggregate+1","floor":28},{"not_picked":["Auto Shields","Leap+1"],"picked":"Capacitor","floor":29},{"not_picked":["Streamline","Self Repair","Redo"],"picked":"SKIP","floor":31},{"not_picked":["Echo Form","Buffer"],"picked":"Fission","floor":33},{"not_picked":["Turbo","Cold Snap+1","Ball Lightning"],"picked":"SKIP","floor":35},{"not_picked":["Barrage","Chill+1"],"picked":"Ball Lightning+1","floor":38},{"not_picked":["Recycle+1","Hello World","Streamline"],"picked":"SKIP","floor":39},{"not_picked":["Go for the Eyes+1","Sweeping Beam"],"picked":"Coolheaded+1","floor":41},{"not_picked":["Fusion+1","Sunder","FTL"],"picked":"SKIP","floor":44},{"not_picked":["Coolheaded","Echo Form","Steam+1"],"picked":"SKIP","floor":45},{"not_picked":["Self Repair+1","Barrage+1"],"picked":"Conserve Battery+1","floor":47},{"not_picked":["Steam","Go for the Eyes+1","Tempest"],"picked":"SKIP","floor":48},{"not_picked":["Rebound","Sunder+1","Tempest+1"],"picked":"SKIP","floor":54}],"player_experience":870372,"relics_obtained":[{"floor":7,"key":"Lantern"},{"floor":21,"key":"War Paint"},{"floor":26,"key":"Bottled Flame"},{"floor":28,"key":"DataDisk"},{"floor":29,"key":"Girya"},{"floor":29,"key":"Cables"},{"floor":36,"key":"FossilizedHelix"},{"floor":43,"key":"Thread and Needle"},{"floor":45,"key":"Bag of Marbles"},{"floor":54,"key":"Turnip"}],"event_choices":[{"damage_healed":0,"gold_gain":0,"player_choice":"Trade","damage_taken":0,"relics_obtained":["FaceOfCleric"],"max_hp_gain":0,"max_hp_loss":0,"event_name":"FaceTrader","floor":4,"gold_loss":0},{"damage_healed":0,"gold_gain":0,"player_choice":"1 cards matched","damage_taken":0,"max_hp_gain":0,"max_hp_loss":0,"event_name":"Match and Keep!","floor":14,"gold_loss":0,"cards_obtained":["Creative AI"]},{"damage_healed":0,"gold_gain":0,"player_choice":"Became a vampire","damage_taken":0,"max_hp_gain":0,"max_hp_loss":25,"event_name":"Vampires","floor":27,"gold_loss":0,"cards_obtained":["Bite","Bite","Bite","Bite","Bite"]},{"damage_healed":0,"gold_gain":0,"player_choice":"Fight","damage_taken":0,"max_hp_gain":0,"max_hp_loss":0,"event_name":"Colosseum","floor":29,"gold_loss":0},{"damage_healed":0,"gold_gain":0,"player_choice":"Fought Nobs","damage_taken":0,"max_hp_gain":0,"max_hp_loss":0,"event_name":"Colosseum","floor":29,"gold_loss":0},{"damage_healed":0,"gold_gain":0,"player_choice":"Fight","damage_taken":0,"max_hp_gain":0,"max_hp_loss":0,"event_name":"Mysterious Sphere","floor":36,"gold_loss":0},{"damage_healed":0,"gold_gain":0,"player_choice":"Ignored","damage_taken":0,"max_hp_gain":0,"max_hp_loss":0,"event_name":"The Moai Head","floor":37,"gold_loss":0}],"is_beta":false,"boss_relics":[{"not_picked":["Black Star","Empty Cage"],"picked":"Ectoplasm"},{"not_picked":["Inserter","FrozenCore"],"picked":"Sozu"}],"items_purged_floors":[2,12,20],"is_endless":false,"potions_floor_spawned":[1,5,16,19,22,28,29,33,39,45,54],"killed_by":"The Heart","ascension_level":0}