{"gold_per_floor":[112,126,142,156,170,170,204,379,402,402,412,263,294,306,306,408,408,422,436,453,42,52,52,52],"floor_reached":24,"playtime":1855,"items_purged":["Doubt","Strike_R"],"score":261,"play_id":"ff10ab97-1088-4088-9411-84478f148824","local_time":"20190201223454","is_ascension_mode":true,"campfire_choices":[{"data":"Bash","floor":6,"key":"SMITH"},{"floor":10,"key":"REST"},{"data":"Barricade","floor":15,"key":"SMITH"},{"floor":23,"key":"REST"}],"neow_cost":"NONE","seed_source_timestamp":1076155215498005,"circlet_count":0,"master_deck":["Strike_R","Strike_R","Strike_R","Strike_R","Defend_R","Defend_R","Defend_R","Defend_R","Bash+1","Barricade+1","Uppercut","Twin Strike","Body Slam","Rampage","Entrench","Dual Wield","Iron Wave","Metallicize","Power Through","Cleave","Juggernaut","Entrench+1","Rage","Metallicize+1"],"relics":["Burning Blood","Pen Nib","Anchor","Oddly Smooth Stone","Cursed Key","Torii"],"potions_floor_usage":[16,19],"damage_taken":[{"damage":4,"enemies":"Small Slimes","floor":1,"turns":4},{"damage":10,"enemies":"Jaw Worm","floor":2,"turns":5},{"damage":1,"enemies":"Cultist","floor":3,"turns":3},{"damage":15,"enemies":"Blue Slaver","floor":4,"turns":4},{"damage":8,"enemies":"Red Slaver","floor":5,"turns":3},{"damage":40,"enemies":"3 Sentries","floor":7,"turns":8},{"damage":11,"enemies":"Looter","floor":11,"turns":4},{"damage":13,"enemies":"Lagavulin","floor":13,"turns":6},{"damage":7,"enemies":"Large Slime","floor":14,"turns":7},{"damage":15,"enemies":"Hexaghost","floor":16,"turns":10},{"damage":25,"enemies":"Spheric Guardian","floor":18,"turns":4},{"damage":24,"enemies":"3 Byrds","floor":19,"turns":5},{"damage":22,"enemies":"Snake Plant","floor":20,"turns":5},{"damage":0,"enemies":"Centurion and Healer","floor":22,"turns":8},{"damage":82,"enemies":"Gremlin Leader","floor":24,"turns":4}],"seed_played":"-7291232307178318085","potions_obtained":[{"floor":4,"key":"Weak Potion"},{"floor":5,"key":"Ancient Potion"},{"floor":14,"key":"FairyPotion"},{"floor":16,"key":"GamblersBrew"}],"is_trial":false,"path_per_floor":["M","M","M","M","M","R","E","?","T","R","M","$","E","M","R","B",null,"M","M","M","$","M","R","E"],"character_chosen":"IRONCLAD","items_purchased":["Metallicize","Torii"],"campfire_rested":2,"item_purchase_floors":[12,21],"current_hp_per_floor":[80,76,80,71,69,69,35,35,35,59,54,54,47,46,46,37,80,61,43,27,27,33,57,0],"gold":52,"neow_bonus":"ONE_RANDOM_RARE_CARD","is_prod":false,"is_daily":false,"chose_seed":false,"campfire_upgraded":2,"win_rate":0,"timestamp":1549060494,"path_taken":["M","M","M","M","M","R","E","?","T","R","M","$","E","M","R","BOSS","M","M","M","$","M","R","E"],"build_version":"2019-01-23","purchased_purges":2,"victory":false,"max_hp_per_floor":[80,80,80,80,80,80,80,80,80,80,80,80,80,80,80,80,80,80,80,80,80,80,80,80],"card_choices":[{"not_picked":["True Grit","Clash"],"picked":"Uppercut","floor":1},{"not_picked":["Reckless Charge","Burning Pact"],"picked":"Twin Strike","floor":2},{"not_picked":["Heavy Blade","Blood for Blood"],"picked":"Body Slam","floor":3},{"not_picked":["Bloodletting","Flex"],"picked":"Rampage","floor":4},{"not_picked":["Thunderclap","Twin Strike"],"picked":"Entrench","floor":5},{"not_picked":["Offering","Sentinel"],"picked":"Dual Wield","floor":7},{"not_picked":["Pommel Strike","Shrug It Off"],"picked":"Iron Wave","floor":11},{"not_picked":["Battle Trance","Whirlwind"],"picked":"Power Through","floor":13},{"not_picked":["Thunderclap","Blood for Blood"],"picked":"Cleave","floor":14},{"not_picked":["Offering","Fiend Fire"],"picked":"Juggernaut","floor":16},{"not_picked":["Thunderclap","Heavy Blade","Anger"],"picked":"SKIP","floor":18},{"not_picked":["Bloodletting","Sentinel"],"picked":"Entrench+1","floor":19},{"not_picked":["Armaments","Flex"],"picked":"Rage","floor":20},{"not_picked":["Bloodletting","Havoc"],"picked":"Metallicize+1","floor":22}],"player_experience":416244,"relics_obtained":[{"floor":7,"key":"Pen Nib"},{"floor":9,"key":"Anchor"},{"floor":13,"key":"Oddly Smooth Stone"}],"event_choices":[{"damage_healed":0,"gold_gain":175,"player_choice":"AGREE","damage_taken":0,"max_hp_gain":0,"max_hp_loss":0,"event_name":"Liars Game","floor":8,"gold_loss":0,"cards_obtained":["Doubt"]}],"is_beta":false,"boss_relics":[{"not_picked":["Fusion Hammer","Busted Crown"],"picked":"Cursed Key"}],"items_purged_floors":[12,21],"is_endless":false,"potions_floor_spawned":[4,5,14,16],"killed_by":"Gremlin Leader","ascension_level":2}