{"path_per_floor":["M","?","?","M","?","E","R","?","T","?","M","M","$","E","R"],"character_chosen":"IRONCLAD","items_purchased":["True Grit","Orichalcum"],"gold_per_floor":[109,109,184,198,198,227,227,227,250,250,260,273,45,77,77],"floor_reached":16,"campfire_rested":2,"playtime":1117,"current_hp_per_floor":[72,72,61,57,57,21,45,45,45,71,65,56,56,23,48],"items_purged":["Normality"],"gold":77,"play_id":"1bbc9d48-7ee0-4051-b74b-9f7b897cd648","is_prod":false,"is_daily":false,"is_ascension_mode":true,"campfire_upgraded":0,"path_taken":["M","?","?","M","?","E","R","?","T","?","M","M","$","E","R","BOSS"],"build_version":"2018-01-25-PROD3","purchased_purges":1,"victory":false,"master_deck":["Strike_R","Strike_R","Strike_R","Strike_R","Strike_R","Defend_R","Defend_R","Defend_R","Defend_R","Bash","Shrug It Off","Dropkick","Thunderclap","Cleave","Warcry+1","Iron Wave","Seeing Red","True Grit"],"max_hp_per_floor":[80,80,80,80,80,80,80,80,80,80,82,82,82,84,84],"relics":["Orrery","Meat on the Bone","Smiling Mask","Singing Bowl","Orichalcum","Red Skull"],"card_choices":[{"not_picked":["Power Through","Entrench"],"picked":"Shrug It Off"},{"not_picked":["Sword Boomerang","Clash"],"picked":"Dropkick"},{"not_picked":["Double Tap","Reckless Charge"],"picked":"Thunderclap"},{"not_picked":["Wild Strike","Havoc"],"picked":"Cleave"},{"not_picked":["Sever Soul","Inflame"],"picked":"Warcry"},{"not_picked":["Rage","Perfected Strike"],"picked":"Iron Wave"},{"not_picked":["Anger","Disarm"],"picked":"Seeing Red"}],"player_experience":181484,"potions_floor_usage":[],"damage_taken":[{"damage":8.0,"enemies":"2 Louse","floor":1.0,"turns":3.0},{"damage":4.0,"enemies":"Jaw Worm","floor":4.0,"turns":4.0},{"damage":36.0,"enemies":"3 Sentries","floor":6.0,"turns":8.0},{"damage":8.0,"enemies":"Blue Slaver","floor":11.0,"turns":4.0},{"damage":9.0,"enemies":"Looter","floor":12.0,"turns":4.0},{"damage":47,"enemies":"Lagavulin","floor":14,"turns":10},{"damage":49,"enemies":"The Guardian","floor":16,"turns":9}],"event_choices":[{"event_name":"Liars Game","player_choice":"disagreed","floor":2.0,"damage_taken":0.0},{"event_name":"World of Goop","player_choice":"Gather Gold","floor":3.0,"damage_taken":0.0},{"event_name":"Upgrade Shrine","player_choice":"Upgraded","floor":5.0,"damage_taken":0.0},{"event_name":"Accursed Blacksmith","player_choice":"Rummage","floor":8.0,"damage_taken":0.0},{"event_name":"Big Fish","player_choice":"Banana","floor":10.0,"damage_taken":0.0}],"boss_relics":[],"potions_floor_spawned":[1,6],"seed_played":"-2059537288110231165","killed_by":"The Guardian","ascension_level":2,"is_trial":false}