{"path_per_floor":["M","M","$","?","$","R","E","$","T","R","M","M","R","M","R","B",null,"M","M"],"character_chosen":"THE_SILENT","items_purchased":["Well Laid Plans","Poisoned Stab","Infinite Blades","Slice"],"gold_per_floor":[114,130,45,45,5,5,33,7,31,31,43,54,54,69,69,169,169,186,197],"floor_reached":20,"campfire_rested":2,"playtime":1341,"current_hp_per_floor":[67,67,67,67,67,67,40,40,40,61,55,55,55,50,70,37,70,48,26],"items_purged":[],"gold":197,"play_id":"98164d48-28b7-468f-b181-4c97cb54ba04","is_prod":false,"is_daily":false,"is_ascension_mode":false,"campfire_upgraded":2,"path_taken":["M","?","?","?","?","R","E","$","T","R","?","M","R","M","R","BOSS","M","M","?"],"build_version":"2018-02-01-PROD3","purchased_purges":0,"victory":false,"master_deck":["Defend_G","Defend_G","Defend_G","Defend_G","Defend_G","Strike_G","Strike_G","Strike_G","Strike_G","Strike_G","Survivor","Neutralize","Regret","Phantasmal Killer+1","Backstab+1","Sucker Punch","Well Laid Plans","Poisoned Stab","Regret","Infinite Blades","Dash","Slice","Bouncing Flask","Dagger Throw","Flying Knee","Envenom","Noxious Fumes","Noxious Fumes"],"max_hp_per_floor":[70,70,70,70,70,70,70,70,70,70,70,70,70,70,70,70,70,70,70],"relics":["Ring of the Snake","Ornamental Fan","Bottled Flame","Bag of Marbles","Question Card"],"card_choices":[{"not_picked":["Glass Knife","Corpse Explosion"],"picked":"Phantasmal Killer"},{"not_picked":["Leg Sweep","Dodge and Roll"],"picked":"Backstab"},{"not_picked":["Riddle With Holes","Dagger Throw"],"picked":"Sucker Punch"},{"not_picked":["Dagger Spray","Unload"],"picked":"Dash"},{"not_picked":["Outmaneuver","Flying Knee"],"picked":"Bouncing Flask"},{"not_picked":["Bane","Deadly Poison"],"picked":"Dagger Throw"},{"not_picked":["Dagger Spray","Eviscerate"],"picked":"Flying Knee"},{"not_picked":["Wraith Form","Burst"],"picked":"Envenom"},{"not_picked":["Flying Knee","Endless Agony","Slice"],"picked":"Noxious Fumes"},{"not_picked":["Infinite Blades","Outmaneuver","Riddle With Holes"],"picked":"Noxious Fumes"}],"player_experience":25431,"potions_floor_usage":[16,20,20,20],"damage_taken":[{"damage":3,"enemies":"Blue Slaver","floor":1,"turns":8},{"damage":0,"enemies":"Small Slimes","floor":2,"turns":2},{"damage":27,"enemies":"3 Sentries","floor":7,"turns":9},{"damage":6,"enemies":"Jaw Worm","floor":11,"turns":2},{"damage":0,"enemies":"2 Fungi Beasts","floor":12,"turns":2},{"damage":5,"enemies":"Exordium Thugs","floor":14,"turns":3},{"damage":48,"enemies":"Hexaghost","floor":16,"turns":8},{"damage":22,"enemies":"Shell Parasite","floor":18,"turns":5},{"damage":22,"enemies":"Spheric Guardian","floor":19,"turns":4},{"damage":26,"enemies":"Centurion and Healer","floor":20,"turns":5}],"event_choices":[{"event_name":"Big Fish","player_choice":"Box","floor":4,"damage_taken":0}],"boss_relics":[{"not_picked":["Philosopher\u0027s Stone","White Beast Statue"],"picked":"Question Card"}],"potions_floor_spawned":[1,2,12,14,18,19],"seed_played":"4033999245802849112","killed_by":"Centurion and Healer","ascension_level":0,"is_trial":false}