{"gold_per_floor":[112,35,48,123,135,167,23,23,73,101,118,118,145,173,173,273,273,292,217,217,217,237,237,270,270,270,304,125,125,141,156,156,261,261,272,172,172,172,220,220],"floor_reached":40,"playtime":7430,"items_purged":["Strike_G","Defend_G"],"score":504,"play_id":"62c3d93e-3c7f-4960-834c-aae110a29e12","local_time":"20190224030901","is_ascension_mode":true,"campfire_choices":[{"data":"Well Laid Plans","floor":8,"key":"SMITH"},{"floor":12,"key":"REST"},{"data":"Noxious Fumes","floor":15,"key":"SMITH"},{"data":"RitualDagger","floor":23,"key":"SMITH"},{"floor":29,"key":"REST"},{"floor":32,"key":"REST"}],"neow_cost":"NONE","seed_source_timestamp":567752827222003,"circlet_count":0,"master_deck":["Defend_G","Defend_G","Defend_G","Strike_G","Strike_G","Survivor","Neutralize","Backflip","Noxious Fumes+1","Footwork","Sucker Punch","Prepared","Well Laid Plans+1","Footwork","Tactician","Adrenaline","Escape Plan","Choke","Envenom","Dash","RitualDagger+1","Well Laid Plans","Flechettes+1","Bane+1","Reflex","Caltrops","Catalyst","Tools of the Trade","Terror+1"],"relics":["Ring of the Snake","Centennial Puzzle","Blood Vial","Juzu Bracelet","Art of War","Happy Flower","Philosopher\u0027s Stone","Bag of Marbles","MutagenicStrength","Pantograph","Oddly Smooth Stone","Coffee Dripper","Bird Faced Urn"],"potions_floor_usage":[10,22,22,24],"damage_taken":[{"damage":0,"enemies":"Cultist","floor":1,"turns":4},{"damage":0,"enemies":"2 Louse","floor":3,"turns":5},{"damage":0,"enemies":"Jaw Worm","floor":5,"turns":7},{"damage":11,"enemies":"Lagavulin","floor":6,"turns":10},{"damage":33,"enemies":"Gremlin Nob","floor":10,"turns":7},{"damage":0,"enemies":"Large Slime","floor":11,"turns":9},{"damage":1,"enemies":"3 Sentries","floor":14,"turns":9},{"damage":17,"enemies":"Hexaghost","floor":16,"turns":11},{"damage":2,"enemies":"Shell Parasite","floor":18,"turns":6},{"damage":14,"enemies":"Chosen","floor":22,"turns":6},{"damage":19,"enemies":"Slavers","floor":24,"turns":8},{"damage":19,"enemies":"Gremlin Leader","floor":27,"turns":7},{"damage":20,"enemies":"Sentry and Sphere","floor":30,"turns":5},{"damage":3,"enemies":"3 Cultists","floor":31,"turns":4},{"damage":17,"enemies":"Automaton","floor":33,"turns":10},{"damage":12,"enemies":"3 Shapes","floor":35,"turns":4},{"damage":37,"enemies":"2 Orb Walkers","floor":39,"turns":5},{"damage":39,"enemies":"Reptomancer","floor":40,"turns":2}],"seed_played":"-3515295849601392739","potions_obtained":[{"floor":3,"key":"Energy Potion"},{"floor":5,"key":"SteroidPotion"},{"floor":11,"key":"Block Potion"},{"floor":14,"key":"GhostInAJar"},{"floor":16,"key":"Weak Potion"},{"floor":27,"key":"LiquidBronze"},{"floor":35,"key":"LiquidBronze"},{"floor":39,"key":"SteroidPotion"}],"is_trial":false,"path_per_floor":["M","$","M","?","M","E","$","R","T","E","M","R","T","E","R","B",null,"M","?","?","?","M","R","E","?","T","E","$","R","M","M","R","B",null,"M","$","?","?","?","E"],"character_chosen":"THE_SILENT","items_purchased":["Footwork","Footwork","Tactician","Reflex","Caltrops"],"campfire_rested":3,"item_purchase_floors":[2,7,7,28,28],"current_hp_per_floor":[70,70,70,59,59,48,48,48,48,17,19,40,40,41,41,26,70,68,68,68,62,50,50,33,33,33,16,16,37,19,18,39,49,70,58,58,58,58,23,0],"gold":220,"neow_bonus":"THREE_CARDS","is_prod":false,"is_daily":false,"chose_seed":false,"campfire_upgraded":3,"win_rate":0,"timestamp":1550974141,"path_taken":["M","?","?","?","M","E","$","R","T","E","M","R","?","E","R","BOSS","M","?","?","?","M","R","E","?","T","E","$","R","M","M","R","BOSS","M","$","?","?","?","E"],"build_version":"2019-01-23","purchased_purges":2,"victory":false,"max_hp_per_floor":[70,70,70,70,70,70,70,70,70,70,70,70,70,70,70,70,70,70,70,70,70,70,70,70,70,70,70,70,70,70,70,70,70,70,70,70,70,70,70,70],"card_choices":[{"not_picked":["PiercingWail","Slice"],"picked":"Backflip","floor":0},{"not_picked":["Slice","Blade Dance"],"picked":"Noxious Fumes","floor":1},{"not_picked":["Slice","Outmaneuver"],"picked":"Sucker Punch","floor":3},{"not_picked":["Flying Knee","Slice"],"picked":"Prepared","floor":5},{"not_picked":["Infinite Blades","Prepared"],"picked":"Well Laid Plans","floor":6},{"not_picked":["Dagger Throw","Riddle With Holes"],"picked":"Adrenaline","floor":10},{"not_picked":["Backstab","Eviscerate"],"picked":"Escape Plan","floor":11},{"not_picked":["Outmaneuver","Dodge and Roll"],"picked":"Choke","floor":14},{"not_picked":["Die Die Die","Bullet Time"],"picked":"Envenom","floor":16},{"not_picked":["Crippling Poison","All Out Attack+1"],"picked":"Dash","floor":18},{"not_picked":["Deadly Poison","Dagger Throw"],"picked":"Well Laid Plans","floor":22},{"not_picked":["Caltrops","Flying Knee"],"picked":"Flechettes+1","floor":24},{"not_picked":["Prepared+1","Predator"],"picked":"Bane+1","floor":27},{"not_picked":["Acrobatics+1","Escape Plan"],"picked":"Catalyst","floor":30},{"not_picked":["Outmaneuver","Blade Dance+1","Leg Sweep"],"picked":"SKIP","floor":31},{"not_picked":["Doppelganger","After Image"],"picked":"Tools of the Trade","floor":33},{"not_picked":["Masterful Stab+1","Flying Knee","Blade Dance"],"picked":"SKIP","floor":35},{"not_picked":["Footwork","Underhanded Strike+1"],"picked":"Terror+1","floor":39}],"player_experience":324116,"relics_obtained":[{"floor":6,"key":"Centennial Puzzle"},{"floor":9,"key":"Blood Vial"},{"floor":10,"key":"Juzu Bracelet"},{"floor":13,"key":"Art of War"},{"floor":14,"key":"Happy Flower"},{"floor":24,"key":"Bag of Marbles"},{"floor":26,"key":"Pantograph"},{"floor":27,"key":"Oddly Smooth Stone"},{"floor":39,"key":"Bird Faced Urn"}],"event_choices":[{"damage_healed":0,"gold_gain":75,"player_choice":"Gather Gold","damage_taken":11,"max_hp_gain":0,"max_hp_loss":0,"event_name":"World of Goop","floor":4,"gold_loss":0},{"cards_removed":["Strike_G"],"damage_healed":0,"gold_gain":0,"player_choice":"Gave Gold","damage_taken":0,"max_hp_gain":0,"max_hp_loss":0,"event_name":"Beggar","floor":19,"gold_loss":75},{"cards_removed":["Defend_G"],"damage_healed":0,"gold_gain":0,"player_choice":"Elegance","damage_taken":0,"max_hp_gain":0,"max_hp_loss":0,"event_name":"Back to Basics","floor":20,"gold_loss":0},{"damage_healed":0,"gold_gain":0,"player_choice":"Joined the Cult","damage_taken":6,"max_hp_gain":0,"max_hp_loss":0,"event_name":"Nest","floor":21,"gold_loss":0,"cards_obtained":["RitualDagger"]},{"damage_healed":0,"gold_gain":0,"player_choice":"Inject Mutagens","damage_taken":0,"relics_obtained":["MutagenicStrength"],"max_hp_gain":0,"max_hp_loss":0,"event_name":"Drug Dealer","floor":25,"gold_loss":0},{"damage_healed":0,"gold_gain":0,"player_choice":"Ignored","damage_taken":0,"max_hp_gain":0,"max_hp_loss":0,"event_name":"Tomb of Lord Red Mask","floor":37,"gold_loss":0},{"cards_removed":["Strike_G"],"damage_healed":0,"gold_gain":0,"player_choice":"Purged","damage_taken":0,"max_hp_gain":0,"max_hp_loss":0,"event_name":"Purifier","floor":38,"gold_loss":0},{"damage_healed":0,"gold_gain":0,"player_choice":"Fight","damage_taken":0,"max_hp_gain":0,"max_hp_loss":0,"event_name":"Mysterious Sphere","floor":39,"gold_loss":0}],"is_beta":false,"boss_relics":[{"not_picked":["Ectoplasm","Snecko Eye"],"picked":"Philosopher\u0027s Stone"},{"not_picked":["WristBlade","Black Star"],"picked":"Coffee Dripper"}],"items_purged_floors":[28,36],"is_endless":false,"potions_floor_spawned":[3,5,11,14,16,18,27,35,39],"killed_by":"Reptomancer","ascension_level":3}