{"path_per_floor":["M","?","M","M","T","R","M","M","T","$","M","M","?","M","R","B",null,"M","?","M","M","$","E","R","T","T","R","M","?","R","?","R","B",null,"M","M","M","?","?","M","$","M","T","R","M","?","T","M","R","B"],"character_chosen":"IRONCLAD","items_purchased":["Double Tap","Swift Strike","Anchor","Flex"],"gold_per_floor":[112,112,127,139,209,209,224,238,291,37,48,65,65,75,75,170,170,188,103,122,139,64,95,95,147,147,147,165,165,165,165,165,270,270,285,299,316,316,316,333,79,89,140,140,151,151,177,190,190,190],"floor_reached":51,"campfire_rested":3,"playtime":2138,"current_hp_per_floor":[80,80,74,74,74,74,75,55,55,55,56,49,41,47,47,21,80,69,69,65,71,71,48,48,48,48,48,52,52,52,52,76,46,80,63,59,34,34,24,30,30,29,29,53,29,29,29,35,59,9],"items_purged":["Dark Embrace","Writhe"],"gold":190,"play_id":"5acc05e9-40b9-48f2-b0ad-f57c23e80da7","is_prod":false,"is_daily":false,"is_ascension_mode":false,"campfire_upgraded":5,"path_taken":["M","?","M","M","?","R","M","M","T","$","M","M","?","M","R","BOSS","M","?","M","M","$","E","R","?","T","R","M","?","R","?","R","BOSS","M","M","M","?","?","M","$","?","T","R","M","?","?","?","R","BOSS"],"build_version":"2018-02-01-PROD3","purchased_purges":2,"victory":true,"master_deck":["Strike_R","Strike_R","Strike_R","Strike_R","Strike_R+1","Defend_R","Defend_R+1","Defend_R+1","Defend_R","Bash+1","Perfected Strike+1","Perfected Strike+1","Pommel Strike","Twin Strike+1","Evolve+1","Double Tap+1","Swift Strike","Flex+1","Whirlwind","Twin Strike+1","Blood for Blood+1","Perfected Strike+1","Reaper+1","Double Tap+1","Doubt","Parasite","Perfected Strike+1","Twin Strike+1","Madness+1","Madness+1","Inflame+1","Flex+1","Perfected Strike+1"],"max_hp_per_floor":[80,80,80,80,80,80,80,80,80,80,80,80,80,80,80,80,80,80,80,80,80,80,80,80,80,80,80,80,80,80,80,80,80,80,80,80,80,80,80,80,80,80,80,80,80,80,80,80,80,80],"relics":["Burning Blood","Toxic Egg 2","Whetstone","Velvet Choker","Happy Flower","Du-Vu Doll","Ancient Tea Set","Bottled Flame","Smiling Mask","Calling Bell","Oddly Smooth Stone","Lantern","Molten Egg 2","Spirit Poop","Anchor","War Paint","Orichalcum"],"card_choices":[{"not_picked":["Cleave","Warcry"],"picked":"Perfected Strike"},{"not_picked":["Burning Pact","Searing Blow"],"picked":"Perfected Strike"},{"not_picked":["Thunderclap","Barricade"],"picked":"Pommel Strike"},{"not_picked":["True Grit","Dropkick"],"picked":"Twin Strike"},{"not_picked":["Heavy Blade","Reckless Charge"],"picked":"Evolve"},{"not_picked":["Combust","Seeing Red"],"picked":"Flex"},{"not_picked":["Anger","Infernal Blade"],"picked":"Whirlwind"},{"not_picked":["Uppercut","Blood for Blood"],"picked":"Twin Strike"},{"not_picked":["Headbutt","Seeing Red"],"picked":"Blood for Blood"},{"not_picked":["Wild Strike","Headbutt"],"picked":"Perfected Strike"},{"not_picked":["Impervious","Limit Break"],"picked":"Double Tap"},{"not_picked":["Twin Strike","Sword Boomerang"],"picked":"Perfected Strike"},{"not_picked":["Rampage","Heavy Blade"],"picked":"Twin Strike"},{"not_picked":["Corruption","Blood for Blood"],"picked":"Inflame"},{"not_picked":["Warcry","Shrug It Off"],"picked":"Perfected Strike"}],"player_experience":30483,"potions_floor_usage":[16,16,23,23,33,33,50,50,50],"damage_taken":[{"damage":5,"enemies":"Small Slimes","floor":1,"turns":4},{"damage":12,"enemies":"Blue Slaver","floor":3,"turns":3},{"damage":6,"enemies":"Cultist","floor":4,"turns":3},{"damage":5,"enemies":"Looter","floor":7,"turns":2},{"damage":26,"enemies":"Exordium Thugs","floor":8,"turns":3},{"damage":5,"enemies":"3 Louse","floor":11,"turns":4},{"damage":13,"enemies":"Red Slaver","floor":12,"turns":2},{"damage":0,"enemies":"Exordium Wildlife","floor":14,"turns":2},{"damage":32,"enemies":"The Guardian","floor":16,"turns":6},{"damage":17,"enemies":"Shell Parasite","floor":18,"turns":3},{"damage":10,"enemies":"Spheric Guardian","floor":20,"turns":3},{"damage":0,"enemies":"Centurion and Healer","floor":21,"turns":4},{"damage":29,"enemies":"Book of Stabbing","floor":23,"turns":4},{"damage":2,"enemies":"Slaver and Parasite","floor":28,"turns":3},{"damage":36,"enemies":"Collector","floor":33,"turns":3},{"damage":23,"enemies":"3 Shapes","floor":35,"turns":2},{"damage":10,"enemies":"3 Darklings","floor":36,"turns":2},{"damage":31,"enemies":"Maw","floor":37,"turns":5},{"damage":0,"enemies":"Sphere and 2 Shapes","floor":40,"turns":2},{"damage":7,"enemies":"3 Darklings","floor":42,"turns":3},{"damage":35,"enemies":"Maw","floor":45,"turns":5},{"damage":0,"enemies":"Sphere and 2 Shapes","floor":48,"turns":2},{"damage":79,"enemies":"Donu and Deca","floor":50,"turns":6}],"event_choices":[{"event_name":"The Woman in Blue","player_choice":"Bought 0 Potions","floor":2,"damage_taken":0},{"event_name":"Wheel of Change","player_choice":"Damage","floor":13,"damage_taken":0},{"event_name":"Addict","player_choice":"Obtained Relic","floor":19,"damage_taken":0},{"event_name":"The Library","player_choice":"Read","floor":29,"damage_taken":0},{"event_name":"The Mausoleum","player_choice":"Yes","floor":31,"damage_taken":0},{"event_name":"Bonfire Elementals","player_choice":"CURSE","floor":38,"damage_taken":0},{"event_name":"Winding Halls","player_choice":"Embrace Madness","floor":39,"damage_taken":0},{"event_name":"The Moai Head","player_choice":"Ignored","floor":46,"damage_taken":0}],"boss_relics":[{"not_picked":["Black Star","Runic Cube"],"picked":"Velvet Choker"},{"not_picked":["Cursed Key","Black Blood"],"picked":"Calling Bell"}],"potions_floor_spawned":[3,4,7,12,16,23,28,33,35,40,45,48],"seed_played":"-7465930585662843101","ascension_level":0,"is_trial":false}