{"gold_per_floor":[114,114,289,289,301,331,347,377,403,403,403,422,433,433],"floor_reached":14,"playtime":557,"items_purged":[],"score":120,"play_id":"86ffbf74-9e0f-4072-a56a-4cfa8b9e4b36","local_time":"20190220112527","is_ascension_mode":true,"campfire_choices":[{"floor":11,"key":"DIG"}],"neow_cost":"NONE","seed_source_timestamp":496923129510100,"circlet_count":0,"master_deck":["Strike_B","Strike_B","Strike_B","Strike_B","Defend_B","Defend_B","Defend_B","Defend_B","Zap","Dualcast","Cold Snap","Doubt","Coolheaded","Storm","Beam Cell+1","Melter+1","Heatsinks"],"relics":["Cracked Core","Sundial","Cables","Shovel","Whetstone","Ancient Tea Set"],"potions_floor_usage":[8],"damage_taken":[{"damage":2,"enemies":"Jaw Worm","floor":1,"turns":3},{"damage":5,"enemies":"Small Slimes","floor":5,"turns":3},{"damage":26,"enemies":"Gremlin Nob","floor":6,"turns":5},{"damage":0,"enemies":"Cultist","floor":7,"turns":4},{"damage":12,"enemies":"3 Sentries","floor":8,"turns":7},{"damage":36,"enemies":"Gremlin Gang","floor":12,"turns":5},{"damage":15,"enemies":"Blue Slaver","floor":13,"turns":3},{"damage":16,"enemies":"Large Slime","floor":14,"turns":1}],"seed_played":"-1043129263036027063","potions_obtained":[{"floor":6,"key":"Fire Potion"},{"floor":12,"key":"FearPotion"}],"is_trial":false,"path_per_floor":["M","?","?","T","M","E","M","E","T","?","R","M","M","M"],"character_chosen":"DEFECT","items_purchased":[],"campfire_rested":0,"item_purchase_floors":[],"current_hp_per_floor":[80,80,80,80,75,49,49,37,37,64,64,28,13,0],"gold":433,"neow_bonus":"TEN_PERCENT_HP_BONUS","is_prod":false,"is_daily":false,"chose_seed":false,"campfire_upgraded":0,"win_rate":0,"timestamp":1550679927,"path_taken":["M","?","?","?","?","E","M","E","T","?","R","M","M","M"],"build_version":"2019-01-23","purchased_purges":0,"victory":false,"max_hp_per_floor":[82,82,82,82,82,82,82,82,82,82,82,82,82,82],"card_choices":[{"not_picked":["Sweeping Beam","Go for the Eyes"],"picked":"Cold Snap","floor":1},{"not_picked":["Beam Cell","Go for the Eyes"],"picked":"Coolheaded","floor":5},{"not_picked":["Turbo","Leap"],"picked":"Storm","floor":6},{"not_picked":["Barrage","Leap"],"picked":"Beam Cell","floor":7},{"not_picked":["Rebound","Cold Snap"],"picked":"Melter","floor":8},{"not_picked":["Streamline","Compile Driver","Steam Power"],"picked":"SKIP","floor":12},{"not_picked":["Hello World","Aggregate"],"picked":"Heatsinks","floor":13}],"player_experience":513906,"relics_obtained":[{"floor":4,"key":"Sundial"},{"floor":6,"key":"Cables"},{"floor":8,"key":"Shovel"},{"floor":9,"key":"Whetstone"},{"floor":11,"key":"Ancient Tea Set"}],"event_choices":[{"damage_healed":0,"gold_gain":0,"player_choice":"Leave","damage_taken":0,"max_hp_gain":0,"max_hp_loss":0,"event_name":"The Cleric","floor":2,"gold_loss":0},{"damage_healed":0,"gold_gain":175,"player_choice":"AGREE","damage_taken":0,"max_hp_gain":0,"max_hp_loss":0,"event_name":"Liars Game","floor":3,"gold_loss":0,"cards_obtained":["Doubt"]},{"damage_healed":27,"gold_gain":0,"player_choice":"Banana","damage_taken":0,"max_hp_gain":0,"max_hp_loss":0,"event_name":"Big Fish","floor":10,"gold_loss":0}],"is_beta":false,"boss_relics":[],"items_purged_floors":[],"is_endless":false,"potions_floor_spawned":[6,12],"killed_by":"Large Slime","ascension_level":4}