{"path_per_floor":["M","?","?","M","?","E","M","R","T","R","M","M","$","M","R","B",null,"M","M","$"],"character_chosen":"IRONCLAD","items_purchased":["Vajra","Inflame","Flex","Warcry"],"gold_per_floor":[114,114,114,127,127,162,178,178,204,204,219,232,7,17,17,114,114,131,145,42],"floor_reached":21,"campfire_rested":2,"playtime":940,"current_hp_per_floor":[73,73,57,50,32,7,13,37,37,37,23,29,29,35,59,33,98,53,34,34],"items_purged":[],"gold":42,"score":242,"play_id":"2ad34f8a-76f7-46d5-b27f-fea62b86ff4d","local_time":"20180312005935","is_prod":false,"is_daily":false,"is_ascension_mode":true,"campfire_upgraded":1,"timestamp":1520830775,"path_taken":["M","?","?","?","?","E","M","R","T","R","M","M","?","?","R","BOSS","M","?","$","M"],"build_version":"2018-03-09","purchased_purges":0,"victory":false,"master_deck":["Strike_R","Strike_R","Strike_R","Strike_R","Defend_R","Defend_R","Defend_R+1","Defend_R","Bash+1","Inflame","True Grit+1","Regret","Infernal Blade","Spot Weakness","Intimidate","Corruption","Inflame","Sword Boomerang","Fiend Fire","Doubt","Regret","Writhe","True Grit+1","Flex","Warcry"],"max_hp_per_floor":[80,80,80,80,80,80,80,80,80,80,80,80,80,80,80,80,98,98,98,98],"relics":["Burning Blood","Toolbox","Charon\u0027s Ashes","Darkstone Periapt","Lantern","Vajra","Calling Bell","Molten Egg 2","Happy Flower","Shuriken"],"card_choices":[{"not_picked":["Power Through","Body Slam"],"picked":"True Grit"},{"not_picked":["Flame Barrier","Havoc"],"picked":"Infernal Blade"},{"not_picked":["Perfected Strike","Evolve"],"picked":"Spot Weakness"},{"not_picked":["Wild Strike","Sword Boomerang"],"picked":"Intimidate"},{"not_picked":["Flame Barrier","Warcry"],"picked":"Corruption"},{"not_picked":["Hemokinesis","True Grit"],"picked":"Sword Boomerang"},{"not_picked":["Berserk","Impervious"],"picked":"Fiend Fire"},{"not_picked":["Corruption","Intimidate"],"picked":"True Grit"}],"player_experience":237122,"potions_floor_usage":[7],"damage_taken":[{"damage":13,"enemies":"Jaw Worm","floor":1,"turns":4},{"damage":13,"enemies":"Small Slimes","floor":4,"turns":5},{"damage":31,"enemies":"Gremlin Nob","floor":6,"turns":4},{"damage":0,"enemies":"Cultist","floor":7,"turns":3},{"damage":20,"enemies":"Gremlin Gang","floor":11,"turns":3},{"damage":0,"enemies":"Blue Slaver","floor":12,"turns":3},{"damage":0,"enemies":"3 Louse","floor":14,"turns":1},{"damage":32,"enemies":"Hexaghost","floor":16,"turns":6},{"damage":51,"enemies":"Spheric Guardian","floor":18,"turns":6},{"damage":25,"enemies":"2 Thieves","floor":19,"turns":3},{"damage":50,"enemies":"Slaver and Parasite","floor":21,"turns":3}],"event_choices":[{"event_name":"Big Fish","player_choice":"Box","floor":2,"damage_taken":0},{"event_name":"Shining Light","player_choice":"Entered Light","floor":3,"damage_taken":0},{"event_name":"Scrap Ooze","player_choice":"success","floor":5,"damage_taken":18}],"boss_relics":[{"not_picked":["Black Star","Tiny House"],"picked":"Calling Bell"}],"potions_floor_spawned":[1,6,14,16,18],"seed_played":"8408149262962156021","killed_by":"Slaver and Parasite","ascension_level":4,"is_trial":false}