{"path_per_floor":["M","M","?","$","M","R","?","M","T","R","?","$","M","M","R","B",null,"M","M","?","M"],"character_chosen":"IRONCLAD","items_purchased":[],"gold_per_floor":[116,130,130,55,75,75,75,91,91,91,91,91,106,119,119,222,222,241,253,253,265,265],"floor_reached":22,"campfire_rested":1,"playtime":1646,"current_hp_per_floor":[80,80,80,80,80,80,85,53,53,53,46,46,43,43,68,30,85,70,57,49,32,1],"items_purged":["Strike_R"],"gold":265,"score":214,"play_id":"81ab7cb2-277f-4fa1-bf7d-0a55612fb27d","local_time":"20180326185441","is_prod":false,"is_daily":false,"is_ascension_mode":true,"campfire_upgraded":2,"timestamp":1522104881,"path_taken":["M","M","?","$","M","R","?","M","T","R","?","$","M","M","R","BOSS","M","M","?","M","M"],"build_version":"2018-03-22v2","purchased_purges":1,"victory":false,"master_deck":["Strike_R","Strike_R","Defend_R","Defend_R","Defend_R","Bash+1","Dropkick","Rage","True Grit+1","Shrug It Off","Sword Boomerang","Thunderclap"],"max_hp_per_floor":[80,80,80,80,80,80,85,85,85,85,85,85,85,85,85,85,85,85,85,85,85,85],"relics":["Burning Blood","Champion Belt","Runic Cube"],"card_choices":[{"not_picked":["Pommel Strike","Body Slam"],"picked":"Dropkick","floor":1},{"not_picked":["Fire Breathing","Cleave"],"picked":"Rage","floor":2},{"not_picked":["Limit Break","Twin Strike"],"picked":"True Grit","floor":5},{"not_picked":["Twin Strike","Headbutt"],"picked":"Shrug It Off","floor":8},{"not_picked":["True Grit","Warcry"],"picked":"Sword Boomerang","floor":13},{"not_picked":["Cleave","Shrug It Off"],"picked":"Thunderclap","floor":19}],"player_experience":348532,"potions_floor_usage":[16,16,16,22,22],"damage_taken":[{"damage":0,"enemies":"Small Slimes","floor":1,"turns":3},{"damage":6,"enemies":"Cultist","floor":2,"turns":3},{"damage":2,"enemies":"2 Louse","floor":5,"turns":4},{"damage":38,"enemies":"Large Slime","floor":8,"turns":11},{"damage":9,"enemies":"3 Louse","floor":13,"turns":4},{"damage":6,"enemies":"Exordium Wildlife","floor":14,"turns":4},{"damage":44,"enemies":"Slime Boss","floor":16,"turns":12},{"damage":21,"enemies":"3 Byrds","floor":18,"turns":8},{"damage":19,"enemies":"Shell Parasite","floor":19,"turns":5},{"damage":23,"enemies":"Centurion and Healer","floor":21,"turns":13},{"damage":31,"enemies":"Chosen and Byrds","floor":22,"turns":7}],"event_choices":[{"event_name":"Purifier","player_choice":"One Purge","floor":3,"damage_taken":0},{"event_name":"Big Fish","player_choice":"Donut","floor":7,"damage_taken":0},{"event_name":"Golden Wing","player_choice":"Card Removal","floor":11,"damage_taken":0},{"event_name":"Knowing Skull","player_choice":"","floor":20,"damage_taken":0}],"boss_relics":[{"not_picked":["Cursed Key","Ectoplasm"],"picked":"Runic Cube"}],"potions_floor_spawned":[5,8,13,16,21],"seed_played":"-2070083295314490295","killed_by":"Chosen and Byrds","ascension_level":4,"is_trial":false}