{"gold_per_floor":[117,128,142,159,172,172,186,186,186,201,201,214,214,22,22,126,126,138,67,67,86,121,121,121,121,144,144,154,172,172,184,184,288,288,301,401,420,440,440,440,456,267,346,346,179,194,15,15,15,15],"floor_reached":51,"playtime":2553,"items_purged":["Strike_R","Strike_R","Parasite"],"score":774,"play_id":"c6e4dce7-3af4-4712-905c-461bf685f06f","local_time":"20190210005310","is_ascension_mode":true,"campfire_choices":[{"data":"Body Slam","floor":6,"key":"SMITH"},{"data":"True Grit","floor":8,"key":"SMITH"},{"floor":11,"key":"RECALL"},{"data":"Rage","floor":15,"key":"SMITH"},{"data":"Barricade","floor":23,"key":"SMITH"},{"data":"Entrench","floor":25,"key":"SMITH"},{"data":"Entrench","floor":27,"key":"SMITH"},{"data":"Shrug It Off","floor":30,"key":"SMITH"},{"floor":32,"key":"REST"},{"data":"Berserk","floor":40,"key":"SMITH"},{"data":"Armaments","floor":44,"key":"SMITH"},{"floor":49,"key":"REST"}],"neow_cost":"TEN_PERCENT_HP_LOSS","seed_source_timestamp":782653882549022,"circlet_count":0,"master_deck":["Defend_R","Defend_R","Defend_R","Defend_R","Bash","Juggernaut+1","True Grit+1","Body Slam+1","Rage","Rage+1","Shrug It Off+1","Barricade+1","Blood for Blood+1","Metallicize+1","Entrench+1","Entrench+1","Flame Barrier+1","Juggernaut+1","Flame Barrier","Berserk+1","Shrug It Off","Armaments+1","Body Slam+1","Dramatic Entrance","Metallicize","Armaments+1","Metallicize","Shrug It Off","Shrug It Off"],"relics":["Burning Blood","Gremlin Horn","TheAbacus","Astrolabe","Red Mask","Bag of Preparation","Philosopher\u0027s Stone","Bird Faced Urn","Dodecahedron"],"potions_floor_usage":[22,22,33,33,50,50,50],"damage_taken":[{"damage":17,"enemies":"Cultist","floor":1,"turns":5},{"damage":6,"enemies":"2 Louse","floor":2,"turns":3},{"damage":3,"enemies":"Small Slimes","floor":3,"turns":4},{"damage":9,"enemies":"2 Fungi Beasts","floor":4,"turns":4},{"damage":14,"enemies":"Red Slaver","floor":5,"turns":4},{"damage":4,"enemies":"Blue Slaver","floor":7,"turns":5},{"damage":3,"enemies":"Exordium Wildlife","floor":10,"turns":3},{"damage":3,"enemies":"Exordium Thugs","floor":12,"turns":5},{"damage":25,"enemies":"Hexaghost","floor":16,"turns":9},{"damage":19,"enemies":"Spheric Guardian","floor":18,"turns":4},{"damage":6,"enemies":"Chosen","floor":21,"turns":5},{"damage":21,"enemies":"Masked Bandits","floor":22,"turns":4},{"damage":10,"enemies":"3 Cultists","floor":28,"turns":5},{"damage":0,"enemies":"Snake Plant","floor":29,"turns":4},{"damage":18,"enemies":"Shelled Parasite and Fungi","floor":31,"turns":4},{"damage":0,"enemies":"Collector","floor":33,"turns":8},{"damage":11,"enemies":"3 Shapes","floor":35,"turns":4},{"damage":33,"enemies":"Mind Bloom Boss Battle","floor":36,"turns":5},{"damage":0,"enemies":"Orb Walker","floor":37,"turns":3},{"damage":42,"enemies":"4 Shapes","floor":38,"turns":6},{"damage":0,"enemies":"Writhing Mass","floor":41,"turns":6},{"damage":40,"enemies":"Sphere and 2 Shapes","floor":46,"turns":6},{"damage":2,"enemies":"Donu and Deca","floor":50,"turns":8}],"seed_played":"-2137300571458511411","potions_obtained":[{"floor":2,"key":"Poison Potion"},{"floor":4,"key":"Block Potion"},{"floor":5,"key":"SkillPotion"},{"floor":7,"key":"Weak Potion"},{"floor":22,"key":"LiquidBronze"},{"floor":28,"key":"Energy Potion"},{"floor":33,"key":"EssenceOfSteel"},{"floor":35,"key":"Ancient Potion"}],"is_trial":false,"path_per_floor":["M","M","M","M","M","R","M","R","T","M","R","M","?","$","R","B",null,"M","$","?","M","?","R","?","R","T","R","M","M","R","M","R","B",null,"M","?","M","M","?","R","M","$","T","R","$","M","$","?","R","B",null],"character_chosen":"IRONCLAD","items_purchased":["TheAbacus","Entrench","Metallicize","Armaments","Metallicize","Shrug It Off"],"campfire_rested":2,"item_purchase_floors":[14,19,42,42,45,47],"current_hp_per_floor":[61,61,64,61,53,53,55,55,55,58,58,61,61,61,61,42,72,59,59,59,59,44,44,44,44,44,44,40,46,46,34,55,61,72,67,40,52,26,26,26,42,42,42,42,42,16,16,16,36,54],"gold":15,"neow_bonus":"THREE_RARE_CARDS","is_prod":false,"is_daily":false,"chose_seed":false,"campfire_upgraded":9,"win_rate":0,"timestamp":1549777990,"path_taken":["M","M","?","M","M","R","M","R","T","M","R","M","?","$","R","BOSS","M","$","?","M","?","R","?","R","T","R","M","M","R","M","R","BOSS","M","?","M","M","?","R","M","?","T","R","$","?","$","?","R","BOSS"],"build_version":"2019-01-23","purchased_purges":3,"victory":true,"max_hp_per_floor":[72,72,72,72,72,72,72,72,72,72,72,72,72,72,72,72,72,72,72,72,72,72,72,72,72,72,72,72,72,72,72,72,72,72,72,72,72,72,72,72,72,72,72,72,72,72,69,69,69,69],"card_choices":[{"not_picked":["Bludgeon","Offering"],"picked":"Juggernaut","floor":0},{"not_picked":["Havoc","Anger"],"picked":"True Grit","floor":1},{"not_picked":["Armaments","Bludgeon"],"picked":"Body Slam","floor":2},{"not_picked":["Thunderclap","Uppercut"],"picked":"Rage","floor":3},{"not_picked":["Combust","Havoc"],"picked":"Rage","floor":4},{"not_picked":["Second Wind","Pommel Strike","Havoc"],"picked":"SKIP","floor":5},{"not_picked":["Wild Strike","Thunderclap","Clash"],"picked":"SKIP","floor":7},{"not_picked":["Corruption","Body Slam"],"picked":"Shrug It Off","floor":10},{"not_picked":["Headbutt","Brutality","Thunderclap"],"picked":"SKIP","floor":12},{"not_picked":["Juggernaut","Immolate"],"picked":"Barricade","floor":16},{"not_picked":["Twin Strike","Intimidate","Combust+1"],"picked":"SKIP","floor":18},{"not_picked":["Body Slam+1","Clash+1"],"picked":"Flame Barrier+1","floor":21},{"not_picked":["Rage","Demon Form","Sword Boomerang"],"picked":"SKIP","floor":28},{"not_picked":["Twin Strike","Heavy Blade","Rage"],"picked":"SKIP","floor":29},{"not_picked":["Uppercut","Thunderclap"],"picked":"Flame Barrier","floor":31},{"not_picked":["Double Tap","Feed"],"picked":"Berserk","floor":33},{"not_picked":["Headbutt+1","Spot Weakness"],"picked":"Shrug It Off","floor":35},{"not_picked":["Body Slam","Pommel Strike+1"],"picked":"Armaments+1","floor":36},{"not_picked":["Wild Strike+1","Cleave","Carnage+1"],"picked":"SKIP","floor":37},{"not_picked":["Havoc","Rupture"],"picked":"Body Slam+1","floor":38},{"not_picked":["Swift Strike","Discovery"],"picked":"Dramatic Entrance","floor":39},{"not_picked":["Clothesline","Spot Weakness","Body Slam+1"],"picked":"SKIP","floor":41},{"not_picked":["Flex+1","Disarm"],"picked":"Shrug It Off","floor":46}],"player_experience":1017362,"relics_obtained":[{"floor":9,"key":"Gremlin Horn"},{"floor":22,"key":"Red Mask"},{"floor":26,"key":"Bag of Preparation"},{"floor":36,"key":"Bird Faced Urn"},{"floor":43,"key":"Dodecahedron"}],"event_choices":[{"damage_healed":0,"gold_gain":0,"player_choice":"Grow","damage_taken":0,"max_hp_gain":0,"max_hp_loss":0,"event_name":"Living Wall","floor":13,"gold_loss":0,"cards_upgraded":["Juggernaut"]},{"damage_healed":0,"gold_gain":0,"player_choice":"Read","damage_taken":0,"max_hp_gain":0,"max_hp_loss":0,"event_name":"The Library","floor":20,"gold_loss":0,"cards_obtained":["Entrench"]},{"damage_healed":0,"gold_gain":0,"player_choice":"Fought Bandits","damage_taken":0,"max_hp_gain":0,"max_hp_loss":0,"event_name":"Masked Bandits","floor":22,"gold_loss":0},{"damage_healed":0,"gold_gain":0,"player_choice":"Copied","damage_taken":0,"max_hp_gain":0,"max_hp_loss":0,"event_name":"Duplicator","floor":24,"gold_loss":0,"cards_obtained":["Juggernaut"]},{"damage_healed":0,"gold_gain":0,"player_choice":"Fight","damage_taken":0,"max_hp_gain":0,"max_hp_loss":0,"event_name":"MindBloom","floor":36,"gold_loss":0},{"damage_healed":0,"gold_gain":0,"player_choice":"Memory 1","damage_taken":0,"max_hp_gain":0,"max_hp_loss":0,"event_name":"SensoryStone","floor":39,"gold_loss":0},{"cards_removed":["Ghostly Armor"],"damage_healed":0,"gold_gain":0,"player_choice":"Removed Skill","damage_taken":0,"max_hp_gain":0,"max_hp_loss":0,"event_name":"Falling","floor":48,"gold_loss":0}],"is_beta":false,"boss_relics":[{"not_picked":["Tiny House","Fusion Hammer"],"picked":"Astrolabe"},{"not_picked":["Snecko Eye","Lizard Tail"],"picked":"Philosopher\u0027s Stone"}],"items_purged_floors":[42,45,47],"is_endless":false,"potions_floor_spawned":[2,4,5,7,12,16,22,28,33,35,37],"ascension_level":1}