{"gold_per_floor":[18,30,45,60,70,70,145,179,260,279,279,309,325,339,339,436,436,449,337,357,272,272,272,307,307,307,325,359,378,398,428,428,526,526,542,542,642,654,666,666,699,699,753,753,781,819,867,878,878,878,878,878,334,367,367],"floor_reached":56,"playtime":4760,"items_purged":["Strike_G","Parasite"],"score":1488,"play_id":"5c8e465c-46cc-48af-a518-eb70392e90a9","local_time":"20190303221134","is_ascension_mode":true,"campfire_choices":[{"floor":6,"key":"RECALL"},{"floor":11,"key":"REST"},{"floor":15,"key":"REST"},{"data":"Footwork","floor":23,"key":"SMITH"},{"data":"Adrenaline","floor":25,"key":"SMITH"},{"data":"Envenom","floor":32,"key":"SMITH"},{"data":"Night Terror","floor":40,"key":"SMITH"},{"data":"Tactician","floor":42,"key":"SMITH"},{"floor":49,"key":"DIG"},{"floor":52,"key":"DIG"}],"neow_cost":"NO_GOLD","seed_source_timestamp":174657920120649,"circlet_count":0,"master_deck":["Defend_G","Defend_G","Defend_G","Defend_G","Defend_G","Strike_G","Strike_G","Strike_G","Strike_G","Survivor","Neutralize","Corpse Explosion","Dagger Throw","Heel Hook","Finisher","Distraction","Leg Sweep","Adrenaline+1","Quick Slash","Footwork+1","Tools of the Trade","Acrobatics+1","Expertise","Finisher+1","Noxious Fumes+1","Envenom+1","Acrobatics+1","Crippling Poison+1","Adrenaline","Night Terror+1","Outmaneuver+1","Backflip","Underhanded Strike","After Image","Tactician+1","Tactician","Jack Of All Trades","Choke+1","Magnetism","Blur","Backflip+1"],"relics":["Ring of the Snake","Juzu Bracelet","Tough Bandages","HoveringKite","Lantern","Ornamental Fan","Mummified Hand","Question Card","Bag of Marbles","Pantograph","Orrery","Calipers","Pocketwatch","Ancient Tea Set","Gremlin Horn","Shovel","Blood Vial","Kunai","Bottled Lightning","Paper Crane"],"potions_floor_usage":[8,8,12,16,27,33,38,38,39,50,50,54],"damage_taken":[{"damage":0,"enemies":"Cultist","floor":1,"turns":5},{"damage":0,"enemies":"2 Louse","floor":2,"turns":3},{"damage":1,"enemies":"Jaw Worm","floor":3,"turns":5},{"damage":10,"enemies":"3 Louse","floor":4,"turns":3},{"damage":16,"enemies":"Large Slime","floor":5,"turns":8},{"damage":21,"enemies":"3 Sentries","floor":8,"turns":6},{"damage":5,"enemies":"Looter","floor":10,"turns":3},{"damage":24,"enemies":"Gremlin Nob","floor":12,"turns":5},{"damage":0,"enemies":"2 Fungi Beasts","floor":13,"turns":3},{"damage":0,"enemies":"Blue Slaver","floor":14,"turns":5},{"damage":37,"enemies":"The Guardian","floor":16,"turns":25},{"damage":0,"enemies":"Spheric Guardian","floor":18,"turns":8},{"damage":0,"enemies":"3 Byrds","floor":20,"turns":3},{"damage":4,"enemies":"Slavers","floor":24,"turns":6},{"damage":0,"enemies":"Snake Plant","floor":27,"turns":4},{"damage":10,"enemies":"Gremlin Leader","floor":28,"turns":5},{"damage":3,"enemies":"3 Cultists","floor":29,"turns":3},{"damage":0,"enemies":"Snecko","floor":30,"turns":2},{"damage":0,"enemies":"Slavers","floor":31,"turns":1},{"damage":9,"enemies":"Champ","floor":33,"turns":12},{"damage":0,"enemies":"3 Shapes","floor":35,"turns":2},{"damage":9,"enemies":"Mind Bloom Boss Battle","floor":37,"turns":5},{"damage":8,"enemies":"3 Darklings","floor":38,"turns":3},{"damage":0,"enemies":"Writhing Mass","floor":39,"turns":6},{"damage":0,"enemies":"Nemesis","floor":41,"turns":7},{"damage":0,"enemies":"Giant Head","floor":45,"turns":8},{"damage":7,"enemies":"4 Shapes","floor":46,"turns":3},{"damage":0,"enemies":"2 Orb Walkers","floor":47,"turns":4},{"damage":0,"enemies":"Sphere and 2 Shapes","floor":48,"turns":2},{"damage":0,"enemies":"Donu and Deca","floor":50,"turns":4},{"damage":21,"enemies":"Shield and Spear","floor":54,"turns":7},{"damage":48,"enemies":"The Heart","floor":55,"turns":14}],"seed_played":"-4743806399930237418","potions_obtained":[{"floor":3,"key":"LiquidBronze"},{"floor":5,"key":"Regen Potion"},{"floor":8,"key":"Fire Potion"},{"floor":13,"key":"Regen Potion"},{"floor":18,"key":"Block Potion"},{"floor":20,"key":"Energy Potion"},{"floor":30,"key":"EssenceOfSteel"},{"floor":31,"key":"Energy Potion"},{"floor":35,"key":"PowerPotion"},{"floor":39,"key":"Ancient Potion"},{"floor":45,"key":"Fire Potion"},{"floor":48,"key":"GamblersBrew"}],"is_trial":false,"path_per_floor":["M","M","M","M","M","R","?","E","T","M","R","E","M","M","R","B",null,"M","$","M","?","?","R","E","R","T","M","E","M","M","E","R","B",null,"M","?","?","M","M","R","E","R","T","?","E","M","?","M","R","B",null,"R","$","E","B",null],"character_chosen":"THE_SILENT","items_purchased":["Expertise","Magnetism","Blur","Bottled Lightning"],"campfire_rested":2,"item_purchase_floors":[19,53,53,53],"current_hp_per_floor":[70,70,69,59,43,43,32,16,16,11,32,8,8,8,29,7,70,70,70,70,70,70,70,66,66,66,66,56,53,53,53,53,61,70,70,70,61,53,53,53,53,53,53,53,53,46,46,46,46,70,70,70,67,46,19],"gold":367,"neow_bonus":"THREE_RARE_CARDS","is_prod":false,"is_daily":false,"chose_seed":false,"campfire_upgraded":5,"win_rate":0,"timestamp":1551622294,"path_taken":["M","M","M","M","M","R","?","E","T","M","R","E","M","M","R","BOSS","M","$","M","?","?","R","E","R","T","M","E","M","M","E","R","BOSS","M","?","?","M","M","R","E","R","T","?","E","M","?","M","R","BOSS","R","$","E","BOSS"],"build_version":"2019-01-23","purchased_purges":2,"victory":true,"max_hp_per_floor":[70,70,70,70,70,70,70,70,70,70,70,70,70,70,70,70,70,70,70,70,70,70,70,70,70,70,70,70,70,70,70,70,70,70,70,70,70,70,70,70,70,70,70,70,70,70,70,70,70,70,70,70,67,67,67],"card_choices":[{"not_picked":["Phantasmal Killer","A Thousand Cuts"],"picked":"Corpse Explosion","floor":0},{"not_picked":["Poisoned Stab","All Out Attack"],"picked":"Dagger Throw","floor":1},{"not_picked":["Blade Dance","Dodge and Roll","Underhanded Strike"],"picked":"SKIP","floor":2},{"not_picked":["Endless Agony","Dodge and Roll"],"picked":"Heel Hook","floor":3},{"not_picked":["Bane","PiercingWail"],"picked":"Finisher","floor":4},{"not_picked":["Eviscerate","Dagger Spray"],"picked":"Distraction","floor":5},{"not_picked":["Grand Finale","Noxious Fumes"],"picked":"Leg Sweep","floor":8},{"not_picked":["Distraction","Infinite Blades","Cloak And Dagger"],"picked":"SKIP","floor":10},{"not_picked":["Deflect","PiercingWail"],"picked":"Adrenaline","floor":12},{"not_picked":["Prepared","Bouncing Flask"],"picked":"Quick Slash","floor":13},{"not_picked":["Acrobatics","Accuracy"],"picked":"Footwork","floor":14},{"not_picked":["Doppelganger","Corpse Explosion"],"picked":"Tools of the Trade","floor":16},{"not_picked":["Outmaneuver","Slice+1"],"picked":"Acrobatics+1","floor":18},{"not_picked":["Outmaneuver","Riddle With Holes"],"picked":"Finisher+1","floor":20},{"not_picked":["Poisoned Stab","Flying Knee+1","Catalyst"],"picked":"SKIP","floor":24},{"not_picked":["Outmaneuver","Dodge and Roll","Deadly Poison"],"picked":"Noxious Fumes+1","floor":27},{"not_picked":["Backstab","Heel Hook","Dagger Throw"],"picked":"Envenom","floor":28},{"not_picked":["Deadly Poison","Quick Slash","Bane"],"picked":"Acrobatics+1","floor":29},{"not_picked":["Sucker Punch","Blade Dance+1","Flying Knee"],"picked":"Crippling Poison+1","floor":30},{"not_picked":["Predator","Terror","Crippling Poison"],"picked":"Adrenaline","floor":31},{"not_picked":["Malaise","Storm of Steel","Phantasmal Killer"],"picked":"Night Terror","floor":33},{"not_picked":["PiercingWail","Poisoned Stab+1","Bane"],"picked":"Outmaneuver+1","floor":34},{"not_picked":["Poisoned Stab","Acrobatics+1","Dagger Spray"],"picked":"Backflip","floor":34},{"not_picked":["Deflect","Acrobatics+1","Dash+1"],"picked":"Underhanded Strike","floor":34},{"not_picked":["Sucker Punch","Bane","Blur"],"picked":"After Image","floor":34},{"not_picked":["Underhanded Strike+1","Concentrate","Crippling Poison"],"picked":"Tactician","floor":34},{"not_picked":["Backstab","Poisoned Stab","Underhanded Strike"],"picked":"Tactician","floor":35},{"not_picked":["Slice","Dagger Spray+1","Blade Dance+1","Bane+1"],"picked":"SKIP","floor":38},{"not_picked":["Endless Agony","Unload","Flying Knee+1","Deflect+1"],"picked":"SKIP","floor":39},{"not_picked":["Dagger Throw+1","Outmaneuver+1","Bane+1","Dagger Spray"],"picked":"SKIP","floor":41},{"not_picked":["Dagger Throw+1","Outmaneuver+1","Bane+1","Dagger Spray"],"picked":"SKIP","floor":41},{"not_picked":["Mind Blast","Panacea","Master of Strategy"],"picked":"Jack Of All Trades","floor":44},{"not_picked":["Quick Slash+1","Dodge and Roll+1","Flying Knee","Venomology"],"picked":"SKIP","floor":45},{"not_picked":["Bane+1","Outmaneuver+1","Well Laid Plans+1"],"picked":"Choke+1","floor":46},{"not_picked":["Dodge and Roll+1","Prepared","Deadly Poison","Flechettes"],"picked":"SKIP","floor":48},{"not_picked":["Dash","Calculated Gamble","PiercingWail"],"picked":"Backflip+1","floor":54}],"player_experience":311956,"relics_obtained":[{"floor":8,"key":"Juzu Bracelet"},{"floor":12,"key":"Tough Bandages"},{"floor":24,"key":"Mummified Hand"},{"floor":26,"key":"Question Card"},{"floor":28,"key":"Bag of Marbles"},{"floor":31,"key":"Pantograph"},{"floor":37,"key":"Calipers"},{"floor":41,"key":"Pocketwatch"},{"floor":43,"key":"Ancient Tea Set"},{"floor":45,"key":"Gremlin Horn"},{"floor":47,"key":"Shovel"},{"floor":49,"key":"Blood Vial"},{"floor":52,"key":"Kunai"},{"floor":54,"key":"Paper Crane"}],"event_choices":[{"damage_healed":0,"gold_gain":75,"player_choice":"Gather Gold","damage_taken":11,"max_hp_gain":0,"max_hp_loss":0,"event_name":"World of Goop","floor":7,"gold_loss":0},{"damage_healed":0,"gold_gain":0,"player_choice":"Obtained Relic","damage_taken":0,"relics_obtained":["Lantern"],"max_hp_gain":0,"max_hp_loss":0,"event_name":"Addict","floor":21,"gold_loss":85},{"damage_healed":0,"gold_gain":0,"player_choice":"Opened","damage_taken":0,"relics_obtained":["Ornamental Fan"],"max_hp_gain":0,"max_hp_loss":0,"event_name":"The Mausoleum","floor":22,"gold_loss":0},{"damage_healed":0,"gold_gain":0,"player_choice":"Ignored","damage_taken":0,"max_hp_gain":0,"max_hp_loss":0,"event_name":"Tomb of Lord Red Mask","floor":36,"gold_loss":0},{"damage_healed":0,"gold_gain":0,"player_choice":"Fight","damage_taken":0,"max_hp_gain":0,"max_hp_loss":0,"event_name":"MindBloom","floor":37,"gold_loss":0},{"damage_healed":0,"gold_gain":0,"player_choice":"Memory 1","damage_taken":0,"max_hp_gain":0,"max_hp_loss":0,"event_name":"SensoryStone","floor":44,"gold_loss":0},{"damage_healed":0,"gold_gain":0,"player_choice":"Fight","damage_taken":0,"max_hp_gain":0,"max_hp_loss":0,"event_name":"Mysterious Sphere","floor":47,"gold_loss":0}],"is_beta":false,"boss_relics":[{"not_picked":["White Beast Statue","Coffee Dripper"],"picked":"HoveringKite"},{"not_picked":["Sozu","Fusion Hammer"],"picked":"Orrery"}],"items_purged_floors":[19,53],"is_endless":false,"potions_floor_spawned":[3,5,8,13,18,20,30,31,35,39,45,48],"ascension_level":1}