{"path_per_floor":["M","?","?","M","?","R","M","R","T","M","R","M","M","M","R","B",null,"M","M","?","$","M","R","M","?","T","$","$","R","T","M","R"],"character_chosen":"IRONCLAD","items_purchased":["Flex","Rupture","Inflame","Whetstone"],"gold_per_floor":[109,109,109,127,302,302,314,314,314,329,329,347,366,376,376,474,474,489,503,428,227,240,240,250,250,250,176,26,26,26,43,43],"floor_reached":33,"campfire_rested":3,"playtime":1238,"current_hp_per_floor":[76,60,60,56,56,56,56,56,56,41,41,47,39,36,60,56,80,58,47,47,47,44,44,7,7,7,7,7,31,31,12,36],"items_purged":["Defend_R"],"gold":43,"score":287,"play_id":"4cf77629-5fa9-4bfe-8735-0c1c09894245","local_time":"20180317013444","is_prod":false,"is_daily":false,"is_ascension_mode":true,"campfire_upgraded":4,"timestamp":1521264884,"path_taken":["M","?","?","M","?","R","?","R","T","M","R","?","M","M","R","BOSS","M","M","?","$","M","R","M","?","T","?","$","R","?","M","R","BOSS"],"build_version":"2018-03-15v2","purchased_purges":3,"victory":false,"master_deck":["Strike_R+1","Strike_R","Strike_R","Strike_R","Strike_R+1","Defend_R","Defend_R","Defend_R","Bash+1","Demon Form+1","Headbutt+1","Rupture+1","Sword Boomerang+1","Flex+1","Whirlwind+1","Brutality","Hemokinesis","Flex","Rupture","Shrug It Off","Flex+1","Inflame","Armaments"],"max_hp_per_floor":[80,80,80,80,80,80,80,80,80,80,80,80,80,80,80,80,80,80,80,80,80,80,80,80,80,80,80,80,80,80,80,80],"relics":["Burning Blood","Shovel","Sozu","Unceasing Top","Whetstone","Bird Faced Urn"],"card_choices":[{"not_picked":["Wild Strike","Cleave"],"picked":"Headbutt"},{"not_picked":["Seeing Red","Cleave"],"picked":"Rupture"},{"not_picked":["Anger","Impervious"],"picked":"Sword Boomerang"},{"not_picked":["Wild Strike","Sword Boomerang"],"picked":"Flex"},{"not_picked":["Shrug It Off","Hemokinesis"],"picked":"Whirlwind"},{"not_picked":["Juggernaut","Bludgeon"],"picked":"Brutality"},{"not_picked":["Disarm","Headbutt"],"picked":"Hemokinesis"},{"not_picked":["Searing Blow","Pummel"],"picked":"Shrug It Off"},{"not_picked":["True Grit","Immolate"],"picked":"Flex"},{"not_picked":["Perfected Strike","Iron Wave"],"picked":"Armaments"}],"player_experience":281568,"potions_floor_usage":[16,19,24],"damage_taken":[{"damage":10,"enemies":"Small Slimes","floor":1,"turns":4},{"damage":10,"enemies":"2 Louse","floor":4,"turns":3},{"damage":6,"enemies":"Cultist","floor":7,"turns":4},{"damage":21,"enemies":"2 Fungi Beasts","floor":10,"turns":4},{"damage":0,"enemies":"Blue Slaver","floor":12,"turns":1},{"damage":14,"enemies":"Red Slaver","floor":13,"turns":4},{"damage":9,"enemies":"Exordium Wildlife","floor":14,"turns":3},{"damage":10,"enemies":"Slime Boss","floor":16,"turns":4},{"damage":28,"enemies":"Spheric Guardian","floor":18,"turns":4},{"damage":17,"enemies":"Chosen","floor":19,"turns":3},{"damage":9,"enemies":"Centurion and Healer","floor":22,"turns":4},{"damage":43,"enemies":"Slaver and Parasite","floor":24,"turns":5},{"damage":29,"enemies":"Chosen and Byrds","floor":31,"turns":6},{"damage":27,"enemies":"Collector","floor":33,"turns":5}],"event_choices":[{"event_name":"Shining Light","player_choice":"Entered Light","floor":2,"damage_taken":0},{"event_name":"Living Wall","player_choice":"Grow","floor":3,"damage_taken":0},{"event_name":"Liars Game","player_choice":"agreed","floor":5,"damage_taken":0},{"event_name":"Beggar","player_choice":"Gave Gold","floor":20,"damage_taken":0},{"event_name":"Cursed Tome","player_choice":"Ignored","floor":25,"damage_taken":0}],"boss_relics":[{"not_picked":["Calling Bell","Lizard Tail"],"picked":"Sozu"}],"potions_floor_spawned":[7,13,16,19,31],"seed_played":"-4731955685023653830","killed_by":"Collector","ascension_level":4,"is_trial":false}