{"gold_per_floor":[109,119,136,136,36,69,244,309,332,332,352,352,369,444,444,547,547,560,579,595,4,15,15],"floor_reached":23,"playtime":1933,"items_purged":["Strike_R","Strike_R"],"score":203,"play_id":"a9ae46d4-2345-4a6e-b0cb-cbb5b5d9195d","local_time":"20190131201121","is_ascension_mode":true,"campfire_choices":[{"floor":10,"key":"REST"},{"data":"True Grit","floor":12,"key":"SMITH"},{"floor":15,"key":"REST"}],"neow_cost":"NONE","seed_source_timestamp":981061725017069,"circlet_count":0,"master_deck":["Strike_R","Strike_R","Strike_R","Defend_R","Defend_R","Defend_R","Defend_R","Bash+1","Pommel Strike","Cleave","Twin Strike","True Grit+1","Sword Boomerang","Doubt","Whirlwind","Spot Weakness","Iron Wave","Feed","True Grit+1","Metallicize","Iron Wave"],"relics":["Burning Blood","Regal Pillow","Question Card","Nunchaku","Potion Belt","Mark of Pain","Ginger","HandDrill"],"potions_floor_usage":[16,22],"damage_taken":[{"damage":7,"enemies":"Small Slimes","floor":1,"turns":4},{"damage":0,"enemies":"2 Louse","floor":2,"turns":3},{"damage":3,"enemies":"Jaw Worm","floor":3,"turns":3},{"damage":34,"enemies":"3 Sentries","floor":6,"turns":9},{"damage":25,"enemies":"3 Sentries","floor":8,"turns":8},{"damage":7,"enemies":"Gremlin Gang","floor":11,"turns":2},{"damage":12,"enemies":"2 Fungi Beasts","floor":13,"turns":2},{"damage":47,"enemies":"The Guardian","floor":16,"turns":13},{"damage":3,"enemies":"3 Byrds","floor":18,"turns":3},{"damage":10,"enemies":"Chosen","floor":19,"turns":3},{"damage":32,"enemies":"3 Cultists","floor":20,"turns":6},{"damage":15,"enemies":"Centurion and Healer","floor":22,"turns":13},{"damage":49,"enemies":"Sentry and Sphere","floor":23,"turns":7}],"seed_played":"-6624606916643685369","potions_obtained":[{"floor":3,"key":"SpeedPotion"},{"floor":11,"key":"Poison Potion"},{"floor":16,"key":"GamblersBrew"}],"is_trial":false,"path_per_floor":["M","M","M","?","$","E","?","?","T","R","M","R","M","?","R","B",null,"M","M","M","$","M","M"],"character_chosen":"IRONCLAD","items_purchased":["True Grit","Ginger","HandDrill"],"campfire_rested":2,"item_purchase_floors":[5,21,21],"current_hp_per_floor":[79,80,80,62,62,34,34,15,15,54,53,53,47,36,75,34,80,80,76,50,50,44,0],"gold":15,"neow_bonus":"UPGRADE_CARD","is_prod":false,"is_daily":false,"chose_seed":false,"campfire_upgraded":1,"win_rate":0,"timestamp":1548965481,"path_taken":["M","M","M","?","$","E","?","?","T","R","M","R","M","?","R","BOSS","M","M","M","$","M","M"],"build_version":"2019-01-23","purchased_purges":2,"victory":false,"max_hp_per_floor":[80,80,80,80,80,80,80,80,80,80,80,80,80,80,80,80,80,80,80,80,80,83,83],"card_choices":[{"not_picked":["Blood for Blood","Wild Strike"],"picked":"Pommel Strike","floor":1},{"not_picked":["Fire Breathing","Clothesline"],"picked":"Cleave","floor":2},{"not_picked":["Carnage","Infernal Blade"],"picked":"Twin Strike","floor":3},{"not_picked":["Clash","Twin Strike"],"picked":"Sword Boomerang","floor":6},{"not_picked":["Blood for Blood","Wild Strike","Offering"],"picked":"Whirlwind","floor":8},{"not_picked":["Perfected Strike","Headbutt","Pummel"],"picked":"Spot Weakness","floor":11},{"not_picked":["Evolve","Corruption","Spot Weakness"],"picked":"Iron Wave","floor":13},{"not_picked":["Juggernaut","Exhume","Dark Embrace"],"picked":"Feed","floor":16},{"not_picked":["Rupture+1","Pommel Strike","Hemokinesis+1"],"picked":"True Grit+1","floor":18},{"not_picked":["Heavy Blade","Sword Boomerang","Flex"],"picked":"Metallicize","floor":19},{"not_picked":["Feel No Pain","Pommel Strike","Sword Boomerang+1"],"picked":"Iron Wave","floor":20},{"not_picked":["Perfected Strike+1","Havoc","Hemokinesis+1","Twin Strike"],"picked":"SKIP","floor":22}],"player_experience":396530,"relics_obtained":[{"floor":6,"key":"Question Card"},{"floor":8,"key":"Nunchaku"},{"floor":9,"key":"Potion Belt"}],"event_choices":[{"damage_healed":0,"gold_gain":0,"player_choice":"Success","damage_taken":18,"relics_obtained":["Regal Pillow"],"max_hp_gain":0,"max_hp_loss":0,"event_name":"Scrap Ooze","floor":4,"gold_loss":0},{"damage_healed":0,"gold_gain":175,"player_choice":"AGREE","damage_taken":0,"max_hp_gain":0,"max_hp_loss":0,"event_name":"Liars Game","floor":7,"gold_loss":0,"cards_obtained":["Doubt"]},{"damage_healed":0,"gold_gain":0,"player_choice":"Searched \u00271\u0027 times","damage_taken":0,"max_hp_gain":0,"max_hp_loss":0,"event_name":"Dead Adventurer","floor":8,"gold_loss":0},{"damage_healed":0,"gold_gain":75,"player_choice":"Gather Gold","damage_taken":11,"max_hp_gain":0,"max_hp_loss":0,"event_name":"World of Goop","floor":14,"gold_loss":0}],"is_beta":false,"boss_relics":[{"not_picked":["Snecko Eye","Fusion Hammer"],"picked":"Mark of Pain"}],"items_purged_floors":[5,21],"is_endless":false,"potions_floor_spawned":[3,11,16],"killed_by":"Sentry and Sphere","ascension_level":1}