{"gold_per_floor":[111,61,61,76,91,91,110,110,110,110,127,127,142,68,68,68],"floor_reached":16,"playtime":611,"items_purged":[],"score":92,"play_id":"61866783-e048-4163-b476-f6a4bb2d6f7c","local_time":"20190302012951","is_ascension_mode":false,"campfire_choices":[{"data":"Sword Boomerang","floor":6,"key":"SMITH"},{"data":"Trip","floor":8,"key":"SMITH"},{"data":"Shrug It Off","floor":12,"key":"SMITH"},{"floor":15,"key":"REST"}],"neow_cost":"NONE","seed_source_timestamp":76051154916352,"circlet_count":0,"master_deck":["Strike_R","Strike_R","Strike_R","Strike_R","Defend_R","Defend_R","Defend_R","Defend_R","Bash+1","Trip+1","Sword Boomerang+1","Shrug It Off+1","Burning Pact","Heavy Blade","Dropkick"],"relics":["Burning Blood","Ginger","StoneCalendar"],"potions_floor_usage":[],"damage_taken":[{"damage":11,"enemies":"Jaw Worm","floor":1,"turns":2},{"damage":8,"enemies":"Small Slimes","floor":4,"turns":3},{"damage":6,"enemies":"Cultist","floor":5,"turns":3},{"damage":27,"enemies":"Gremlin Gang","floor":7,"turns":5},{"damage":17,"enemies":"Exordium Thugs","floor":11,"turns":4},{"damage":14,"enemies":"2 Fungi Beasts","floor":13,"turns":4},{"damage":59,"enemies":"Hexaghost","floor":16,"turns":11}],"seed_played":"492187521361778468","potions_obtained":[{"floor":5,"key":"Strength Potion"},{"floor":13,"key":"Ancient Potion"}],"is_trial":false,"path_per_floor":["M","?","?","M","M","R","M","R","T","?","M","R","M","$","R","B"],"character_chosen":"IRONCLAD","items_purchased":["Dropkick"],"campfire_rested":1,"item_purchase_floors":[14],"current_hp_per_floor":[75,75,72,70,70,70,49,49,49,49,38,38,30,30,54,0],"gold":68,"neow_bonus":"RANDOM_COLORLESS","is_prod":false,"is_daily":false,"chose_seed":false,"campfire_upgraded":3,"win_rate":0,"timestamp":1551508191,"path_taken":["M","?","?","M","M","R","M","R","T","?","M","R","?","$","R","BOSS"],"build_version":"2019-01-23","purchased_purges":0,"victory":false,"max_hp_per_floor":[80,80,80,80,80,80,80,80,80,80,80,80,80,80,80,80],"card_choices":[{"not_picked":["Shrug It Off","Hemokinesis"],"picked":"Sword Boomerang","floor":1},{"not_picked":["Shockwave","Clash","Havoc"],"picked":"SKIP","floor":4},{"not_picked":["Thunderclap","Wild Strike","Warcry"],"picked":"SKIP","floor":5},{"not_picked":["Warcry","Wild Strike"],"picked":"Shrug It Off","floor":7},{"not_picked":["Exhume","Fire Breathing"],"picked":"Burning Pact","floor":11},{"not_picked":["True Grit","Feel No Pain"],"picked":"Heavy Blade","floor":13}],"player_experience":1120809,"relics_obtained":[{"floor":9,"key":"StoneCalendar"}],"event_choices":[{"cards_removed":["Strike_R"],"damage_healed":0,"gold_gain":0,"player_choice":"Card Removal","damage_taken":0,"max_hp_gain":0,"max_hp_loss":0,"event_name":"The Cleric","floor":2,"gold_loss":50},{"damage_healed":0,"gold_gain":0,"player_choice":"Success","damage_taken":3,"relics_obtained":["Ginger"],"max_hp_gain":0,"max_hp_loss":0,"event_name":"Scrap Ooze","floor":3,"gold_loss":0},{"damage_healed":0,"gold_gain":0,"player_choice":"Forge","damage_taken":0,"max_hp_gain":0,"max_hp_loss":0,"event_name":"Accursed Blacksmith","floor":10,"gold_loss":0,"cards_upgraded":["Bash"]}],"is_beta":false,"boss_relics":[],"items_purged_floors":[],"is_endless":false,"potions_floor_spawned":[5,13],"killed_by":"Hexaghost","ascension_level":0}