{"path_per_floor":["M","?","M","?","?","R","M","M","T","M","M","M","E","M","R","B",null,"M","M","$","?","M","R","M","$","T"],"character_chosen":"THE_SILENT","items_purchased":["Flash of Steel","Poisoned Stab","Noxious Fumes","Blade Dance"],"gold_per_floor":[109,109,127,127,127,127,142,160,160,177,190,208,239,252,252,348,348,323,335,60,60,79,79,98,65,65],"floor_reached":27,"campfire_rested":2,"playtime":2477,"current_hp_per_floor":[65,51,51,51,70,70,64,59,59,52,48,45,15,11,40,12,70,44,46,46,46,33,64,24,24,24],"items_purged":["Strike_G"],"gold":65,"play_id":"617d0682-2ce9-4cb0-9056-96087b26ce25","is_prod":false,"is_daily":false,"is_ascension_mode":false,"campfire_upgraded":1,"path_taken":["M","?","M","?","?","R","M","M","T","M","M","M","E","?","R","BOSS","M","M","$","?","M","R","M","?","T","?"],"build_version":"2018-02-01-PROD3","purchased_purges":1,"victory":false,"master_deck":["Defend_G+1","Defend_G","Defend_G","Defend_G","Defend_G","Strike_G","Strike_G","Strike_G","Strike_G","Survivor+1","Neutralize","Caltrops+1","Slice","Quick Slash","Deadly Poison","Poisoned Stab","Outmaneuver","A Thousand Cuts","Catalyst","Slice","Adrenaline","Backflip","Predator","Flash of Steel","Poisoned Stab","Noxious Fumes","Purity","Dagger Throw","Choke","Blade Dance"],"max_hp_per_floor":[70,70,70,70,70,70,70,70,70,70,70,70,70,70,70,70,70,70,70,70,70,70,70,70,70,70],"relics":["Eternal Feather","Blood Vial","Happy Flower","Sozu","Girya"],"card_choices":[{"not_picked":["Quick Slash","Bane"],"picked":"Caltrops"},{"not_picked":["Acrobatics","After Image"],"picked":"Slice"},{"not_picked":["Malaise","Bouncing Flask"],"picked":"Quick Slash"},{"not_picked":["Skewer","Dodge and Roll"],"picked":"Deadly Poison"},{"not_picked":["Quick Slash","Dagger Spray"],"picked":"Poisoned Stab"},{"not_picked":["Leg Sweep","PiercingWail"],"picked":"Outmaneuver"},{"not_picked":["Dagger Throw","Sucker Punch"],"picked":"A Thousand Cuts"},{"not_picked":["Calculated Gamble","Malaise"],"picked":"Catalyst"},{"not_picked":["Prepared","Phantasmal Killer"],"picked":"Slice"},{"not_picked":["Venomology","Corpse Explosion"],"picked":"Adrenaline"},{"not_picked":["Quick Slash","Flying Knee"],"picked":"Backflip"},{"not_picked":["Quick Slash","Dagger Spray"],"picked":"Predator"},{"not_picked":["Poisoned Stab","Flying Knee"],"picked":"Choke"}],"player_experience":23079,"potions_floor_usage":[10,13,16],"damage_taken":[{"damage":5,"enemies":"Jaw Worm","floor":1,"turns":7},{"damage":0,"enemies":"2 Louse","floor":3,"turns":3},{"damage":6,"enemies":"Blue Slaver","floor":7,"turns":4},{"damage":5,"enemies":"2 Fungi Beasts","floor":8,"turns":4},{"damage":9,"enemies":"Exordium Thugs","floor":10,"turns":4},{"damage":6,"enemies":"Red Slaver","floor":11,"turns":4},{"damage":5,"enemies":"Looter","floor":12,"turns":3},{"damage":32,"enemies":"Gremlin Nob","floor":13,"turns":4},{"damage":6,"enemies":"Exordium Thugs","floor":14,"turns":5},{"damage":30,"enemies":"Hexaghost","floor":16,"turns":8},{"damage":26,"enemies":"2 Thieves","floor":18,"turns":5},{"damage":0,"enemies":"3 Byrds","floor":19,"turns":4},{"damage":15,"enemies":"Snake Plant","floor":22,"turns":5},{"damage":42,"enemies":"Cultist and Chosen","floor":24,"turns":7},{"damage":36,"enemies":"Snecko","floor":27,"turns":4}],"event_choices":[{"event_name":"Shining Light","player_choice":"Entered Light","floor":2,"damage_taken":0},{"event_name":"Golden Idol","player_choice":"Ignored","floor":4,"damage_taken":0},{"event_name":"Big Fish","player_choice":"Banana","floor":5,"damage_taken":0},{"event_name":"Match and Keep!","player_choice":"2 cards matched","floor":21,"damage_taken":0}],"boss_relics":[{"not_picked":["Runic Pyramid","Tiny House"],"picked":"Sozu"}],"potions_floor_spawned":[1,10,14,16],"seed_played":"4331655689033788575","killed_by":"Snecko","ascension_level":0,"is_trial":false}