{"path_per_floor":["M","M","M","?","?","R","E","?","T","R","$","E","M","M","R","B",null,"M","$","M","M","?","R","M","$","T","M","M","R","M","?","R"],"character_chosen":"THE_SILENT","items_purchased":["Apotheosis","Flash of Steel+1"],"gold_per_floor":[110,123,143,143,143,143,173,173,220,220,36,69,85,95,95,172,172,182,17,37,48,48,48,65,65,92,102,117,117,129,129,129,129],"floor_reached":33,"campfire_rested":0,"playtime":1910,"item_purchase_floors":[11,19],"current_hp_per_floor":[70,63,63,56,56,56,44,44,44,44,44,31,31,22,22,2,58,49,49,38,23,23,29,28,28,28,12,5,13,8,8,18,0],"items_purged":["Strike_G"],"gold":129,"score":452,"play_id":"e861b9e3-e9be-4bbe-a1e6-974be740b186","local_time":"20180607001631","is_prod":false,"is_daily":false,"chose_seed":false,"is_ascension_mode":true,"campfire_upgraded":6,"win_rate":0,"timestamp":1528298191,"campfire_choices":[{"data":"Neutralize","floor":6,"key":"SMITH"},{"data":"Cloak And Dagger","floor":10,"key":"SMITH"},{"data":"Apotheosis","floor":15,"key":"SMITH"},{"data":"After Image","floor":23,"key":"SMITH"},{"data":"Cloak And Dagger","floor":29,"key":"SMITH"},{"data":"Backstab","floor":32,"key":"SMITH"}],"path_taken":["M","M","?","?","?","R","E","?","T","R","$","E","?","M","R","BOSS","M","?","?","M","?","R","?","?","T","M","M","R","M","?","R","BOSS"],"build_version":"2018-05-31","seed_source_timestamp":3501224343650,"purchased_purges":1,"victory":false,"master_deck":["Defend_G+1","Defend_G","Defend_G","Strike_G","Strike_G","Strike_G","Strike_G","Survivor+1","Neutralize+1","AscendersBane","Dagger Spray+1","Cloak And Dagger+1","Backstab+1","Apotheosis+1","After Image+1","Infinite Blades","Cloak And Dagger+1","Flash of Steel+1","Escape Plan","Dash+1","Ghostly","Ghostly","Ghostly","Ghostly","Ghostly"],"max_hp_per_floor":[77,77,77,77,77,77,77,77,77,77,77,77,77,77,77,77,77,77,77,77,77,77,77,77,77,77,77,77,77,77,38,38,38],"relics":["Ring of the Snake","Boot","War Paint","Molten Egg 2","Eternal Feather","Bronze Scales"],"card_choices":[{"not_picked":["Underhanded Strike","Bane"],"picked":"Dagger Spray","floor":1},{"not_picked":["Outmaneuver","Blur"],"picked":"Cloak And Dagger","floor":2},{"not_picked":["Bane","Deadly Poison","Quick Slash"],"picked":"SKIP","floor":3},{"not_picked":["Dagger Throw","Blur"],"picked":"Backstab","floor":7},{"not_picked":["Flying Knee","Noxious Fumes"],"picked":"After Image","floor":12},{"not_picked":["Caltrops","Dodge and Roll","Riddle With Holes+1"],"picked":"SKIP","floor":13},{"not_picked":["Noxious Fumes","Dash+1"],"picked":"Infinite Blades","floor":14},{"not_picked":["Distraction","Backflip"],"picked":"Cloak And Dagger","floor":18},{"not_picked":["Sucker Punch+1","Masterful Stab+1","Prepared"],"picked":"SKIP","floor":20},{"not_picked":["Acrobatics","Outmaneuver+1","Flying Knee+1"],"picked":"SKIP","floor":21},{"not_picked":["Leg Sweep","Deflect"],"picked":"Escape Plan","floor":24},{"not_picked":["Poisoned Stab+1","Noxious Fumes"],"picked":"Dash+1","floor":27},{"not_picked":["Bouncing Flask+1","Choke+1","Poisoned Stab+1"],"picked":"SKIP","floor":28},{"not_picked":["Poisoned Stab+1","Bane+1","Dagger Throw+1"],"picked":"SKIP","floor":30}],"player_experience":786835,"potions_floor_usage":[16,18,33,33,33],"damage_taken":[{"damage":0,"enemies":"Cultist","floor":1,"turns":4},{"damage":7,"enemies":"Jaw Worm","floor":2,"turns":5},{"damage":0,"enemies":"2 Louse","floor":3,"turns":3},{"damage":12,"enemies":"3 Sentries","floor":7,"turns":8},{"damage":13,"enemies":"Gremlin Nob","floor":12,"turns":4},{"damage":0,"enemies":"Exordium Thugs","floor":13,"turns":3},{"damage":9,"enemies":"Looter","floor":14,"turns":3},{"damage":20,"enemies":"Slime Boss","floor":16,"turns":12},{"damage":9,"enemies":"2 Thieves","floor":18,"turns":4},{"damage":11,"enemies":"Spheric Guardian","floor":20,"turns":4},{"damage":15,"enemies":"Snake Plant","floor":21,"turns":5},{"damage":1,"enemies":"Centurion and Healer","floor":24,"turns":7},{"damage":16,"enemies":"Slaver and Parasite","floor":27,"turns":5},{"damage":7,"enemies":"3 Cultists","floor":28,"turns":5},{"damage":5,"enemies":"Centurion and Healer","floor":30,"turns":7},{"damage":37,"enemies":"Automaton","floor":33,"turns":6}],"relics_obtained":[{"floor":7,"key":"Boot"},{"floor":9,"key":"War Paint"},{"floor":12,"key":"Molten Egg 2"},{"floor":26,"key":"Bronze Scales"}],"event_choices":[{"event_name":"Golden Wing","player_choice":"Card Removal","floor":4,"damage_taken":0},{"event_name":"Accursed Blacksmith","player_choice":"Forge","floor":5,"damage_taken":0},{"event_name":"Purifier","player_choice":"One Purge","floor":8,"damage_taken":0},{"event_name":"Drug Dealer","player_choice":"Ignored","floor":22,"damage_taken":0},{"event_name":"Ghosts","player_choice":"Became a Ghost","floor":31,"damage_taken":0}],"boss_relics":[{"not_picked":["Runic Pyramid","Philosopher\u0027s Stone"],"picked":"Eternal Feather"}],"items_purged_floors":[19],"potions_floor_spawned":[7,13,16,20,21,24,28],"seed_played":"-6833555991464694064","killed_by":"Automaton","ascension_level":13,"potions_obtained":[{"floor":7,"key":"EssenceOfSteel"},{"floor":13,"key":"LiquidBronze"},{"floor":16,"key":"Block Potion"},{"floor":20,"key":"EssenceOfSteel"},{"floor":21,"key":"SpeedPotion"},{"floor":24,"key":"SteroidPotion"},{"floor":28,"key":"PowerPotion"}],"is_trial":false}