{"gold_per_floor":[113,129,147,127,82,115,115,128,128,146,146],"floor_reached":11,"playtime":601,"items_purged":[],"score":90,"play_id":"6e0d6391-042f-4cac-bca9-d955faa9a331","local_time":"20190213202102","is_ascension_mode":true,"campfire_choices":[{"data":"True Grit","floor":7,"key":"SMITH"}],"neow_cost":"NONE","seed_source_timestamp":2106192312669166,"circlet_count":0,"master_deck":["Strike_R","Strike_R","Strike_R","Strike_R","Defend_R","Defend_R","Defend_R","Defend_R","Bash","Second Wind","Sword Boomerang","Thunderclap","Heavy Blade","True Grit+1","Body Slam","Headbutt","Uppercut"],"relics":["Burning Blood","The Courier","Toxic Egg 2"],"potions_floor_usage":[8],"damage_taken":[{"damage":0,"enemies":"Small Slimes","floor":1,"turns":3},{"damage":6,"enemies":"Cultist","floor":2,"turns":3},{"damage":2,"enemies":"Jaw Worm","floor":3,"turns":3},{"damage":28,"enemies":"Gremlin Nob","floor":6,"turns":4},{"damage":23,"enemies":"Lots of Slimes","floor":8,"turns":4},{"damage":34,"enemies":"Exordium Thugs","floor":10,"turns":6},{"damage":14,"enemies":"3 Louse","floor":11,"turns":2}],"seed_played":"6804030617604618155","potions_obtained":[{"floor":2,"key":"Ancient Potion"},{"floor":4,"key":"GamblersBrew"},{"floor":8,"key":"Poison Potion"}],"is_trial":false,"path_per_floor":["M","M","M","?","$","E","R","M","T","M","M"],"character_chosen":"IRONCLAD","items_purchased":["True Grit"],"campfire_rested":0,"item_purchase_floors":[5],"current_hp_per_floor":[80,80,80,80,80,58,58,41,41,13,0],"gold":146,"neow_bonus":"TRANSFORM_CARD","is_prod":false,"is_daily":false,"chose_seed":false,"campfire_upgraded":1,"win_rate":0,"timestamp":1550089262,"path_taken":["M","M","M","?","$","E","R","?","T","M","M"],"build_version":"2019-01-23","purchased_purges":0,"victory":false,"max_hp_per_floor":[80,80,80,80,80,80,80,80,80,80,80],"card_choices":[{"not_picked":["Anger","Rupture"],"picked":"Sword Boomerang","floor":1},{"not_picked":["Dual Wield","Fire Breathing"],"picked":"Thunderclap","floor":2},{"not_picked":["Iron Wave","Infernal Blade"],"picked":"Heavy Blade","floor":3},{"not_picked":["Brutality","Combust"],"picked":"Body Slam","floor":6},{"not_picked":["Thunderclap","Warcry"],"picked":"Headbutt","floor":8},{"not_picked":["Body Slam","Twin Strike"],"picked":"Uppercut","floor":10}],"player_experience":469172,"relics_obtained":[{"floor":6,"key":"The Courier"},{"floor":9,"key":"Toxic Egg 2"}],"event_choices":[{"damage_healed":0,"gold_gain":0,"player_choice":"Bought 1 Potion","damage_taken":0,"max_hp_gain":0,"max_hp_loss":0,"event_name":"The Woman in Blue","floor":4,"gold_loss":0}],"is_beta":false,"boss_relics":[],"items_purged_floors":[],"is_endless":false,"potions_floor_spawned":[2,8],"killed_by":"3 Louse","ascension_level":4}