{"path_per_floor":["M","M","?","?","M","R","M","R","T","M","$","R","?","?","R"],"character_chosen":"IRONCLAD","items_purchased":["Metallicize","Shrug It Off"],"gold_per_floor":[10,29,104,104,119,119,134,134,134,146,27,27,87,87,87],"floor_reached":16,"campfire_rested":0,"playtime":736,"current_hp_per_floor":[75,80,69,69,68,68,51,51,51,48,48,48,31,80,80],"items_purged":[],"gold":87,"score":99,"play_id":"ea30c82d-cb67-49b3-bb48-da6cf088ca16","is_prod":false,"is_daily":false,"is_ascension_mode":true,"campfire_upgraded":4,"path_taken":["M","M","?","?","M","R","M","R","T","M","?","R","?","?","R","BOSS"],"build_version":"2018-02-22-PROD2","purchased_purges":0,"victory":false,"master_deck":["Strike_R","Strike_R","Strike_R","Strike_R","Defend_R","Defend_R","Defend_R","Bash","Exhume","Limit Break+1","Whirlwind","Sword Boomerang","Rupture+1","Fiend Fire+1","Shrug It Off","Metallicize+1","Shrug It Off","Evolve+1"],"max_hp_per_floor":[80,80,80,80,80,80,80,80,80,80,80,80,80,80,80],"relics":["Burning Blood","Singing Bowl","Juzu Bracelet"],"card_choices":[{"not_picked":["Armaments","Havoc"],"picked":"Whirlwind"},{"not_picked":["Thunderclap","Twin Strike"],"picked":"Sword Boomerang"},{"not_picked":["Dropkick","Sword Boomerang"],"picked":"Rupture"},{"not_picked":["Body Slam","Sentinel"],"picked":"Fiend Fire"},{"not_picked":["Clothesline","Thunderclap"],"picked":"Shrug It Off"},{"not_picked":["Perfected Strike","Flame Barrier"],"picked":"Evolve"}],"player_experience":208819,"potions_floor_usage":[16,16],"damage_taken":[{"damage":11.0,"enemies":"Cultist","floor":1.0,"turns":4.0},{"damage":1.0,"enemies":"2 Louse","floor":2.0,"turns":2.0},{"damage":7.0,"enemies":"Jaw Worm","floor":5.0,"turns":3.0},{"damage":23.0,"enemies":"Red Slaver","floor":7.0,"turns":3.0},{"damage":9.0,"enemies":"3 Louse","floor":10.0,"turns":3.0},{"damage":23.0,"enemies":"Lagavulin Event","floor":13.0,"turns":6.0},{"damage":95,"enemies":"Hexaghost","floor":16,"turns":14}],"event_choices":[{"event_name":"World of Goop","player_choice":"Gather Gold","floor":3.0,"damage_taken":0.0},{"event_name":"Upgrade Shrine","player_choice":"Upgraded","floor":4.0,"damage_taken":0.0},{"event_name":"Dead Adventurer","player_choice":"Searched \u00271\u0027 times","floor":13.0,"damage_taken":0.0},{"event_name":"Wheel of Change","player_choice":"Full Heal","floor":14.0,"damage_taken":0.0}],"boss_relics":[],"potions_floor_spawned":[1,5,7,13],"seed_played":"2479726882029501200","killed_by":"Hexaghost","ascension_level":2,"is_trial":false}