{"path_per_floor":["M","M","M","M","?","E","R","E","T","R","E","?","?"],"character_chosen":"DEFECT","items_purchased":[],"gold_per_floor":[111,121,139,153,153,188,188,223,272,272,298,298,298,298],"floor_reached":14,"campfire_rested":0,"playtime":831,"item_purchase_floors":[],"current_hp_per_floor":[69,67,67,64,64,42,42,25,32,32,15,8,8,0],"items_purged":[],"gold":298,"score":113,"play_id":"e48d5b1b-2541-4da9-8cdb-0180f82f3515","local_time":"20180602194211","is_prod":false,"is_daily":false,"chose_seed":false,"is_ascension_mode":true,"campfire_upgraded":2,"win_rate":0.0,"timestamp":1527936131,"campfire_choices":[{"data":"Coolheaded","floor":7,"key":"SMITH"},{"data":"Redo","floor":10,"key":"SMITH"}],"path_taken":["M","M","M","M","?","E","R","E","T","R","E","?","?","E"],"build_version":"2018-05-31","seed_source_timestamp":857676780428969,"purchased_purges":0,"victory":false,"master_deck":["Strike_B","Strike_B","Strike_B","Defend_B","Defend_B","Defend_B","Zap+1","Dualcast","Coolheaded+1","Streamline","Blizzard","Melter","Redo+1","Auto Shields"],"max_hp_per_floor":[75,75,75,75,75,75,75,75,82,82,82,82,82,82],"relics":["Cracked Core","Singing Bowl","Darkstone Periapt","Strawberry","Ancient Tea Set"],"card_choices":[{"not_picked":["Heatsinks","Reprogram"],"picked":"Coolheaded","floor":1},{"not_picked":["Force Field","Hologram"],"picked":"Streamline","floor":2},{"not_picked":["Reinforced Body","Self Repair"],"picked":"Blizzard","floor":3},{"not_picked":["Melter","Hologram","Force Field"],"picked":"SKIP","floor":4},{"not_picked":["Tempest","Fusion"],"picked":"Melter","floor":6},{"not_picked":["Leap","Heatsinks"],"picked":"Redo","floor":8},{"not_picked":["Undo","Lockon"],"picked":"Auto Shields","floor":11}],"player_experience":738565,"potions_floor_usage":[11,14],"damage_taken":[{"damage":6,"enemies":"Cultist","floor":1,"turns":3},{"damage":2,"enemies":"Small Slimes","floor":2,"turns":3},{"damage":0,"enemies":"2 Louse","floor":3,"turns":2},{"damage":3,"enemies":"Large Slime","floor":4,"turns":5},{"damage":22,"enemies":"Lagavulin","floor":6,"turns":5},{"damage":17,"enemies":"3 Sentries","floor":8,"turns":7},{"damage":17,"enemies":"Lagavulin","floor":11,"turns":5},{"damage":26,"enemies":"Gremlin Nob","floor":14,"turns":3}],"relics_obtained":[{"floor":6,"key":"Singing Bowl"},{"floor":8,"key":"Darkstone Periapt"},{"floor":9,"key":"Strawberry"},{"floor":11,"key":"Ancient Tea Set"}],"event_choices":[{"event_name":"Living Wall","player_choice":"Forget","floor":5,"damage_taken":0},{"event_name":"Golden Wing","player_choice":"Card Removal","floor":12,"damage_taken":0},{"event_name":"Liars Game","player_choice":"disagreed","floor":13,"damage_taken":0}],"boss_relics":[],"items_purged_floors":[],"potions_floor_spawned":[3,6,8],"seed_played":"1964897466695062825","killed_by":"Gremlin Nob","ascension_level":1,"potions_obtained":[{"floor":3,"key":"SteroidPotion"},{"floor":6,"key":"Poison Potion"},{"floor":8,"key":"PowerPotion"}],"is_trial":false}