{"gold_per_floor":[109,128,53,53,53,87,87,113,113,132,146,201,201,212,212,212],"floor_reached":16,"playtime":1045,"items_purged":["Strike_R"],"score":283,"play_id":"d278c044-36fe-495f-8e75-3539fff675ca","local_time":"20190302164829","is_ascension_mode":true,"campfire_choices":[{"data":"Cleave","floor":7,"key":"SMITH"},{"data":"Whirlwind","floor":15,"key":"SMITH"}],"neow_cost":"NONE","seed_source_timestamp":69659254669322,"circlet_count":0,"master_deck":["AscendersBane","Strike_R","Strike_R","Strike_R","Strike_R","Defend_R","Defend_R","Defend_R","Bash","Flex","Flame Barrier","Cleave+1","Feed","True Grit","Metallicize","Whirlwind+1","Warcry"],"relics":["Burning Blood","NeowsBlessing","Omamori","Prayer Wheel","Letter Opener","Tiny Chest","Molten Egg 2"],"potions_floor_usage":[12],"damage_taken":[{"damage":0,"enemies":"Small Slimes","floor":1,"turns":1},{"damage":0,"enemies":"Jaw Worm","floor":2,"turns":1},{"damage":0,"enemies":"3 Sentries","floor":6,"turns":2},{"damage":38,"enemies":"Lagavulin","floor":8,"turns":8},{"damage":1,"enemies":"2 Louse","floor":10,"turns":2},{"damage":16,"enemies":"Lots of Slimes","floor":11,"turns":4},{"damage":14,"enemies":"3 Sentries","floor":12,"turns":8},{"damage":0,"enemies":"3 Louse","floor":14,"turns":1},{"damage":45,"enemies":"Hexaghost","floor":16,"turns":9}],"seed_played":"6800130440287410462","potions_obtained":[{"floor":2,"key":"SpeedPotion"},{"floor":8,"key":"AttackPotion"},{"floor":12,"key":"Ancient Potion"}],"is_trial":false,"path_per_floor":["M","M","$","?","$","E","R","E","T","M","M","E","T","M","R","B"],"character_chosen":"IRONCLAD","items_purchased":[],"campfire_rested":0,"item_purchase_floors":[],"current_hp_per_floor":[74,75,75,75,75,75,75,43,43,48,41,36,36,42,42,0],"gold":212,"neow_bonus":"THREE_ENEMY_KILL","is_prod":false,"is_daily":false,"chose_seed":false,"campfire_upgraded":2,"win_rate":0,"timestamp":1551512909,"path_taken":["M","M","$","?","$","E","R","E","T","M","M","E","?","M","R","BOSS"],"build_version":"2019-01-23","purchased_purges":1,"victory":false,"max_hp_per_floor":[75,75,75,75,75,75,75,75,75,75,78,81,81,81,81,81],"card_choices":[{"not_picked":["Corruption","Wild Strike"],"picked":"Flex","floor":1},{"not_picked":["Flex","Clothesline"],"picked":"Flame Barrier","floor":2},{"not_picked":["Perfected Strike","Pommel Strike"],"picked":"Cleave","floor":6},{"not_picked":["Pommel Strike","Body Slam","Clothesline"],"picked":"SKIP","floor":8},{"not_picked":["Havoc","Searing Blow"],"picked":"Feed","floor":10},{"not_picked":["Pummel","Shrug It Off","Sever Soul"],"picked":"SKIP","floor":10},{"not_picked":["Twin Strike","Warcry"],"picked":"True Grit","floor":11},{"not_picked":["Flex","Cleave"],"picked":"Metallicize","floor":11},{"not_picked":["Dual Wield","Disarm"],"picked":"Whirlwind","floor":12},{"not_picked":["True Grit","Sentinel"],"picked":"Warcry","floor":14},{"not_picked":["True Grit","Twin Strike+1","Bludgeon+1"],"picked":"SKIP","floor":14}],"player_experience":990216,"relics_obtained":[{"floor":6,"key":"Omamori"},{"floor":8,"key":"Prayer Wheel"},{"floor":9,"key":"Letter Opener"},{"floor":12,"key":"Tiny Chest"},{"floor":13,"key":"Molten Egg 2"}],"event_choices":[{"cards_removed":["Defend_R"],"damage_healed":0,"gold_gain":0,"player_choice":"Forget","damage_taken":0,"max_hp_gain":0,"max_hp_loss":0,"event_name":"Living Wall","floor":4,"gold_loss":0}],"is_beta":false,"boss_relics":[],"items_purged_floors":[3],"is_endless":false,"potions_floor_spawned":[2,8,11,12],"killed_by":"Hexaghost","ascension_level":19}