{"path_per_floor":["M","?","M","M","$","M","R","$","T","M","R","?","M","?","R"],"character_chosen":"THE_SILENT","items_purchased":["Flechettes","Crippling Poison","Deadly Poison","Blur"],"gold_per_floor":[109,284,295,309,119,135,135,14,37,48,48,48,68,68,68,68],"floor_reached":16,"campfire_rested":1,"playtime":1605,"current_hp_per_floor":[70,70,70,68,68,45,66,66,66,64,64,64,62,72,72,0],"items_purged":["Doubt"],"gold":68,"score":92,"play_id":"245ea557-601c-490d-b63e-f783c22732f2","local_time":"20180428075018","is_prod":false,"is_daily":false,"chose_seed":false,"is_ascension_mode":false,"campfire_upgraded":2,"timestamp":1524898218,"path_taken":["M","?","?","?","$","M","R","$","T","M","R","?","M","?","R","BOSS"],"build_version":"2018-04-27","seed_source_timestamp":0,"purchased_purges":1,"victory":false,"master_deck":["Defend_G","Defend_G","Defend_G","Defend_G","Defend_G","Strike_G","Strike_G","Strike_G","Strike_G","Strike_G","Survivor","Neutralize","Corpse Explosion","Acrobatics","Catalyst+1","Adrenaline+1","Flechettes","Backflip","Deadly Poison","Blur","Footwork+1"],"max_hp_per_floor":[70,70,70,70,70,70,70,70,70,72,72,72,72,72,72,72],"relics":["Ring of the Snake","Singing Bowl"],"card_choices":[{"not_picked":["Bane","Outmaneuver"],"picked":"Acrobatics","floor":1.0},{"not_picked":["Quick Slash","Cloak And Dagger"],"picked":"Catalyst","floor":3.0},{"not_picked":["Prepared","Deflect"],"picked":"Adrenaline","floor":4.0},{"not_picked":["Dagger Throw","Sucker Punch"],"picked":"Backflip","floor":6.0},{"not_picked":["Accuracy","Quick Slash"],"picked":"Footwork","floor":13.0}],"player_experience":0,"potions_floor_usage":[16,16],"damage_taken":[{"damage":0.0,"enemies":"Small Slimes","floor":1.0,"turns":7.0},{"damage":0.0,"enemies":"2 Louse","floor":3.0,"turns":3.0},{"damage":2.0,"enemies":"Cultist","floor":4.0,"turns":5.0},{"damage":23.0,"enemies":"Gremlin Gang","floor":6.0,"turns":8.0},{"damage":4.0,"enemies":"2 Fungi Beasts","floor":10.0,"turns":6.0},{"damage":2.0,"enemies":"Looter","floor":13.0,"turns":3.0},{"damage":73,"enemies":"Slime Boss","floor":16,"turns":16}],"event_choices":[{"event_name":"Liars Game","player_choice":"agreed","floor":2.0,"damage_taken":0.0},{"event_name":"Living Wall","player_choice":"Grow","floor":12.0,"damage_taken":0.0},{"event_name":"Bonfire Elementals","player_choice":"UNCOMMON","floor":14.0,"damage_taken":0.0}],"boss_relics":[],"potions_floor_spawned":[3,6],"seed_played":"1747233443015972082","killed_by":"Slime Boss","ascension_level":0,"is_trial":false}