{"path_per_floor":["M","M","M","?","M","E","M","R","T","$","M","E","M","E","R"],"character_chosen":"IRONCLAD","items_purchased":["Shrug It Off","Fiend Fire","Mind Blast"],"gold_per_floor":[110,130,140,315,331,362,381,381,381,16,35,69,86,112,112],"floor_reached":16,"campfire_rested":0,"playtime":1527,"current_hp_per_floor":[78,80,70,70,76,64,56,56,70,70,75,65,71,45,45],"items_purged":["Doubt"],"gold":112,"score":180,"play_id":"79b42120-23e9-40d0-9726-06a9986ba000","is_prod":false,"is_daily":false,"is_ascension_mode":true,"campfire_upgraded":2,"path_taken":["M","M","M","?","M","E","M","R","T","$","M","E","M","E","R","BOSS"],"build_version":"2018-02-08-BETA1","purchased_purges":1,"victory":false,"master_deck":["Strike_R","Strike_R","Strike_R","Strike_R","Strike_R","Defend_R","Defend_R","Defend_R","Defend_R","Bash","Entrench","Flex","Rampage+1","Headbutt","Seeing Red","Warcry","Shrug It Off","Fiend Fire","Mind Blast+1","Seeing Red","Body Slam","Burning Pact"],"max_hp_per_floor":[80,80,80,80,80,80,80,80,94,94,94,94,94,94,94],"relics":["Burning Blood","Anchor","Vajra","Mango","Peace Pipe","Pen Nib"],"card_choices":[{"not_picked":["True Grit","Battle Trance"],"picked":"Entrench"},{"not_picked":["Carnage","Fire Breathing"],"picked":"Flex"},{"not_picked":["Whirlwind","Ghostly Armor"],"picked":"Rampage"},{"not_picked":["Ghostly Armor","Clash"],"picked":"Headbutt"},{"not_picked":["Clash","Second Wind"],"picked":"Seeing Red"},{"not_picked":["Perfected Strike","Twin Strike"],"picked":"Warcry"},{"not_picked":["Feel No Pain","Burning Pact"],"picked":"Seeing Red"},{"not_picked":["Headbutt","Wild Strike"],"picked":"Body Slam"},{"not_picked":["Flex","Sword Boomerang"],"picked":"Burning Pact"}],"player_experience":138162,"potions_floor_usage":[6,12,14,14,16],"damage_taken":[{"damage":0,"enemies":"2 Louse","floor":1,"turns":2},{"damage":2,"enemies":"Small Slimes","floor":2,"turns":5},{"damage":16,"enemies":"Blue Slaver","floor":3,"turns":5},{"damage":0,"enemies":"2 Fungi Beasts","floor":5,"turns":4},{"damage":31,"enemies":"3 Sentries","floor":6,"turns":8},{"damage":14,"enemies":"Lots of Slimes","floor":7,"turns":6},{"damage":1,"enemies":"Gremlin Gang","floor":11,"turns":4},{"damage":16,"enemies":"Gremlin Nob","floor":12,"turns":4},{"damage":0,"enemies":"Looter","floor":13,"turns":2},{"damage":47,"enemies":"Lagavulin","floor":14,"turns":6},{"damage":53,"enemies":"Slime Boss","floor":16,"turns":6}],"event_choices":[{"event_name":"Liars Game","player_choice":"agreed","floor":4,"damage_taken":0}],"boss_relics":[],"potions_floor_spawned":[3,5,7,11,12,13],"seed_played":"4514428375393717580","killed_by":"Slime Boss","ascension_level":9,"is_trial":false}