{"path_per_floor":["M","?","$","?","M","R","E","M","T","M","?","M","R","?","R","B",null,"M","?","M"],"character_chosen":"THE_SILENT","items_purchased":[],"gold_per_floor":[115,115,40,40,54,54,80,91,91,103,203,221,221,221,221,318,318,329,279,293],"floor_reached":21,"campfire_rested":0,"playtime":1262,"current_hp_per_floor":[70,77,77,65,65,65,58,58,58,58,58,58,58,58,58,12,77,64,64,34],"items_purged":["Regret"],"gold":293,"score":179,"play_id":"44c0a5f1-9aa8-41cf-b3b1-1a616e6844c9","local_time":"20180304190452","is_prod":false,"is_daily":false,"is_ascension_mode":false,"campfire_upgraded":3,"timestamp":1520208292,"path_taken":["M","?","?","?","M","R","E","M","T","M","?","M","R","?","R","BOSS","M","?","M","M"],"build_version":"2018-03-01-PROD1","purchased_purges":1,"victory":false,"master_deck":["Defend_G","Defend_G","Defend_G","Defend_G","Defend_G","Strike_G","Strike_G","Strike_G","Strike_G","Survivor","Neutralize","Heel Hook","Deadly Poison+1","Catalyst","Crippling Poison","A Thousand Cuts+1","Poisoned Stab","Venomology+1","Glass Knife","Regret","Writhe","Clumsy","Dash","Terror+1"],"max_hp_per_floor":[70,77,77,77,77,77,77,77,77,77,77,77,77,77,77,77,77,77,77,77],"relics":["Ring of the Snake","Lantern","Strawberry","Centennial Puzzle","Juzu Bracelet","Calipers","Calling Bell","Ginger","Regal Pillow","Gambling Chip"],"card_choices":[{"not_picked":["Acrobatics","Bane"],"picked":"Heel Hook"},{"not_picked":["Flying Knee","Quick Slash"],"picked":"Deadly Poison"},{"not_picked":["Bane","Masterful Stab"],"picked":"Catalyst"},{"not_picked":["Riddle With Holes","All Out Attack"],"picked":"Crippling Poison"},{"not_picked":["Noxious Fumes","Infinite Blades"],"picked":"A Thousand Cuts"},{"not_picked":["Dagger Spray","Sucker Punch"],"picked":"Poisoned Stab"},{"not_picked":["Tactician","Doppelganger"],"picked":"Glass Knife"},{"not_picked":["Eviscerate","Outmaneuver"],"picked":"Dash"},{"not_picked":["Dagger Throw","Slice"],"picked":"Terror"}],"player_experience":105628,"potions_floor_usage":[7,7,18,18,18,21],"damage_taken":[{"damage":0,"enemies":"2 Louse","floor":1,"turns":3},{"damage":0,"enemies":"Jaw Worm","floor":5,"turns":4},{"damage":7,"enemies":"3 Sentries","floor":7,"turns":10},{"damage":0,"enemies":"Cultist","floor":8,"turns":3},{"damage":0,"enemies":"2 Fungi Beasts","floor":10,"turns":3},{"damage":0,"enemies":"Large Slime","floor":12,"turns":6},{"damage":46,"enemies":"Slime Boss","floor":16,"turns":10},{"damage":13,"enemies":"Spheric Guardian","floor":18,"turns":7},{"damage":30,"enemies":"Chosen","floor":20,"turns":4},{"damage":26,"enemies":"Sentry and Sphere","floor":21,"turns":5}],"event_choices":[{"event_name":"Big Fish","player_choice":"Box","floor":2,"damage_taken":0},{"event_name":"Scrap Ooze","player_choice":"success","floor":4,"damage_taken":12},{"event_name":"Wheel of Change","player_choice":"Gold","floor":11,"damage_taken":0},{"event_name":"Transmorgrifier","player_choice":"Transform","floor":14,"damage_taken":0},{"event_name":"The Joust","player_choice":"Bet on Owner","floor":19,"damage_taken":0}],"boss_relics":[{"not_picked":["Tiny House","Orrery"],"picked":"Calling Bell"}],"potions_floor_spawned":[1,5,10,16],"seed_played":"-1954703103289647955","killed_by":"Sentry and Sphere","ascension_level":0,"is_trial":false}