{"path_per_floor":["M","$","M","M","M","E","M","M","T","M","M","E","M","E","R","B",null,"M","?","M","?","$","E","R","M","T","M","?","T","$","E","R","B",null,"M","?","?","M","?","R","E","R","T","$","R","M","?","M","R","B"],"character_chosen":"IRONCLAD","items_purchased":["Fire Potion","Double Tap","Thinking Ahead","Warcry"],"gold_per_floor":[116,41,52,65,81,109,126,146,146,166,186,212,223,257,257,355,355,374,374,389,389,241,266,266,276,276,288,288,288,13,45,45,145,145,164,164,164,182,182,182,213,213,213,43,43,53,0,12,12,12],"floor_reached":51,"campfire_rested":0,"playtime":5219,"current_hp_per_floor":[73,73,68,73,79,32,37,43,43,44,44,31,37,36,36,52,73,80,80,80,80,80,46,46,72,72,63,63,70,70,99,99,83,97,104,104,104,106,106,106,59,59,59,59,59,97,97,103,103,62],"items_purged":["Strike_R","Strike_R","Writhe"],"gold":12,"play_id":"832ba249-61cd-4e17-afe4-7a4c6d0f9afb","is_prod":false,"is_daily":false,"is_ascension_mode":true,"campfire_upgraded":7,"path_taken":["M","$","M","M","M","E","M","M","T","M","M","E","M","E","R","BOSS","M","?","M","?","$","E","R","M","T","?","?","?","$","E","R","BOSS","M","?","?","M","?","R","E","R","T","$","R","M","?","M","R","BOSS"],"build_version":"2018-02-01-PROD3","purchased_purges":3,"victory":true,"master_deck":["Strike_R","Strike_R","Defend_R","Defend_R+1","Defend_R+1","Bash+1","Whirlwind+1","Inflame+1","Reaper","Intimidate+1","Armaments+1","Inflame+1","Offering+1","True Grit+1","Feed","Dropkick+1","Evolve+1","Impervious+1","Double Tap+1","Thinking Ahead+1","Limit Break+1","Purity+1","Flame Barrier+1","Warcry+1","Pommel Strike+1","Flame Barrier+1"],"max_hp_per_floor":[80,80,80,80,80,80,80,80,80,80,80,80,80,80,80,80,80,80,80,80,80,80,82,82,86,86,90,90,97,97,99,99,102,102,104,104,104,106,106,106,109,109,109,109,109,109,109,109,109,109],"relics":["Burning Blood","Ancient Tea Set","Toxic Egg 2","Champion Belt","Dream Catcher","Toolbox","Mark of Pain","Singing Bowl","Bag of Marbles","Strawberry","Letter Opener","Runic Dome","Torii","Orichalcum","Red Mask"],"card_choices":[{"not_picked":["Reckless Charge","Anger"],"picked":"Whirlwind"},{"not_picked":["True Grit","Sword Boomerang"],"picked":"Inflame"},{"not_picked":["Ghostly Armor","Uppercut"],"picked":"Reaper"},{"not_picked":["Clothesline","Rupture"],"picked":"Intimidate"},{"not_picked":["Flex","Twin Strike"],"picked":"Armaments"},{"not_picked":["Power Through","Shrug It Off"],"picked":"Inflame"},{"not_picked":["Anger","Flame Barrier"],"picked":"Offering"},{"not_picked":["Reckless Charge","Shrug It Off"],"picked":"True Grit"},{"not_picked":["Immolate","Berserk"],"picked":"Feed"},{"not_picked":["Headbutt","Pommel Strike"],"picked":"Dropkick"},{"not_picked":["Cleave","Armaments"],"picked":"Evolve"},{"not_picked":["Hemokinesis","Cleave"],"picked":"Impervious"},{"not_picked":["Brutality","Feed"],"picked":"Limit Break"},{"not_picked":["Armaments","Sword Boomerang"],"picked":"Flame Barrier"},{"not_picked":["Infernal Blade","Iron Wave"],"picked":"Pommel Strike"},{"not_picked":["Clothesline","Havoc"],"picked":"Flame Barrier"}],"player_experience":517941,"potions_floor_usage":[12,12,14,23,23,31,50,50],"damage_taken":[{"damage":5,"enemies":"Small Slimes","floor":1,"turns":4},{"damage":11,"enemies":"Jaw Worm","floor":3,"turns":5},{"damage":1,"enemies":"Cultist","floor":4,"turns":4},{"damage":0,"enemies":"3 Louse","floor":5,"turns":1},{"damage":53,"enemies":"Lagavulin","floor":6,"turns":10},{"damage":1,"enemies":"2 Fungi Beasts","floor":7,"turns":3},{"damage":6,"enemies":"Exordium Wildlife","floor":8,"turns":5},{"damage":17,"enemies":"Gremlin Gang","floor":10,"turns":4},{"damage":6,"enemies":"Looter","floor":11,"turns":4},{"damage":28,"enemies":"Gremlin Nob","floor":12,"turns":5},{"damage":0,"enemies":"Lots of Slimes","floor":13,"turns":1},{"damage":7,"enemies":"Lagavulin","floor":14,"turns":7},{"damage":5,"enemies":"The Guardian","floor":16,"turns":8},{"damage":4,"enemies":"Chosen","floor":18,"turns":4},{"damage":6,"enemies":"Spheric Guardian","floor":20,"turns":3},{"damage":42,"enemies":"Book of Stabbing","floor":23,"turns":5},{"damage":4,"enemies":"Centurion and Healer","floor":25,"turns":4},{"damage":28,"enemies":"Slaver and Parasite","floor":27,"turns":4},{"damage":4,"enemies":"Gremlin Leader","floor":31,"turns":4},{"damage":41,"enemies":"Collector","floor":33,"turns":6},{"damage":15,"enemies":"3 Darklings","floor":35,"turns":4},{"damage":0,"enemies":"Orb Walker","floor":38,"turns":1},{"damage":70,"enemies":"Nemesis","floor":41,"turns":10},{"damage":34,"enemies":"Maw","floor":46,"turns":7},{"damage":4,"enemies":"Sphere and 2 Shapes","floor":48,"turns":2},{"damage":53,"enemies":"Awakened One","floor":50,"turns":7}],"event_choices":[{"event_name":"Back to Basics","player_choice":"Elegance","floor":19,"damage_taken":0},{"event_name":"Drug Dealer","player_choice":"Ignored","floor":21,"damage_taken":0},{"event_name":"The Lab","player_choice":"Got Potions","floor":28,"damage_taken":0},{"event_name":"Winding Halls","player_choice":"Writhe","floor":36,"damage_taken":0},{"event_name":"Match and Keep!","player_choice":"1 cards matched","floor":39,"damage_taken":0},{"event_name":"Tomb of Lord Red Mask","player_choice":"Paid","floor":47,"damage_taken":0}],"boss_relics":[{"not_picked":["Orrery","Black Blood"],"picked":"Mark of Pain"},{"not_picked":["Philosopher\u0027s Stone","Lizard Tail"],"picked":"Runic Dome"}],"potions_floor_spawned":[3,6,8,10,11,20,27,46,48],"seed_played":"-3805101828284098225","ascension_level":8,"is_trial":false}