{"gold_per_floor":[116,9,9,23,98,98,115,135,135,135,152,152,170,182,182,182],"floor_reached":16,"playtime":988,"items_purged":[],"score":94,"play_id":"b12559d0-f991-42e4-afbf-884cebd24eb0","local_time":"20181007003739","is_ascension_mode":false,"campfire_choices":[{"data":"Footwork","floor":6,"key":"SMITH"},{"data":"Cloak And Dagger","floor":10,"key":"SMITH"},{"data":"Cloak And Dagger","floor":12,"key":"SMITH"},{"data":"Dash","floor":15,"key":"SMITH"}],"neow_cost":"","seed_source_timestamp":2063294949342428,"circlet_count":0,"master_deck":["Defend_G","Defend_G","Defend_G","Defend_G","Defend_G","Strike_G","Strike_G","Strike_G","Strike_G","Survivor","Neutralize","Backflip","Footwork+1","Backflip","Die Die Die","Cloak And Dagger+1","Cloak And Dagger+1","Dash+1","Cloak And Dagger"],"relics":["Ring of the Snake","WingedGreaves"],"potions_floor_usage":[],"damage_taken":[{"damage":0,"enemies":"Jaw Worm","floor":1,"turns":6},{"damage":0,"enemies":"Cultist","floor":4,"turns":4},{"damage":0,"enemies":"2 Louse","floor":7,"turns":2},{"damage":7,"enemies":"Large Slime","floor":8,"turns":10},{"damage":0,"enemies":"2 Fungi Beasts","floor":11,"turns":4},{"damage":4,"enemies":"Looter","floor":13,"turns":3},{"damage":0,"enemies":"Blue Slaver","floor":14,"turns":4},{"damage":49,"enemies":"Slime Boss","floor":16,"turns":16}],"seed_played":"3434569406546485466","potions_obtained":[{"floor":7,"key":"Poison Potion"},{"floor":8,"key":"PowerPotion"}],"is_trial":false,"path_per_floor":["M","$","?","M","?","R","M","M","T","R","M","R","M","M","R"],"character_chosen":"THE_SILENT","items_purchased":["Footwork","Backflip"],"campfire_rested":0,"item_purchase_floors":[2,2],"current_hp_per_floor":[70,70,70,70,59,59,59,52,52,52,52,52,48,48,48,0],"gold":182,"neow_bonus":"","is_prod":false,"is_daily":false,"chose_seed":false,"campfire_upgraded":4,"win_rate":0,"timestamp":1538887059,"path_taken":["M","$","?","M","?","R","M","M","T","R","?","R","M","M","R","BOSS"],"build_version":"2018-10-04v2","purchased_purges":0,"victory":false,"max_hp_per_floor":[70,70,70,70,70,70,70,70,70,70,70,70,70,70,70,70],"card_choices":[{"not_picked":["Bane","Prepared"],"picked":"Backflip","floor":1},{"not_picked":["Deadly Poison","Bane"],"picked":"Die Die Die","floor":4},{"not_picked":["Underhanded Strike","Outmaneuver"],"picked":"Cloak And Dagger","floor":7},{"not_picked":["Dagger Spray","PiercingWail","Blade Dance"],"picked":"SKIP","floor":8},{"not_picked":["Sucker Punch","Calculated Gamble"],"picked":"Cloak And Dagger","floor":11},{"not_picked":["Grand Finale","PiercingWail"],"picked":"Dash","floor":13},{"not_picked":["Reflex","PiercingWail"],"picked":"Cloak And Dagger","floor":14}],"player_experience":586962,"relics_obtained":[{"floor":9,"key":"WingedGreaves"}],"event_choices":[{"event_name":"Bonfire Elementals","player_choice":"BASIC","floor":3,"damage_taken":0},{"event_name":"World of Goop","player_choice":"Gather Gold","floor":5,"damage_taken":0}],"is_beta":false,"boss_relics":[],"items_purged_floors":[],"is_endless":false,"potions_floor_spawned":[7,8],"killed_by":"Slime Boss","ascension_level":0}