{"gold_per_floor":[112,112,112,128,128,164,177,218,218,218,238,238,257,282,282,282],"floor_reached":16,"playtime":788,"items_purged":[],"score":212,"play_id":"891b0637-065e-44c6-9404-cadde06652bc","local_time":"20190219210026","is_ascension_mode":true,"campfire_choices":[{"data":"Terror","floor":10,"key":"SMITH"},{"floor":12,"key":"REST"},{"floor":15,"key":"REST"}],"neow_cost":"NONE","seed_source_timestamp":7677468024900,"circlet_count":0,"master_deck":["AscendersBane","Defend_G","Defend_G","Defend_G","Defend_G","Defend_G","Strike_G","Strike_G","Strike_G","Strike_G","Strike_G","Survivor","Neutralize","PiercingWail","Poisoned Stab","Adrenaline","Terror+1","Crippling Poison","Cloak And Dagger"],"special_seed":0,"relics":["Ring of the Snake","NeowsBlessing","Golden Idol","Singing Bowl","Bottled Lightning","Question Card"],"potions_floor_usage":[16],"damage_taken":[{"damage":0.0,"enemies":"2 Louse","floor":1.0,"turns":1.0},{"damage":0.0,"enemies":"Small Slimes","floor":4.0,"turns":1.0},{"damage":0.0,"enemies":"3 Sentries","floor":6.0,"turns":1.0},{"damage":0,"enemies":"Jaw Worm","floor":7,"turns":3},{"damage":40,"enemies":"Gremlin Nob","floor":8,"turns":4},{"damage":23,"enemies":"Gremlin Gang","floor":11,"turns":10},{"damage":2,"enemies":"Looter","floor":13,"turns":4},{"damage":2,"enemies":"2 Fungi Beasts","floor":14,"turns":5},{"damage":40,"enemies":"The Guardian","floor":16,"turns":13}],"seed_played":"-7015923715794500565","potions_obtained":[{"floor":4.0,"key":"Ancient Potion"},{"floor":6,"key":"Ancient Potion"},{"floor":13,"key":"EssenceOfSteel"}],"is_trial":false,"path_per_floor":["M","?","?","M","?","E","M","E","T","R","M","R","M","M","R","B"],"character_chosen":"THE_SILENT","items_purchased":[],"campfire_rested":2,"item_purchase_floors":[],"current_hp_per_floor":[63,63,63,63,63,63,63,25,25,25,4,24,22,20,40,0],"gold":282,"neow_bonus":"THREE_ENEMY_KILL","is_prod":false,"is_daily":false,"chose_seed":false,"campfire_upgraded":1,"win_rate":0,"timestamp":1550606426,"path_taken":["M","?","?","M","?","E","M","E","T","R","M","R","M","M","R","BOSS"],"build_version":"2019-01-23","purchased_purges":0,"victory":false,"max_hp_per_floor":[70,70,70,70,65,65,65,67,67,67,69,69,69,69,69,69],"card_choices":[{"not_picked":["Bane","Expertise"],"picked":"PiercingWail","floor":1.0},{"not_picked":["Masterful Stab","Endless Agony"],"picked":"Poisoned Stab","floor":4.0},{"not_picked":["Prepared","Dagger Throw"],"picked":"Adrenaline","floor":6},{"not_picked":["Dagger Spray","Expertise"],"picked":"Terror","floor":7},{"not_picked":["PiercingWail","Prepared","Storm of Steel"],"picked":"Singing Bowl","floor":8},{"not_picked":["Flechettes","Deflect","Dagger Throw","Dodge and Roll"],"picked":"Singing Bowl","floor":11},{"not_picked":["Blade Dance","Cloak And Dagger","Bane"],"picked":"Crippling Poison","floor":13},{"not_picked":["Wraith Form v2","Outmaneuver","Slice"],"picked":"Cloak And Dagger","floor":14}],"player_experience":581064,"relics_obtained":[{"floor":6,"key":"Singing Bowl"},{"floor":8,"key":"Bottled Lightning"},{"floor":9,"key":"Question Card"}],"event_choices":[{"damage_healed":0.0,"max_hp_gain":0.0,"max_hp_loss":0.0,"gold_gain":0.0,"event_name":"Shining Light","player_choice":"Ignored","floor":2.0,"gold_loss":0.0,"damage_taken":0.0},{"damage_healed":0.0,"max_hp_gain":0.0,"max_hp_loss":0.0,"gold_gain":0.0,"event_name":"Liars Game","player_choice":"Ignored","floor":3.0,"gold_loss":0.0,"damage_taken":0.0},{"damage_healed":0.0,"max_hp_gain":0.0,"max_hp_loss":5.0,"gold_gain":0.0,"event_name":"Golden Idol","player_choice":"Lose Max HP","floor":5.0,"gold_loss":0.0,"damage_taken":0.0,"relics_obtained":["Golden Idol"]}],"is_beta":false,"boss_relics":[],"items_purged_floors":[],"is_endless":false,"potions_floor_spawned":[4,6,11,13,14],"killed_by":"The Guardian","ascension_level":11}