{"path_per_floor":["M","M","?","M","?","R","M","M","T","R","?","E","$","M","R","B",null,"M"],"character_chosen":"THE_SILENT","items_purchased":["The Specimen","Backflip"],"gold_per_floor":[116,129,129,149,324,324,294,308,308,308,308,343,6,26,26,123,123,143,143],"floor_reached":19,"campfire_rested":1,"playtime":1165,"current_hp_per_floor":[66,66,59,58,58,58,58,53,53,53,53,34,34,34,55,12,56,24,0],"items_purged":["Regret"],"gold":143,"score":209,"play_id":"970aef47-3436-4f25-a10b-017df5b9a12a","local_time":"20180408223255","is_prod":false,"is_daily":false,"is_ascension_mode":true,"campfire_upgraded":2,"timestamp":1523241175,"path_taken":["M","M","?","M","?","R","M","M","T","R","?","E","$","M","R","BOSS","M","M"],"build_version":"2018-04-05v2","purchased_purges":1,"victory":false,"master_deck":["Defend_G","Defend_G","Defend_G","Defend_G","Strike_G","Strike_G","Strike_G","Strike_G","Strike_G","Survivor","Neutralize","Cloak And Dagger","Choke+1","Dodge and Roll","Doubt","Infinite Blades+1","Poisoned Stab","Poisoned Stab","Backflip","Prepared","Bullet Time","Blade Dance"],"max_hp_per_floor":[70,70,70,70,70,70,70,70,70,70,70,70,70,70,70,70,70,70,70],"relics":["Ring of the Snake","Bag of Marbles","Gambling Chip","The Courier","The Specimen","Cursed Key"],"card_choices":[{"not_picked":["Flechettes","Choke"],"picked":"Cloak And Dagger","floor":0},{"not_picked":["Deflect","Expertise"],"picked":"Choke","floor":2},{"not_picked":["Dagger Spray","Deflect"],"picked":"Dodge and Roll","floor":4},{"not_picked":["Dodge and Roll","Well Laid Plans"],"picked":"Infinite Blades","floor":7},{"not_picked":["Well Laid Plans","Flying Knee"],"picked":"Poisoned Stab","floor":8},{"not_picked":["Eviscerate","Venomology"],"picked":"Poisoned Stab","floor":12},{"not_picked":["Dodge and Roll","Quick Slash"],"picked":"Prepared","floor":14},{"not_picked":["Unload","Doppelganger"],"picked":"Bullet Time","floor":16},{"not_picked":["Prepared","Eviscerate"],"picked":"Blade Dance","floor":18}],"player_experience":423581,"potions_floor_usage":[7,12,19],"damage_taken":[{"damage":4,"enemies":"Small Slimes","floor":1,"turns":3},{"damage":0,"enemies":"2 Louse","floor":2,"turns":3},{"damage":1,"enemies":"Jaw Worm","floor":4,"turns":4},{"damage":0,"enemies":"Looter","floor":7,"turns":4},{"damage":5,"enemies":"Gremlin Gang","floor":8,"turns":6},{"damage":19,"enemies":"Lagavulin","floor":12,"turns":6},{"damage":0,"enemies":"3 Louse","floor":14,"turns":3},{"damage":43,"enemies":"The Guardian","floor":16,"turns":13},{"damage":32,"enemies":"Shell Parasite","floor":18,"turns":5},{"damage":35,"enemies":"Chosen","floor":19,"turns":3}],"event_choices":[{"event_name":"Golden Wing","player_choice":"Card Removal","floor":3,"damage_taken":0},{"event_name":"Liars Game","player_choice":"agreed","floor":5,"damage_taken":0},{"event_name":"Big Fish","player_choice":"Box","floor":11,"damage_taken":0}],"boss_relics":[{"not_picked":["Calling Bell","Ectoplasm"],"picked":"Cursed Key"}],"potions_floor_spawned":[1,4,18],"seed_played":"2135442726566163672","killed_by":"Chosen","ascension_level":5,"is_trial":false}