{"gold_per_floor":[113,113,127,139,139,139,168,182,182,247,266,266,282,282,282,282],"floor_reached":16,"playtime":665,"items_purged":[],"score":122,"play_id":"cd865a57-943b-4f96-9401-c4aa7935988f","local_time":"20181208230254","is_ascension_mode":true,"campfire_choices":[{"data":"Neutralize","floor":6,"key":"SMITH"},{"floor":15,"key":"REST"}],"neow_cost":"NONE","seed_source_timestamp":1299414810258572,"circlet_count":0,"master_deck":["Defend_G","Defend_G","Defend_G","Defend_G","Strike_G","Strike_G","Strike_G","Strike_G","Strike_G","Survivor","Neutralize+1","Acrobatics","Backstab+1","Dagger Spray","Catalyst","Prepared","Acrobatics","Distraction"],"relics":["Ring of the Snake","NeowsBlessing","Art of War","Orichalcum"],"potions_floor_usage":[16,16],"damage_taken":[{"damage":0,"enemies":"Small Slimes","floor":1,"turns":1},{"damage":0,"enemies":"Cultist","floor":3,"turns":1},{"damage":0,"enemies":"Jaw Worm","floor":4,"turns":1},{"damage":26,"enemies":"3 Sentries","floor":7,"turns":10},{"damage":10,"enemies":"Large Slime","floor":8,"turns":6},{"damage":15,"enemies":"Exordium Thugs","floor":11,"turns":5},{"damage":6,"enemies":"Looter","floor":13,"turns":3},{"damage":28,"enemies":"The Guardian","floor":16,"turns":7}],"seed_played":"2817096283783308378","potions_obtained":[{"floor":7,"key":"Swift Potion"},{"floor":11,"key":"Swift Potion"},{"floor":13,"key":"GhostInAJar"}],"is_trial":false,"path_per_floor":["M","?","M","M","$","R","E","M","T","?","M","?","M","?","R","B"],"character_chosen":"THE_SILENT","items_purchased":[],"campfire_rested":1,"item_purchase_floors":[],"current_hp_per_floor":[70,70,70,70,70,70,44,34,34,34,19,19,13,6,27,0],"gold":282,"neow_bonus":"THREE_ENEMY_KILL","is_prod":false,"is_daily":false,"chose_seed":false,"campfire_upgraded":1,"win_rate":0,"timestamp":1544328174,"path_taken":["M","?","M","?","$","R","E","M","T","?","M","?","?","?","R","BOSS"],"build_version":"2018-12-06","purchased_purges":0,"victory":false,"max_hp_per_floor":[70,70,70,70,70,70,70,70,70,70,70,70,70,70,70,70],"card_choices":[{"not_picked":["Deflect","PiercingWail"],"picked":"Acrobatics","floor":1},{"not_picked":["Acrobatics","Cloak And Dagger"],"picked":"Backstab","floor":3},{"not_picked":["Quick Slash","Sucker Punch"],"picked":"Dagger Spray","floor":4},{"not_picked":["PiercingWail","Accuracy"],"picked":"Catalyst","floor":7},{"not_picked":["Bane","Storm of Steel"],"picked":"Prepared","floor":8},{"not_picked":["Quick Slash","Setup"],"picked":"Acrobatics","floor":11},{"not_picked":["Calculated Gamble","All Out Attack"],"picked":"Distraction","floor":13}],"player_experience":264590,"relics_obtained":[{"floor":7,"key":"Art of War"},{"floor":9,"key":"Orichalcum"}],"event_choices":[{"cards_removed":["Defend_G"],"damage_healed":0,"gold_gain":0,"player_choice":"Offered Basic","damage_taken":0,"max_hp_gain":0,"max_hp_loss":0,"event_name":"Bonfire Elementals","floor":2,"gold_loss":0},{"damage_healed":0,"gold_gain":65,"player_choice":"Gained Gold","damage_taken":0,"max_hp_gain":0,"max_hp_loss":0,"event_name":"Golden Wing","floor":10,"gold_loss":0},{"damage_healed":0,"gold_gain":0,"player_choice":"Forge","damage_taken":0,"max_hp_gain":0,"max_hp_loss":0,"event_name":"Accursed Blacksmith","floor":12,"gold_loss":0,"cards_upgraded":["Backstab"]},{"damage_healed":0,"gold_gain":0,"player_choice":"Damaged","damage_taken":7,"max_hp_gain":0,"max_hp_loss":0,"event_name":"Wheel of Change","floor":14,"gold_loss":0}],"is_beta":false,"boss_relics":[],"items_purged_floors":[],"is_endless":false,"potions_floor_spawned":[7,11,13],"killed_by":"The Guardian","ascension_level":4}