{"path_per_floor":["M","?","M","?","M","R","?","$","T","M","?","E","M","T","R","B",null,"M","T","?","?","M","R","?","?","T","$","M","?","R","E","R","B",null,"M","?","?","?","?","R","M","R","T","?","?","?"],"character_chosen":"IRONCLAD","items_purchased":["Mummified Hand","Regen Potion"],"gold_per_floor":[112,287,302,302,315,315,315,24,79,94,94,127,137,163,163,261,261,274,274,189,189,209,209,209,134,134,33,45,45,45,71,71,171,201,215,215,215,0,45,45,60,60,60,60,60,160,160],"floor_reached":47,"campfire_rested":4,"playtime":1867,"current_hp_per_floor":[73,73,72,65,59,59,59,59,59,53,53,43,40,40,40,26,67,41,41,41,33,19,43,43,43,43,43,38,23,48,26,51,39,79,76,76,65,65,32,59,56,56,66,66,66,66,0],"items_purged":["Regret","Strike_R"],"gold":160,"score":647,"play_id":"2914d96e-eee7-4c35-8040-386e5301b323","local_time":"20180417205355","is_prod":false,"is_daily":false,"chose_seed":false,"is_ascension_mode":true,"campfire_upgraded":3,"timestamp":1524012835,"path_taken":["M","?","M","?","M","R","?","$","T","M","?","E","M","?","R","BOSS","M","?","?","?","M","R","?","?","T","$","M","?","R","E","R","BOSS","M","?","?","?","?","R","M","R","T","?","?","?","M"],"build_version":"2018-04-12","seed_source_timestamp":281837066143538,"purchased_purges":2,"victory":false,"master_deck":["Strike_R","Strike_R","Defend_R+1","Defend_R","Defend_R","Defend_R","Bash","Demon Form+1","Headbutt+1","Flex+1","Reckless Charge","Disarm+1","Burning Pact","Heavy Blade+1","Offering","Clumsy","Spot Weakness","Ghostly Armor","Regret","Double Tap","Flex+1","Limit Break+1","Whirlwind","True Grit+1","Madness","Madness","Dual Wield+1","Whirlwind+1","Writhe","Panache"],"max_hp_per_floor":[80,80,80,80,80,80,80,80,80,80,80,80,80,80,80,80,80,80,80,80,80,80,80,80,80,80,80,80,85,85,85,85,85,90,90,90,90,90,90,90,90,90,100,100,100,100,100],"relics":["Burning Blood","Matryoshka","Smiling Mask","Mummified Hand","Juzu Bracelet","Tiny Chest","Pen Nib","Prayer Wheel","War Paint","Cursed Key","Self Forming Clay","Meat on the Bone","Spirit Poop","Mercury Hourglass","Shuriken","Tiny House","Red Mask","Red Skull","Pear"],"card_choices":[{"not_picked":["Warcry","Thunderclap"],"picked":"Headbutt","floor":1},{"not_picked":["Shrug It Off","Anger"],"picked":"Flex","floor":3},{"not_picked":["Body Slam","Corruption"],"picked":"Reckless Charge","floor":5},{"not_picked":["Thunderclap","Pommel Strike"],"picked":"Disarm","floor":10},{"not_picked":["Havoc","Iron Wave"],"picked":"Burning Pact","floor":12},{"not_picked":["Shockwave","Rage"],"picked":"Heavy Blade","floor":13},{"not_picked":["Exhume","Impervious"],"picked":"Offering","floor":16},{"not_picked":["Combust","Perfected Strike"],"picked":"Spot Weakness","floor":19},{"not_picked":["Corruption","Anger"],"picked":"Ghostly Armor","floor":22},{"not_picked":["Metallicize","Clash"],"picked":"Double Tap","floor":26},{"not_picked":["Cleave","Warcry"],"picked":"Flex","floor":28},{"not_picked":["Feed","Offering"],"picked":"Limit Break","floor":33},{"not_picked":["Warcry","Body Slam"],"picked":"Whirlwind","floor":34},{"not_picked":["Infernal Blade","Ghostly Armor"],"picked":"True Grit","floor":35},{"not_picked":["Anger","Blood for Blood"],"picked":"Dual Wield","floor":39},{"not_picked":["Shrug It Off","Armaments"],"picked":"Whirlwind","floor":41},{"not_picked":["Panacea","Thinking Ahead"],"picked":"Panache","floor":44}],"player_experience":470048,"potions_floor_usage":[16,16,22,31,31,33,47,47],"damage_taken":[{"damage":5,"enemies":"Small Slimes","floor":1,"turns":3},{"damage":7,"enemies":"2 Louse","floor":3,"turns":2},{"damage":12,"enemies":"Jaw Worm","floor":5,"turns":3},{"damage":12,"enemies":"Looter","floor":10,"turns":3},{"damage":16,"enemies":"Gremlin Nob","floor":12,"turns":3},{"damage":9,"enemies":"2 Fungi Beasts","floor":13,"turns":4},{"damage":20,"enemies":"The Guardian","floor":16,"turns":7},{"damage":32,"enemies":"3 Byrds","floor":18,"turns":4},{"damage":47,"enemies":"Chosen","floor":22,"turns":6},{"damage":23,"enemies":"Centurion and Healer","floor":28,"turns":5},{"damage":55,"enemies":"Slavers","floor":31,"turns":6},{"damage":30,"enemies":"Collector","floor":33,"turns":6},{"damage":9,"enemies":"Orb Walker","floor":35,"turns":3},{"damage":51,"enemies":"Mysterious Sphere","floor":39,"turns":5},{"damage":9,"enemies":"3 Darklings","floor":41,"turns":4},{"damage":67,"enemies":"Maw","floor":47,"turns":5}],"event_choices":[{"event_name":"Liars Game","player_choice":"agreed","floor":2,"damage_taken":0},{"event_name":"Scrap Ooze","player_choice":"success","floor":4,"damage_taken":7},{"event_name":"Big Fish","player_choice":"Box","floor":7,"damage_taken":0},{"event_name":"Living Wall","player_choice":"Grow","floor":11,"damage_taken":0},{"event_name":"Addict","player_choice":"Obtained Relic","floor":20,"damage_taken":0},{"event_name":"Knowing Skull","player_choice":"","floor":21,"damage_taken":0},{"event_name":"Bonfire Elementals","player_choice":"CURSE","floor":24,"damage_taken":0},{"event_name":"Beggar","player_choice":"Gave Gold","floor":25,"damage_taken":0},{"event_name":"Forgotten Altar","player_choice":"Shed Blood","floor":29,"damage_taken":0},{"event_name":"Winding Halls","player_choice":"Embrace Madness","floor":37,"damage_taken":0},{"event_name":"Tomb of Lord Red Mask","player_choice":"Paid","floor":38,"damage_taken":0},{"event_name":"Mysterious Sphere","player_choice":"Fight","floor":39,"damage_taken":0},{"event_name":"SensoryStone","player_choice":"Memory 1","floor":44,"damage_taken":0},{"event_name":"SecretPortal","player_choice":"Rejected Portal.","floor":45,"damage_taken":0},{"event_name":"Golden Shrine","player_choice":"Pray","floor":46,"damage_taken":0}],"boss_relics":[{"not_picked":["Ectoplasm","Snecko Eye"],"picked":"Cursed Key"},{"not_picked":["Runic Pyramid","Runic Dome"],"picked":"Tiny House"}],"potions_floor_spawned":[1,5,16,22,31,41],"seed_played":"-5532883635311421497","killed_by":"Maw","ascension_level":6,"is_trial":false}