{"gold_per_floor":[110,14,30,49,66,66,93,111,111,111,170,187,17,17,17,17],"floor_reached":16,"playtime":966,"items_purged":[],"score":148,"play_id":"b699cc46-30ee-4006-b318-86bb55b47c5a","local_time":"20181130211618","is_ascension_mode":true,"campfire_choices":[{"floor":6,"key":"REST"},{"data":"Storm of Steel","floor":10,"key":"SMITH"},{"floor":15,"key":"REST"}],"neow_cost":"TEN_PERCENT_HP_LOSS","seed_source_timestamp":1446479576821070,"circlet_count":0,"master_deck":["Defend_G","Defend_G","Defend_G","Defend_G","Defend_G","Strike_G","Strike_G","Strike_G","Strike_G","Strike_G","Survivor","Neutralize","Storm of Steel+1","Dodge and Roll","Acrobatics","Caltrops","Acrobatics","Backflip","Escape Plan","Storm of Steel","Cloak And Dagger","Backflip","Blade Dance","Cloak And Dagger"],"relics":["Ring of the Snake","Blood Vial","Matryoshka","Dodecahedron","Strawberry"],"potions_floor_usage":[7,11,11,12],"damage_taken":[{"damage":10,"enemies":"Cultist","floor":1,"turns":4},{"damage":0,"enemies":"Small Slimes","floor":3,"turns":3},{"damage":7,"enemies":"Jaw Worm","floor":4,"turns":5},{"damage":21,"enemies":"Exordium Wildlife","floor":5,"turns":9},{"damage":16,"enemies":"Gremlin Nob","floor":7,"turns":3},{"damage":0,"enemies":"Blue Slaver","floor":8,"turns":6},{"damage":18,"enemies":"Lagavulin Event","floor":11,"turns":4},{"damage":11,"enemies":"Looter","floor":12,"turns":3},{"damage":27,"enemies":"Hexaghost","floor":16,"turns":9}],"seed_played":"1798885137959293519","potions_obtained":[{"floor":3,"key":"LiquidBronze"},{"floor":4,"key":"SteroidPotion"},{"floor":8,"key":"Strength Potion"},{"floor":11,"key":"AttackPotion"}],"is_trial":false,"path_per_floor":["M","$","M","M","M","R","E","M","T","R","?","M","$","?","R","B"],"character_chosen":"THE_SILENT","items_purchased":["Acrobatics","Caltrops","Cloak And Dagger","Strawberry"],"campfire_rested":2,"item_purchase_floors":[2,2,13,13],"current_hp_per_floor":[53,53,53,46,25,43,27,29,29,29,13,4,11,4,25,0],"gold":17,"neow_bonus":"THREE_RARE_CARDS","is_prod":false,"is_daily":false,"chose_seed":false,"campfire_upgraded":1,"win_rate":0,"timestamp":1543630578,"path_taken":["M","$","?","?","M","R","E","M","T","R","?","M","$","?","R","BOSS"],"build_version":"2018-11-15","purchased_purges":0,"victory":false,"max_hp_per_floor":[63,63,63,63,63,63,63,63,63,63,63,63,70,70,70,70],"card_choices":[{"not_picked":["Night Terror","Phantasmal Killer"],"picked":"Storm of Steel","floor":0},{"not_picked":["Dagger Spray","Deflect"],"picked":"Dodge and Roll","floor":1},{"not_picked":["Outmaneuver","Slice"],"picked":"Acrobatics","floor":3},{"not_picked":["Burst","Dagger Spray"],"picked":"Backflip","floor":4},{"not_picked":["Underhanded Strike","Tactician"],"picked":"Escape Plan","floor":5},{"not_picked":["Catalyst","Dagger Throw"],"picked":"Storm of Steel","floor":7},{"not_picked":["Poisoned Stab","Dodge and Roll"],"picked":"Cloak And Dagger","floor":8},{"not_picked":["Poisoned Stab","Wraith Form v2"],"picked":"Backflip","floor":11},{"not_picked":["Blur","Bane"],"picked":"Blade Dance","floor":12}],"player_experience":845241,"relics_obtained":[{"floor":7,"key":"Blood Vial"},{"floor":9,"key":"Matryoshka"},{"floor":11,"key":"Dodecahedron"}],"event_choices":[{"damage_healed":0,"gold_gain":0,"player_choice":"Searched \u00271\u0027 times","damage_taken":0,"max_hp_gain":0,"max_hp_loss":0,"event_name":"Dead Adventurer","floor":11,"gold_loss":0},{"damage_healed":0,"gold_gain":0,"player_choice":"Fled","damage_taken":7,"max_hp_gain":0,"max_hp_loss":0,"event_name":"Scrap Ooze","floor":14,"gold_loss":0}],"is_beta":false,"boss_relics":[],"items_purged_floors":[],"is_endless":false,"potions_floor_spawned":[3,4,8,11],"killed_by":"Hexaghost","ascension_level":9}