{"gold_per_floor":[113,128,2,22,34,34,61,61,61,61,77,108,123,137,137,240,240,258,258,333,279,296,296,76,102,102,102,113,113,124,137,137,137],"floor_reached":33,"playtime":1596,"items_purged":[],"score":405,"play_id":"1ca0216a-e0eb-4af3-9fd7-26ad27f73e7e","local_time":"20190223121652","is_ascension_mode":true,"campfire_choices":[{"data":"Body Slam","floor":6,"key":"SMITH"},{"data":"Armaments","floor":10,"key":"SMITH"},{"floor":15,"key":"REST"},{"floor":23,"key":"REST"},{"floor":29,"key":"REST"},{"floor":32,"key":"REST"}],"neow_cost":"NONE","seed_source_timestamp":758175262493300,"circlet_count":0,"master_deck":["Strike_R","Strike_R","Strike_R","Strike_R","Defend_R","Defend_R","Defend_R","Defend_R","Bash","Flex","Juggernaut","Metallicize","Body Slam+1","Ghostly Armor","Armaments+1","Iron Wave","Cleave","Body Slam","Limit Break","Limit Break","Metallicize","Flex","Heavy Blade+1","Inflame","Heavy Blade+1","Armaments+1","Feed","Combust+1","Spot Weakness"],"relics":["Burning Blood","NeowsBlessing","Art of War","Darkstone Periapt","Boot","Matryoshka","Sozu","Bronze Scales","Lantern","Juzu Bracelet","Ornamental Fan"],"potions_floor_usage":[7,11,16,16,16],"damage_taken":[{"damage":0,"enemies":"Cultist","floor":1,"turns":1},{"damage":0,"enemies":"Small Slimes","floor":2,"turns":1},{"damage":0,"enemies":"Jaw Worm","floor":4,"turns":1},{"damage":12,"enemies":"Blue Slaver","floor":5,"turns":4},{"damage":20,"enemies":"Gremlin Nob","floor":7,"turns":4},{"damage":13,"enemies":"2 Fungi Beasts","floor":11,"turns":4},{"damage":17,"enemies":"Lagavulin","floor":12,"turns":5},{"damage":7,"enemies":"Large Slime","floor":13,"turns":5},{"damage":30,"enemies":"Gremlin Gang","floor":14,"turns":4},{"damage":22,"enemies":"The Guardian","floor":16,"turns":11},{"damage":18,"enemies":"3 Byrds","floor":18,"turns":4},{"damage":9,"enemies":"Chosen","floor":22,"turns":6},{"damage":58,"enemies":"Slavers","floor":25,"turns":6},{"damage":10,"enemies":"Snecko","floor":28,"turns":4},{"damage":19,"enemies":"Snake Plant","floor":30,"turns":3},{"damage":21,"enemies":"Sentry and Sphere","floor":31,"turns":7},{"damage":44,"enemies":"Champ","floor":33,"turns":5}],"seed_played":"3348769337328991240","potions_obtained":[{"floor":2,"key":"Fire Potion"},{"floor":5,"key":"SteroidPotion"},{"floor":11,"key":"Swift Potion"},{"floor":12,"key":"Block Potion"},{"floor":13,"key":"FearPotion"}],"is_trial":false,"path_per_floor":["M","M","$","M","M","R","E","?","T","R","M","E","M","M","R","B",null,"M","?","?","$","M","R","$","E","T","?","M","R","M","M","R","B"],"character_chosen":"IRONCLAD","items_purchased":["Metallicize","Body Slam","Flex","Bronze Scales","Inflame"],"campfire_rested":4,"item_purchase_floors":[3,3,21,24,24],"current_hp_per_floor":[78,80,80,80,74,74,60,60,60,60,53,42,41,17,41,25,66,54,54,46,46,43,67,67,15,15,15,11,35,22,10,34,0],"gold":137,"neow_bonus":"THREE_ENEMY_KILL","is_prod":false,"is_daily":false,"chose_seed":false,"campfire_upgraded":2,"win_rate":0,"timestamp":1550942212,"path_taken":["M","?","?","M","M","R","E","?","T","R","M","E","?","M","R","BOSS","M","?","?","$","M","R","$","E","T","?","M","R","M","M","R","BOSS"],"build_version":"2019-01-23","purchased_purges":0,"victory":false,"max_hp_per_floor":[80,80,80,80,80,80,80,80,80,80,80,80,80,80,80,80,80,80,80,80,80,80,80,80,80,80,80,80,80,80,83,83,83],"card_choices":[{"not_picked":["Sword Boomerang","Warcry"],"picked":"Flex","floor":1},{"not_picked":["Hemokinesis","Sword Boomerang"],"picked":"Juggernaut","floor":2},{"not_picked":["Anger","Perfected Strike"],"picked":"Clothesline","floor":4},{"not_picked":["Blood for Blood","Heavy Blade"],"picked":"Ghostly Armor","floor":5},{"not_picked":["Dropkick","Limit Break"],"picked":"Armaments","floor":7},{"not_picked":["Heavy Blade","Feel No Pain"],"picked":"Iron Wave","floor":11},{"not_picked":["Clothesline","Ghostly Armor"],"picked":"Cleave","floor":12},{"not_picked":["Anger","Sword Boomerang"],"picked":"Body Slam","floor":13},{"not_picked":["Shrug It Off","True Grit"],"picked":"Limit Break","floor":14},{"not_picked":["Juggernaut","Berserk"],"picked":"Limit Break","floor":16},{"not_picked":["Dual Wield+1","Dropkick+1"],"picked":"Metallicize","floor":18},{"not_picked":["Clothesline+1","Sever Soul+1"],"picked":"Heavy Blade+1","floor":22},{"not_picked":["Perfected Strike","Havoc"],"picked":"Heavy Blade+1","floor":25},{"not_picked":["Cleave+1","Sword Boomerang"],"picked":"Feed","floor":28},{"not_picked":["Searing Blow","Clash"],"picked":"Combust+1","floor":30},{"not_picked":["Shrug It Off","Armaments+1"],"picked":"Spot Weakness","floor":31}],"player_experience":528815,"relics_obtained":[{"floor":7,"key":"Art of War"},{"floor":9,"key":"Boot"},{"floor":12,"key":"Matryoshka"},{"floor":25,"key":"Lantern"},{"floor":26,"key":"Juzu Bracelet"},{"floor":26,"key":"Ornamental Fan"}],"event_choices":[{"cards_removed":["Clothesline"],"damage_healed":0,"gold_gain":0,"player_choice":"Gave Card","damage_taken":0,"relics_obtained":["Darkstone Periapt"],"max_hp_gain":0,"max_hp_loss":0,"event_name":"WeMeetAgain","floor":8,"gold_loss":0},{"cards_removed":["Strike_R"],"damage_healed":0,"gold_gain":0,"player_choice":"Elegance","damage_taken":0,"max_hp_gain":0,"max_hp_loss":0,"event_name":"Back to Basics","floor":19,"gold_loss":0},{"damage_healed":0,"gold_gain":75,"player_choice":"Touch","damage_taken":8,"max_hp_gain":0,"max_hp_loss":0,"event_name":"FaceTrader","floor":20,"gold_loss":0},{"damage_healed":0,"gold_gain":0,"player_choice":"Copied","damage_taken":0,"max_hp_gain":0,"max_hp_loss":0,"event_name":"Duplicator","floor":27,"gold_loss":0,"cards_obtained":["Armaments"]}],"is_beta":false,"boss_relics":[{"not_picked":["Velvet Choker","Coffee Dripper"],"picked":"Sozu"}],"items_purged_floors":[],"is_endless":false,"potions_floor_spawned":[2,5,11,12,13,18,30],"killed_by":"Champ","ascension_level":9}