{"path_per_floor":["M","?","$","M","?","R","M","?","T","E","M","R","$","M","R","B",null,"M","M","?","?","$","R"],"character_chosen":"THE_SILENT","items_purchased":["Outmaneuver","Quick Slash","Infinite Blades","Prepared","Footwork","Bouncing Flask"],"gold_per_floor":[117,117,47,61,61,61,77,77,77,112,135,135,4,20,20,149,149,170,165,165,165,22,22],"floor_reached":24,"campfire_rested":2,"playtime":1731,"current_hp_per_floor":[70,70,70,65,65,65,59,59,59,47,46,46,46,46,67,12,70,51,25,25,25,25,46],"items_purged":[],"gold":22,"play_id":"e58669a9-5b36-4cd4-9f06-a0a58813b3fe","is_prod":false,"is_daily":false,"is_ascension_mode":false,"campfire_upgraded":2,"path_taken":["M","?","$","M","?","R","M","?","T","E","M","R","?","M","R","BOSS","M","?","?","?","?","R","E"],"build_version":"2018-02-01-PROD3","purchased_purges":0,"victory":false,"master_deck":["Defend_G","Defend_G","Defend_G","Defend_G","Defend_G","Strike_G","Strike_G","Strike_G","Strike_G","Strike_G","Survivor","Neutralize","Deadly Poison","Jack Of All Trades","Outmaneuver","Quick Slash","Crippling Poison+1","Injury","Dodge and Roll+1","Dash","Flying Knee","Infinite Blades","Prepared","Dash","A Thousand Cuts","Flying Knee","Finisher","Escape Plan","Footwork","Bouncing Flask"],"max_hp_per_floor":[70,70,70,70,70,70,70,70,70,70,70,70,70,70,70,70,70,70,70,70,70,70,70],"relics":["Ring of the Snake","Golden Idol","Unceasing Top","Bag of Marbles","Runic Pyramid"],"card_choices":[{"not_picked":["Sucker Punch","Bane"],"picked":"Deadly Poison"},{"not_picked":["Deflect","Eviscerate"],"picked":"Crippling Poison"},{"not_picked":["Acrobatics","Outmaneuver"],"picked":"Dodge and Roll"},{"not_picked":["Slice","Blade Dance"],"picked":"Dash"},{"not_picked":["Riddle With Holes","Outmaneuver"],"picked":"Flying Knee"},{"not_picked":["Calculated Gamble","PiercingWail"],"picked":"Dash"},{"not_picked":["Glass Knife","Burst"],"picked":"A Thousand Cuts"},{"not_picked":["Poisoned Stab","Deflect"],"picked":"Flying Knee"},{"not_picked":["Malaise","Flying Knee"],"picked":"Finisher"}],"player_experience":16872,"potions_floor_usage":[24,24],"damage_taken":[{"damage":0.0,"enemies":"2 Louse","floor":1.0,"turns":3.0},{"damage":5,"enemies":"Blue Slaver","floor":4,"turns":5},{"damage":6,"enemies":"Cultist","floor":7,"turns":4},{"damage":12,"enemies":"Lagavulin","floor":10,"turns":8},{"damage":1,"enemies":"Exordium Wildlife","floor":11,"turns":4},{"damage":0,"enemies":"Large Slime","floor":14,"turns":6},{"damage":55,"enemies":"Slime Boss","floor":16,"turns":17},{"damage":19,"enemies":"Spheric Guardian","floor":18,"turns":6},{"damage":26,"enemies":"2 Thieves","floor":19,"turns":4},{"damage":48,"enemies":"Slavers","floor":24,"turns":3}],"event_choices":[{"event_name":"Match and Keep!","player_choice":"1 cards matched","floor":2.0,"damage_taken":0.0},{"event_name":"Golden Idol","player_choice":"Take Wound","floor":5,"damage_taken":0},{"event_name":"The Woman in Blue","player_choice":"Bought 0 Potions","floor":8,"damage_taken":0},{"event_name":"The Library","player_choice":"Read","floor":20,"damage_taken":0},{"event_name":"Cursed Tome","player_choice":"Ignored","floor":21,"damage_taken":0}],"boss_relics":[{"not_picked":["Eternal Feather","Velvet Choker"],"picked":"Runic Pyramid"}],"potions_floor_spawned":[10,11,14,18],"seed_played":"8632247648173099020","killed_by":"Slavers","ascension_level":0,"is_trial":false}