{"path_per_floor":["M","$","?","T","M","R","?","M","T","E","M","R","M","M","R","B",null,"M","M","?","$","M","R","E","R","T","E","?","T","R","M","R"],"character_chosen":"IRONCLAD","items_purchased":["Whirlwind","Lantern","Molten Egg 2"],"gold_per_floor":[369,141,141,141,154,154,254,265,265,295,306,306,316,327,327,431,431,441,454,454,137,156,156,187,187,187,222,222,248,248,268,268],"floor_reached":33,"campfire_rested":2,"playtime":946,"current_hp_per_floor":[72,72,58,58,62,62,62,59,59,49,54,54,60,66,66,72,72,72,72,59,59,65,65,43,66,66,30,30,30,30,36,59],"items_purged":["Defend_R"],"gold":268,"score":452,"play_id":"cfe7a7be-d873-482d-aec9-fd30dc02cf9e","is_prod":false,"is_daily":false,"is_ascension_mode":true,"campfire_upgraded":1,"path_taken":["M","$","?","?","M","R","?","M","T","E","M","R","M","M","R","BOSS","M","M","?","$","M","R","E","R","T","E","?","?","R","M","R","BOSS"],"build_version":"2018-02-12-PROD1","purchased_purges":1,"victory":false,"master_deck":["Strike_R+1","Strike_R+1","Strike_R+1","Strike_R+1","Strike_R+1","Defend_R+1","Defend_R+1","Defend_R+1","Bash","Whirlwind+1","Shrug It Off","Thunderclap","Dropkick","Iron Wave","Headbutt+1","Shrug It Off"],"max_hp_per_floor":[72,72,72,72,72,72,72,72,72,72,72,72,72,72,72,72,72,72,72,77,77,77,77,77,77,77,77,77,77,77,77,77],"relics":["Burning Blood","Lantern","Shovel","Peace Pipe","Bag of Marbles","Anchor","Omamori","Sozu","Molten Egg 2","Matryoshka","Oddly Smooth Stone","Paper Frog","Dodecahedron","Frozen Eye","Darkstone Periapt","Happy Flower","Calipers"],"card_choices":[{"not_picked":["True Grit","Feel No Pain"],"picked":"Shrug It Off"},{"not_picked":["Cleave","Flex"],"picked":"Thunderclap"},{"not_picked":["Armaments","Body Slam"],"picked":"Dropkick"},{"not_picked":["Power Through","Sentinel"],"picked":"Iron Wave"},{"not_picked":["Reckless Charge","Dual Wield"],"picked":"Headbutt"},{"not_picked":["Cleave","Inflame"],"picked":"Shrug It Off"}],"player_experience":258628,"potions_floor_usage":[13,13],"damage_taken":[{"damage":6,"enemies":"Cultist","floor":1,"turns":4},{"damage":2,"enemies":"Jaw Worm","floor":5,"turns":3},{"damage":9,"enemies":"2 Louse","floor":8,"turns":2},{"damage":16,"enemies":"Gremlin Nob","floor":10,"turns":3},{"damage":1,"enemies":"Red Slaver","floor":11,"turns":2},{"damage":0,"enemies":"Gremlin Gang","floor":13,"turns":1},{"damage":0,"enemies":"Large Slime","floor":14,"turns":4},{"damage":0,"enemies":"Slime Boss","floor":16,"turns":8},{"damage":0,"enemies":"Chosen","floor":18,"turns":3},{"damage":0,"enemies":"3 Byrds","floor":19,"turns":4},{"damage":0,"enemies":"Centurion and Healer","floor":22,"turns":6},{"damage":28,"enemies":"Slavers","floor":24,"turns":4},{"damage":42,"enemies":"Gremlin Leader","floor":27,"turns":7},{"damage":0,"enemies":"Snecko","floor":31,"turns":2},{"damage":62,"enemies":"Collector","floor":33,"turns":7}],"event_choices":[{"event_name":"Shining Light","player_choice":"Entered Light","floor":3,"damage_taken":0},{"event_name":"Golden Shrine","player_choice":"Pray","floor":7,"damage_taken":0},{"event_name":"Forgotten Altar","player_choice":"Shed Blood","floor":20,"damage_taken":0},{"event_name":"Back to Basics","player_choice":"Simplicity","floor":28,"damage_taken":0}],"boss_relics":[{"not_picked":["Orrery","Philosopher\u0027s Stone"],"picked":"Sozu"}],"potions_floor_spawned":[1,8,11,18,24],"seed_played":"-5149276757529841686","killed_by":"Collector","ascension_level":7,"is_trial":false}