{"gold_per_floor":[117,130,143,143,68,97,97,114,114,130,130,146,146,166,166,264,264,279,279,298,25,35,35,48,48,126,126,126,151,171,190,190,190],"floor_reached":33,"playtime":3306,"items_purged":["Strike_B","Strike_B"],"score":423,"play_id":"a9124651-42e8-4036-86b8-04228462255a","local_time":"20190209154019","is_ascension_mode":true,"campfire_choices":[{"data":"Streamline","floor":13,"key":"SMITH"},{"data":"Hologram","floor":15,"key":"SMITH"},{"data":"Zap","floor":23,"key":"SMITH"},{"data":"Fusion","floor":25,"key":"SMITH"},{"data":"Go for the Eyes","floor":28,"key":"SMITH"},{"data":"Reinforced Body","floor":32,"key":"SMITH"}],"neow_cost":"NONE","seed_source_timestamp":362044535153910,"circlet_count":0,"master_deck":["AscendersBane","Strike_B","Strike_B","Defend_B","Defend_B","Defend_B","Defend_B","Zap+1","Dualcast","Rebound","Hologram+1","Streamline+1","Beam Cell","Beam Cell","Streamline+1","Rebound","Go for the Eyes","Self Repair","Meteor Strike","Sweeping Beam+1","Chill+1","Electrodynamics","FTL","Reinforced Body+1","Violence","Go for the Eyes+1","White Noise+1","Defragment","Fusion+1","Stack","Reinforced Body+1","Aggregate","Sweeping Beam+1"],"relics":["Coffee Dripper","Prayer Wheel","FaceOfCleric","Symbiotic Virus","Eternal Feather","Molten Egg 2","Bottled Lightning"],"potions_floor_usage":[11,12,16,22,30,33],"damage_taken":[{"damage":0,"enemies":"Cultist","floor":1,"turns":4},{"damage":2,"enemies":"2 Louse","floor":2,"turns":2},{"damage":7,"enemies":"Small Slimes","floor":3,"turns":3},{"damage":36,"enemies":"Gremlin Nob","floor":6,"turns":4},{"damage":14,"enemies":"Exordium Thugs","floor":8,"turns":4},{"damage":0,"enemies":"Blue Slaver","floor":10,"turns":1},{"damage":0,"enemies":"Lots of Slimes","floor":11,"turns":1},{"damage":2,"enemies":"Exordium Wildlife","floor":12,"turns":3},{"damage":0,"enemies":"Exordium Thugs","floor":14,"turns":3},{"damage":6,"enemies":"Hexaghost","floor":16,"turns":7},{"damage":0,"enemies":"Spheric Guardian","floor":18,"turns":2},{"damage":2,"enemies":"3 Byrds","floor":20,"turns":5},{"damage":16,"enemies":"Snecko","floor":22,"turns":4},{"damage":13,"enemies":"Shelled Parasite and Fungi","floor":24,"turns":4},{"damage":9,"enemies":"Book of Stabbing","floor":29,"turns":5},{"damage":29,"enemies":"Snake Plant","floor":30,"turns":4},{"damage":54,"enemies":"Cultist and Chosen","floor":31,"turns":8},{"damage":79,"enemies":"Automaton","floor":33,"turns":12}],"seed_played":"6307407856645779113","potions_obtained":[{"floor":2,"key":"Energy Potion"},{"floor":3,"key":"SmokeBomb"},{"floor":14,"key":"FearPotion"},{"floor":20,"key":"PowerPotion"},{"floor":29,"key":"GamblersBrew"},{"floor":31,"key":"SneckoOil"}],"is_trial":false,"path_per_floor":["M","M","M","?","$","E","?","M","T","M","M","M","R","M","R","B",null,"M","?","M","$","M","R","M","R","T","?","R","E","M","M","R","B"],"character_chosen":"DEFECT","items_purchased":["Violence"],"campfire_rested":0,"item_purchase_floors":[21],"current_hp_per_floor":[68,66,59,59,59,23,23,10,10,11,12,11,11,12,12,14,64,65,65,71,71,56,71,59,74,74,74,85,77,56,10,28,0],"gold":190,"neow_bonus":"BOSS_RELIC","is_prod":false,"is_daily":false,"chose_seed":false,"campfire_upgraded":6,"win_rate":0,"timestamp":1549744819,"path_taken":["M","M","M","?","?","E","?","M","T","?","M","M","R","M","R","BOSS","M","?","M","?","M","R","M","R","T","?","R","E","?","?","R","BOSS"],"build_version":"2019-01-23","purchased_purges":2,"victory":false,"max_hp_per_floor":[75,75,75,75,75,75,75,76,76,77,78,79,79,80,80,81,81,82,82,83,83,84,84,85,85,85,85,85,86,87,88,88,88],"card_choices":[{"not_picked":["Leap","Steam Power"],"picked":"Rebound","floor":1},{"not_picked":["Barrage","Tempest"],"picked":"Hologram","floor":2},{"not_picked":["Doom and Gloom","Reprogram"],"picked":"Streamline","floor":3},{"not_picked":["Hologram","Melter"],"picked":"Beam Cell","floor":6},{"not_picked":["Scrape","Compile Driver"],"picked":"Beam Cell","floor":8},{"not_picked":["Barrage","Darkness"],"picked":"Streamline","floor":8},{"not_picked":["Coolheaded","Biased Cognition"],"picked":"Rebound","floor":10},{"not_picked":["Consume","Redo","Turbo"],"picked":"SKIP","floor":10},{"not_picked":["Ball Lightning","Stack"],"picked":"Go for the Eyes","floor":12},{"not_picked":["Steam","Beam Cell","Turbo"],"picked":"SKIP","floor":12},{"not_picked":["Conserve Battery","Leap"],"picked":"Self Repair","floor":14},{"not_picked":["Cold Snap","Capacitor","Ball Lightning"],"picked":"SKIP","floor":14},{"not_picked":["Electrodynamics","Core Surge"],"picked":"Meteor Strike","floor":16},{"not_picked":["Gash","Barrage"],"picked":"Sweeping Beam+1","floor":18},{"not_picked":["Stack+1","Ball Lightning"],"picked":"Chill+1","floor":18},{"not_picked":["Rebound","Skim"],"picked":"FTL","floor":20},{"not_picked":["FTL","Go for the Eyes"],"picked":"Reinforced Body","floor":20},{"not_picked":["Compile Driver","Stack"],"picked":"Go for the Eyes","floor":22},{"not_picked":["Ball Lightning","Darkness"],"picked":"White Noise+1","floor":22},{"not_picked":["Rainbow","Cold Snap"],"picked":"Defragment","floor":24},{"not_picked":["Streamline","White Noise"],"picked":"Fusion","floor":24},{"not_picked":["Coolheaded","Cold Snap+1"],"picked":"Stack","floor":29},{"not_picked":["Redo+1","Fusion"],"picked":"Reinforced Body","floor":30},{"not_picked":["Recycle","Amplify"],"picked":"Aggregate","floor":30},{"not_picked":["Turbo","Streamline+1"],"picked":"Sweeping Beam+1","floor":31},{"not_picked":["Turbo","Heatsinks+1","Storm"],"picked":"SKIP","floor":31}],"player_experience":1152556,"relics_obtained":[{"floor":6,"key":"Prayer Wheel"},{"floor":9,"key":"Symbiotic Virus"},{"floor":26,"key":"Molten Egg 2"},{"floor":29,"key":"Bottled Lightning"}],"event_choices":[{"damage_healed":0,"gold_gain":0,"player_choice":"Upgraded","damage_taken":0,"max_hp_gain":0,"max_hp_loss":0,"event_name":"Upgrade Shrine","floor":4,"gold_loss":0,"cards_upgraded":["Streamline"]},{"damage_healed":0,"gold_gain":0,"player_choice":"Trade","damage_taken":0,"relics_obtained":["FaceOfCleric"],"max_hp_gain":0,"max_hp_loss":0,"event_name":"FaceTrader","floor":7,"gold_loss":0},{"damage_healed":0,"gold_gain":0,"player_choice":"1 cards matched","damage_taken":0,"max_hp_gain":0,"max_hp_loss":0,"event_name":"Match and Keep!","floor":19,"gold_loss":0,"cards_obtained":["Electrodynamics"]},{"damage_healed":0,"gold_gain":0,"player_choice":"Forge","damage_taken":0,"max_hp_gain":0,"max_hp_loss":0,"event_name":"Accursed Blacksmith","floor":27,"gold_loss":0,"cards_upgraded":["Reinforced Body"]}],"is_beta":false,"boss_relics":[{"not_picked":["Tiny House","Astrolabe"],"picked":"Eternal Feather"}],"items_purged_floors":[5,21],"is_endless":false,"potions_floor_spawned":[2,3,11,14,20,29,31],"killed_by":"Automaton","ascension_level":11}