{"gold_per_floor":[118,118,118,129,142,177,177,193,223,250,250,250,276,290,290,394,394,414,159,159,82,82,116,116,216,266,300,300,300],"floor_reached":29,"playtime":1870,"items_purged":[],"score":413,"play_id":"25c403a1-7a16-4ec8-b403-2f38fef13c9f","local_time":"20190213170718","is_ascension_mode":true,"campfire_choices":[{"floor":7,"key":"REST"},{"floor":12,"key":"REST"},{"floor":15,"key":"REST"},{"floor":24,"key":"REST"}],"neow_cost":"NONE","seed_source_timestamp":1801478233348200,"circlet_count":0,"master_deck":["Strike_R+1","Strike_R+1","Strike_R+1","Strike_R+1","Strike_R+1","Defend_R+1","Defend_R+1","Defend_R+1","Defend_R+1","Bash","Thunderclap","Clothesline","Disarm","Perfected Strike","Hemokinesis","Impervious+1","Ghostly Armor+1","Double Tap+1","Metallicize","Perfected Strike","Battle Trance+1","Perfected Strike","Wild Strike+1","Shrug It Off+1","Shrug It Off+1"],"relics":["Burning Blood","Ancient Tea Set","Tiny Chest","Toxic Egg 2","Self Forming Clay","Bottled Flame","Black Star","Lee\u0027s Waffle","Paper Frog","Mummified Hand","Calipers","Bottled Tornado","Bag of Preparation","Art of War","Bottled Lightning"],"potions_floor_usage":[8,16,16,23,29],"damage_taken":[{"damage":5,"enemies":"2 Louse","floor":1,"turns":3},{"damage":6,"enemies":"Small Slimes","floor":4,"turns":4},{"damage":1,"enemies":"Cultist","floor":5,"turns":4},{"damage":42,"enemies":"Lagavulin","floor":6,"turns":8},{"damage":7,"enemies":"3 Louse","floor":8,"turns":2},{"damage":35,"enemies":"3 Sentries","floor":10,"turns":8},{"damage":23,"enemies":"Gremlin Nob","floor":13,"turns":4},{"damage":27,"enemies":"Exordium Thugs","floor":14,"turns":5},{"damage":30,"enemies":"Slime Boss","floor":16,"turns":13},{"damage":28,"enemies":"Spheric Guardian","floor":18,"turns":4},{"damage":69,"enemies":"Book of Stabbing","floor":23,"turns":10},{"damage":13,"enemies":"Colosseum Slavers","floor":25,"turns":3},{"damage":30,"enemies":"Colosseum Nobs","floor":25,"turns":5},{"damage":25,"enemies":"Slavers","floor":27,"turns":8},{"damage":10,"enemies":"3 Byrds","floor":29,"turns":5}],"seed_played":"7240982343764032827","potions_obtained":[{"floor":5,"key":"LiquidBronze"},{"floor":6,"key":"Swift Potion"},{"floor":13,"key":"Swift Potion"},{"floor":18,"key":"Dexterity Potion"},{"floor":25,"key":"GamblersBrew"}],"is_trial":false,"path_per_floor":["M","?","?","M","M","E","R","M","T","E","?","R","E","M","R","B",null,"M","$","?","$","?","E","R","?","T","E","?","M"],"character_chosen":"IRONCLAD","items_purchased":["Perfected Strike","Lee\u0027s Waffle","Battle Trance+1"],"campfire_rested":4,"item_purchase_floors":[19,19,21],"current_hp_per_floor":[81,63,63,63,68,32,58,57,57,28,21,47,30,9,35,11,69,47,95,95,95,95,32,60,29,29,10,10,0],"gold":300,"neow_bonus":"TEN_PERCENT_HP_BONUS","is_prod":false,"is_daily":false,"chose_seed":false,"campfire_upgraded":0,"win_rate":0,"timestamp":1550095638,"path_taken":["M","?","?","?","M","E","R","M","T","E","?","R","E","M","R","BOSS","M","$","?","$","?","E","R","?","T","E","?","?"],"build_version":"2019-01-23","purchased_purges":0,"victory":false,"max_hp_per_floor":[88,88,88,88,88,88,88,88,88,88,88,88,88,88,88,88,88,88,95,95,95,95,95,95,95,95,95,95,95],"card_choices":[{"not_picked":["Shrug It Off","Dual Wield"],"picked":"Thunderclap","floor":1},{"not_picked":["Havoc","Corruption","Reckless Charge"],"picked":"SKIP","floor":4},{"not_picked":["Rupture","True Grit"],"picked":"Clothesline","floor":5},{"not_picked":["Havoc","Second Wind"],"picked":"Disarm","floor":6},{"not_picked":["Double Tap","Second Wind"],"picked":"Perfected Strike","floor":8},{"not_picked":["Power Through","Thunderclap"],"picked":"Hemokinesis","floor":10},{"not_picked":["Thunderclap","Entrench+1"],"picked":"Impervious+1","floor":13},{"not_picked":["Havoc+1","Body Slam"],"picked":"Ghostly Armor+1","floor":14},{"not_picked":["Brutality","Juggernaut"],"picked":"Double Tap+1","floor":16},{"not_picked":["Anger+1","Flex+1"],"picked":"Metallicize","floor":18},{"not_picked":["Feel No Pain","True Grit+1"],"picked":"Perfected Strike","floor":23},{"not_picked":["True Grit+1","Anger"],"picked":"Wild Strike+1","floor":25},{"not_picked":["Wild Strike","Ghostly Armor+1"],"picked":"Shrug It Off+1","floor":27}],"player_experience":476334,"relics_obtained":[{"floor":6,"key":"Ancient Tea Set"},{"floor":9,"key":"Tiny Chest"},{"floor":10,"key":"Toxic Egg 2"},{"floor":13,"key":"Bottled Flame"},{"floor":23,"key":"Paper Frog"},{"floor":23,"key":"Mummified Hand"},{"floor":25,"key":"Calipers"},{"floor":25,"key":"Bottled Tornado"},{"floor":26,"key":"Bag of Preparation"},{"floor":27,"key":"Art of War"},{"floor":27,"key":"Bottled Lightning"}],"event_choices":[{"damage_healed":0,"gold_gain":0,"player_choice":"Entered Light","damage_taken":18,"max_hp_gain":0,"max_hp_loss":0,"event_name":"Shining Light","floor":2,"gold_loss":0,"cards_upgraded":["Strike_R","Strike_R"]},{"damage_healed":0,"gold_gain":0,"player_choice":"Ignored","damage_taken":0,"max_hp_gain":0,"max_hp_loss":0,"event_name":"Purifier","floor":3,"gold_loss":0},{"damage_healed":0,"gold_gain":0,"player_choice":"Success","damage_taken":7,"relics_obtained":["Self Forming Clay"],"max_hp_gain":0,"max_hp_loss":0,"event_name":"Scrap Ooze","floor":11,"gold_loss":0},{"damage_healed":0,"gold_gain":0,"player_choice":"Ignored","damage_taken":0,"max_hp_gain":0,"max_hp_loss":0,"event_name":"Beggar","floor":20,"gold_loss":0},{"damage_healed":0,"gold_gain":0,"player_choice":"Simplicity","damage_taken":0,"max_hp_gain":0,"max_hp_loss":0,"event_name":"Back to Basics","floor":22,"gold_loss":0,"cards_upgraded":["Strike_R","Strike_R","Strike_R","Defend_R","Defend_R","Defend_R","Defend_R"]},{"damage_healed":0,"gold_gain":0,"player_choice":"Fight","damage_taken":0,"max_hp_gain":0,"max_hp_loss":0,"event_name":"Colosseum","floor":25,"gold_loss":0},{"damage_healed":0,"gold_gain":0,"player_choice":"Fought Nobs","damage_taken":0,"max_hp_gain":0,"max_hp_loss":0,"event_name":"Colosseum","floor":25,"gold_loss":0},{"damage_healed":0,"gold_gain":0,"player_choice":"Copied","damage_taken":0,"max_hp_gain":0,"max_hp_loss":0,"event_name":"Duplicator","floor":28,"gold_loss":0,"cards_obtained":["Shrug It Off"]}],"is_beta":false,"boss_relics":[{"not_picked":["Fusion Hammer","Ectoplasm"],"picked":"Black Star"}],"items_purged_floors":[],"is_endless":false,"potions_floor_spawned":[5,6,13,18,25,25],"killed_by":"3 Byrds","ascension_level":8}