{"path_per_floor":["M","?","M","$","M","R","E","M","T","?","R","?","R","M","R","B",null,"M","M","?","M","?","R","M","R","T","M","T","M","R","?","R","B",null,"M","?","$","M","M","R","M","?","T","R","M","?","M","$","R"],"character_chosen":"IRONCLAD","items_purchased":["Flex","Heavy Blade","Pear","Flash of Steel","Flex"],"gold_per_floor":[112,112,130,52,66,66,98,110,184,213,213,163,163,174,174,275,275,287,299,299,317,242,242,256,256,282,300,354,374,374,374,374,474,474,490,490,65,81,94,94,110,110,157,157,170,170,189,42,42],"floor_reached":50,"campfire_rested":4,"playtime":1773,"current_hp_per_floor":[80,64,67,67,64,64,35,25,25,34,34,34,34,27,51,15,80,75,72,64,50,50,50,27,51,51,45,45,43,43,43,67,19,80,75,75,85,76,73,73,51,51,51,51,42,42,33,33,60],"items_purged":["Brutality","Defend_R"],"gold":42,"score":590,"play_id":"6f96ab51-570a-4316-b9fe-53e290e9fb24","local_time":"20180322163510","is_prod":false,"is_daily":false,"is_ascension_mode":true,"campfire_upgraded":7,"timestamp":1521750910,"path_taken":["M","?","M","$","M","R","E","M","T","?","R","?","R","M","R","BOSS","M","M","?","M","?","R","M","R","T","M","?","M","R","?","R","BOSS","M","?","$","M","?","R","M","?","T","R","M","?","?","?","R","BOSS"],"build_version":"2018-03-15v3","purchased_purges":2,"victory":false,"master_deck":["Bash+1","Flex+1","Heavy Blade+1","Heavy Blade+1","Flex+1","Heavy Blade","Heavy Blade+1","Flame Barrier","Whirlwind","Sword Boomerang","Flex+1","Flex+1","Limit Break+1","Pommel Strike+1","Fiend Fire+1","Flash of Steel","Heavy Blade+1","Offering","Flex","Flex","Whirlwind+1"],"max_hp_per_floor":[80,80,80,80,80,80,80,80,80,80,80,80,80,80,80,80,80,80,80,80,80,80,80,80,80,80,80,80,80,80,80,80,80,80,80,80,90,90,90,90,90,90,90,90,90,90,90,90,90],"relics":["Burning Blood","Oddly Smooth Stone","Letter Opener","Odd Mushroom","Sozu","Dream Catcher","Blood Vial","Astrolabe","Pear","Prayer Wheel"],"card_choices":[{"not_picked":["Anger","Iron Wave"],"picked":"Heavy Blade"},{"not_picked":["Rupture","Flex"],"picked":"Heavy Blade"},{"not_picked":["Clash","Warcry"],"picked":"Heavy Blade"},{"not_picked":["Perfected Strike","Body Slam"],"picked":"Flame Barrier"},{"not_picked":["Corruption","Cleave"],"picked":"Whirlwind"},{"not_picked":["Burning Pact","Pummel"],"picked":"Sword Boomerang"},{"not_picked":["Headbutt","Reckless Charge"],"picked":"Flex"},{"not_picked":["Flame Barrier","Sever Soul"],"picked":"Flex"},{"not_picked":["Reaper","Fiend Fire"],"picked":"Limit Break"},{"not_picked":["Headbutt","Disarm"],"picked":"Heavy Blade"},{"not_picked":["Headbutt","True Grit"],"picked":"Offering"},{"not_picked":["Evolve","Second Wind"],"picked":"Flex"},{"not_picked":["Shockwave","Feel No Pain"],"picked":"Whirlwind"}],"player_experience":313608,"potions_floor_usage":[10,10,19],"damage_taken":[{"damage":2,"enemies":"2 Louse","floor":1,"turns":2},{"damage":3,"enemies":"Small Slimes","floor":3,"turns":4},{"damage":9,"enemies":"Jaw Worm","floor":5,"turns":3},{"damage":35,"enemies":"Lagavulin","floor":7,"turns":5},{"damage":16,"enemies":"Looter","floor":8,"turns":3},{"damage":6,"enemies":"The Mushroom Lair","floor":10,"turns":4},{"damage":13,"enemies":"Lots of Slimes","floor":14,"turns":4},{"damage":42,"enemies":"The Guardian","floor":16,"turns":10},{"damage":11,"enemies":"Spheric Guardian","floor":18,"turns":3},{"damage":9,"enemies":"Chosen","floor":19,"turns":4},{"damage":20,"enemies":"3 Cultists","floor":21,"turns":4},{"damage":29,"enemies":"Snake Plant","floor":24,"turns":3},{"damage":12,"enemies":"Chosen and Byrds","floor":27,"turns":4},{"damage":10,"enemies":"Centurion and Healer","floor":29,"turns":3},{"damage":56,"enemies":"Collector","floor":33,"turns":7},{"damage":11,"enemies":"Orb Walker","floor":35,"turns":2},{"damage":17,"enemies":"3 Darklings","floor":38,"turns":4},{"damage":11,"enemies":"Sphere and 2 Shapes","floor":39,"turns":3},{"damage":30,"enemies":"Maw","floor":41,"turns":3},{"damage":17,"enemies":"4 Shapes","floor":45,"turns":3},{"damage":17,"enemies":"3 Darklings","floor":47,"turns":2},{"damage":66,"enemies":"Time Eater","floor":50,"turns":3}],"event_choices":[{"event_name":"Shining Light","player_choice":"Entered Light","floor":2,"damage_taken":0},{"event_name":"Mushrooms","player_choice":"Fought Mushrooms","floor":10,"damage_taken":0},{"event_name":"The Cleric","player_choice":"Card Removal","floor":12,"damage_taken":0},{"event_name":"Wheel of Change","player_choice":"Damage","floor":20,"damage_taken":0},{"event_name":"Beggar","player_choice":"Gave Gold","floor":22,"damage_taken":0},{"event_name":"Back to Basics","player_choice":"Elegance","floor":31,"damage_taken":0},{"event_name":"Tomb of Lord Red Mask","player_choice":"Ignored","floor":36,"damage_taken":0},{"event_name":"Mysterious Sphere","player_choice":"Ignore","floor":42,"damage_taken":0}],"boss_relics":[{"not_picked":["Pandora\u0027s Box","Runic Dome"],"picked":"Sozu"},{"not_picked":["Black Star","Snecko Eye"],"picked":"Astrolabe"}],"potions_floor_spawned":[3,7,8,19,21,29,38,39,45],"seed_played":"-7225122007560595065","killed_by":"Time Eater","ascension_level":4,"is_trial":false}