{"gold_per_floor":[117,130,149,163,181,181,207,207,260,287,307,338,338,24,24,124,124,134,151,165,184,283,310,310,339,339,339,339,349,369,388,388,492,492,505,505,520,795,808,840,840,850,850,850,877,33,50,62,62,62],"floor_reached":51,"playtime":5062,"items_purged":["Regret"],"score":912,"play_id":"ba05e2e2-0477-4361-beea-d36830ef4d5c","local_time":"20190201204247","is_ascension_mode":true,"campfire_choices":[{"data":"Zap","floor":6,"key":"SMITH"},{"data":"Dualcast","floor":8,"key":"SMITH"},{"floor":15,"key":"REST"},{"data":"Defragment","floor":24,"key":"SMITH"},{"data":"Echo Form","floor":32,"key":"SMITH"},{"data":"Blizzard","floor":41,"key":"SMITH"},{"data":"Stack","floor":44,"key":"SMITH"},{"data":"Decay","floor":49,"key":"PURGE"}],"neow_cost":"NONE","seed_source_timestamp":1066199266382599,"circlet_count":0,"master_deck":["Strike_B","Strike_B","Defend_B","Defend_B","Defend_B","Zap+1","Dualcast+1","Blizzard+1","Conserve Battery","Ball Lightning","Conserve Battery","Chill","Reinforced Body","Echo Form+1","Cold Snap","Self Repair","Echo Form","All For One+1","Steam Power+1","Redo+1","Double Energy+1","Coolheaded","FTL","Defragment+1","Melter+1","Sweeping Beam","Chaos+1","Machine Learning","Cold Snap","Steam+1","Loop","Stack+1","Redo+1","Heatsinks","Steam+1","FTL+1"],"relics":["Cracked Core","Letter Opener","Tiny Chest","Anchor","Art of War","Du-Vu Doll","Torii","Astrolabe","Darkstone Periapt","Bag of Preparation","Pen Nib","Ancient Tea Set","White Beast Statue","Gambling Chip","Sundial","Regal Pillow","Shuriken","Lee\u0027s Waffle","Peace Pipe"],"potions_floor_usage":[7,12,16,16,23,23,47,50,50],"damage_taken":[{"damage":0,"enemies":"Small Slimes","floor":1,"turns":3},{"damage":0,"enemies":"2 Louse","floor":2,"turns":2},{"damage":6,"enemies":"Cultist","floor":3,"turns":3},{"damage":0,"enemies":"Blue Slaver","floor":4,"turns":2},{"damage":8,"enemies":"Red Slaver","floor":5,"turns":3},{"damage":1,"enemies":"Gremlin Nob","floor":7,"turns":3},{"damage":16,"enemies":"Lagavulin","floor":10,"turns":6},{"damage":11,"enemies":"Gremlin Gang","floor":11,"turns":3},{"damage":0,"enemies":"3 Sentries","floor":12,"turns":4},{"damage":22,"enemies":"The Guardian","floor":16,"turns":11},{"damage":3,"enemies":"3 Byrds","floor":18,"turns":4},{"damage":11,"enemies":"2 Thieves","floor":19,"turns":3},{"damage":15,"enemies":"Snake Plant","floor":20,"turns":4},{"damage":18,"enemies":"Sentry and Sphere","floor":21,"turns":6},{"damage":0,"enemies":"Book of Stabbing","floor":23,"turns":6},{"damage":19,"enemies":"Gremlin Leader","floor":25,"turns":7},{"damage":1,"enemies":"Snecko","floor":29,"turns":7},{"damage":0,"enemies":"Shelled Parasite and Fungi","floor":30,"turns":4},{"damage":0,"enemies":"Sentry and Sphere","floor":31,"turns":2},{"damage":20,"enemies":"Automaton","floor":33,"turns":7},{"damage":15,"enemies":"3 Shapes","floor":35,"turns":6},{"damage":2,"enemies":"Orb Walker","floor":37,"turns":5},{"damage":4,"enemies":"3 Darklings","floor":39,"turns":5},{"damage":51,"enemies":"Reptomancer","floor":40,"turns":7},{"damage":0,"enemies":"4 Shapes","floor":42,"turns":7},{"damage":7,"enemies":"Nemesis","floor":45,"turns":7},{"damage":18,"enemies":"Spire Growth","floor":47,"turns":6},{"damage":0,"enemies":"Sphere and 2 Shapes","floor":48,"turns":5},{"damage":15,"enemies":"Donu and Deca","floor":50,"turns":8}],"seed_played":"3961786609752400793","potions_obtained":[{"floor":1,"key":"Explosive Potion"},{"floor":5,"key":"Swift Potion"},{"floor":10,"key":"Weak Potion"},{"floor":11,"key":"PowerPotion"},{"floor":18,"key":"Ancient Potion"},{"floor":19,"key":"Weak Potion"},{"floor":23,"key":"Fruit Juice"},{"floor":29,"key":"Strength Potion"},{"floor":33,"key":"SpeedPotion"},{"floor":35,"key":"Block Potion"},{"floor":39,"key":"FocusPotion"},{"floor":47,"key":"SteroidPotion"}],"is_trial":false,"path_per_floor":["M","M","M","M","M","R","E","R","T","E","M","E","?","$","R","B",null,"M","M","M","M","?","E","R","E","T","?","?","M","M","M","R","B",null,"M","?","M","?","M","E","R","M","T","R","E","$","M","M","R","B",null],"character_chosen":"DEFECT","items_purchased":["Torii","Shuriken","Lee\u0027s Waffle","Heatsinks","Peace Pipe"],"campfire_rested":1,"item_purchase_floors":[14,46,46,46,46],"current_hp_per_floor":[82,82,76,76,68,68,67,67,67,51,40,40,7,7,31,16,82,82,71,63,52,52,64,64,59,59,65,65,71,85,85,85,72,93,92,92,90,96,92,41,41,55,55,55,55,106,95,102,102,87],"gold":62,"neow_bonus":"TEN_PERCENT_HP_BONUS","is_prod":false,"is_daily":false,"chose_seed":false,"campfire_upgraded":6,"win_rate":0,"timestamp":1549053767,"path_taken":["M","M","M","M","M","R","E","R","T","E","M","E","?","$","R","BOSS","M","M","M","M","?","E","R","E","T","?","?","?","M","M","R","BOSS","M","?","M","?","M","E","R","M","T","R","E","$","?","M","R","BOSS"],"build_version":"2019-01-23","purchased_purges":1,"victory":true,"max_hp_per_floor":[82,82,82,82,82,82,82,82,82,82,82,82,82,82,82,82,82,82,82,82,82,82,87,87,87,87,93,93,93,93,93,93,93,93,93,93,93,99,99,99,99,99,99,99,99,106,106,106,106,106],"card_choices":[{"not_picked":["Redo","Cold Snap"],"picked":"Blizzard","floor":1},{"not_picked":["Core Surge","Reprogram"],"picked":"Conserve Battery","floor":2},{"not_picked":["Conserve Battery","Rebound"],"picked":"Ball Lightning","floor":3},{"not_picked":["Turbo","Go for the Eyes"],"picked":"Conserve Battery","floor":4},{"not_picked":["Doom and Gloom","Rebound"],"picked":"Chill","floor":5},{"not_picked":["Barrage","Redo"],"picked":"Reinforced Body","floor":7},{"not_picked":["Steam","Consume"],"picked":"Echo Form","floor":10},{"not_picked":["Leap","Rip and Tear"],"picked":"Cold Snap","floor":11},{"not_picked":["Rip and Tear","Rainbow"],"picked":"Self Repair","floor":12},{"not_picked":["Electrodynamics","Amplify"],"picked":"Echo Form","floor":16},{"not_picked":["Conserve Battery","Compile Driver+1"],"picked":"Double Energy+1","floor":18},{"not_picked":["Barrage","Rebound+1"],"picked":"Coolheaded","floor":19},{"not_picked":["Hologram","Streamline"],"picked":"FTL","floor":20},{"not_picked":["Cold Snap","Redo"],"picked":"Defragment","floor":21},{"not_picked":["Ball Lightning","Consume+1"],"picked":"Melter+1","floor":23},{"not_picked":["Blizzard","Melter"],"picked":"Sweeping Beam","floor":25},{"not_picked":["Gash","Melter"],"picked":"Chaos+1","floor":29},{"not_picked":["Redo","Lockon","Chaos+1"],"picked":"SKIP","floor":30},{"not_picked":["Recycle+1","Leap","Gash"],"picked":"SKIP","floor":31},{"not_picked":["Reboot","Thunder Strike"],"picked":"Machine Learning","floor":33},{"not_picked":["Storm","Conserve Battery","Streamline+1"],"picked":"SKIP","floor":35},{"not_picked":["Barrage+1","Undo"],"picked":"Cold Snap","floor":37},{"not_picked":["Fission","Chaos+1"],"picked":"Steam+1","floor":39},{"not_picked":["Darkness","Hello World"],"picked":"Loop","floor":40},{"not_picked":["Sweeping Beam+1","Blizzard+1"],"picked":"Stack","floor":42},{"not_picked":["Conserve Battery","Turbo+1"],"picked":"Redo+1","floor":45},{"not_picked":["Hologram+1","Static Discharge"],"picked":"Steam+1","floor":47},{"not_picked":["Streamline+1","Barrage"],"picked":"FTL+1","floor":48}],"player_experience":406832,"relics_obtained":[{"floor":7,"key":"Letter Opener"},{"floor":9,"key":"Tiny Chest"},{"floor":10,"key":"Anchor"},{"floor":12,"key":"Art of War"},{"floor":23,"key":"Darkstone Periapt"},{"floor":25,"key":"Bag of Preparation"},{"floor":26,"key":"Pen Nib"},{"floor":40,"key":"Gambling Chip"},{"floor":43,"key":"Sundial"},{"floor":45,"key":"Regal Pillow"}],"event_choices":[{"damage_healed":0,"gold_gain":0,"player_choice":"Success","damage_taken":33,"relics_obtained":["Du-Vu Doll"],"max_hp_gain":0,"max_hp_loss":0,"event_name":"Scrap Ooze","floor":13,"gold_loss":0},{"damage_healed":0,"gold_gain":99,"player_choice":"Stole From Cult","damage_taken":0,"max_hp_gain":0,"max_hp_loss":0,"event_name":"Nest","floor":22,"gold_loss":0},{"damage_healed":0,"gold_gain":0,"player_choice":"Smashed Altar","damage_taken":0,"max_hp_gain":0,"max_hp_loss":0,"event_name":"Forgotten Altar","floor":27,"gold_loss":0,"cards_obtained":["Decay"]},{"damage_healed":0,"gold_gain":0,"player_choice":"Gave Potion","damage_taken":0,"relics_obtained":["Ancient Tea Set"],"max_hp_gain":0,"max_hp_loss":0,"event_name":"WeMeetAgain","floor":28,"gold_loss":0},{"damage_healed":0,"gold_gain":0,"player_choice":"Ignored","damage_taken":0,"max_hp_gain":0,"max_hp_loss":0,"event_name":"Mysterious Sphere","floor":36,"gold_loss":0},{"damage_healed":0,"gold_gain":275,"player_choice":"Desecrate","damage_taken":0,"max_hp_gain":0,"max_hp_loss":0,"event_name":"Golden Shrine","floor":38,"gold_loss":0,"cards_obtained":["Regret"]}],"is_beta":false,"boss_relics":[{"not_picked":["Runic Pyramid","Ectoplasm"],"picked":"Astrolabe"},{"not_picked":["Runic Dome","Busted Crown"],"picked":"White Beast Statue"}],"items_purged_floors":[46],"is_endless":false,"potions_floor_spawned":[1,5,10,11,18,19,23,29,33,35,37,39,40,42,45,47,48],"ascension_level":1}