{"gold_per_floor":[113,113,123,123,137,137,164,164,164,164,164,194,209,9,9,114,114,131,131,131,155,172,172,200,200,200,200,213,247,258,258],"floor_reached":31,"playtime":2042,"items_purged":[],"score":323,"play_id":"28ab943c-8608-44ef-b5a8-19151992cc6a","local_time":"20190222162258","is_ascension_mode":true,"campfire_choices":[{"data":"Noxious Fumes","floor":6,"key":"SMITH"},{"data":"Envenom","floor":8,"key":"SMITH"},{"data":"Neutralize","floor":11,"key":"SMITH"},{"data":"Cloak And Dagger","floor":15,"key":"SMITH"},{"data":"Bane","floor":23,"key":"SMITH"},{"data":"Accuracy","floor":25,"key":"SMITH"},{"data":"Blade Dance","floor":27,"key":"SMITH"}],"neow_cost":"NONE","seed_source_timestamp":561785408755387,"circlet_count":0,"master_deck":["Defend_G","Defend_G","Defend_G","Defend_G","Defend_G","Strike_G","Strike_G","Strike_G","Strike_G","Strike_G","Survivor+1","Neutralize+1","Underhanded Strike","Noxious Fumes+1","Acrobatics+1","Envenom+1","Cloak And Dagger+1","Accuracy+1","Corpse Explosion","Underhanded Strike+1","Necronomicurse","Writhe","Bane+1","Blade Dance+1","Choke","Backflip","Riddle With Holes+1"],"relics":["Ring of the Snake","NeowsBlessing","Tough Bandages","Shuriken","Juzu Bracelet","Art of War","Lee\u0027s Waffle","Eternal Feather","Necronomicon","Vajra","Centennial Puzzle","War Paint","Letter Opener","Ancient Tea Set"],"potions_floor_usage":[16,22,24,31],"damage_taken":[{"damage":0,"enemies":"Cultist","floor":1,"turns":1},{"damage":0,"enemies":"Small Slimes","floor":3,"turns":1},{"damage":0,"enemies":"Jaw Worm","floor":5,"turns":1},{"damage":24,"enemies":"3 Sentries","floor":7,"turns":8},{"damage":26,"enemies":"Gremlin Nob","floor":12,"turns":5},{"damage":0,"enemies":"Gremlin Gang","floor":13,"turns":5},{"damage":9,"enemies":"Hexaghost","floor":16,"turns":8},{"damage":23,"enemies":"3 Byrds","floor":18,"turns":4},{"damage":8,"enemies":"Spheric Guardian","floor":22,"turns":5},{"damage":9,"enemies":"Slavers","floor":24,"turns":4},{"damage":9,"enemies":"Centurion and Healer","floor":28,"turns":6},{"damage":10,"enemies":"Book of Stabbing","floor":29,"turns":3},{"damage":19,"enemies":"Snecko","floor":30,"turns":4},{"damage":24,"enemies":"Chosen and Byrds","floor":31,"turns":4}],"seed_played":"2176835264457903690","potions_obtained":[{"floor":3,"key":"Block Potion"},{"floor":5,"key":"GhostInAJar"},{"floor":7,"key":"Explosive Potion"},{"floor":18,"key":"Fire Potion"},{"floor":29,"key":"AttackPotion"}],"is_trial":false,"path_per_floor":["M","$","M","$","M","R","E","R","T","?","R","E","M","$","R","B",null,"M","?","?","T","M","R","E","R","T","R","M","E","M","M"],"character_chosen":"THE_SILENT","items_purchased":["Lee\u0027s Waffle"],"campfire_rested":0,"item_purchase_floors":[14],"current_hp_per_floor":[70,70,70,70,70,70,46,46,46,46,46,20,20,77,77,68,77,54,38,38,38,30,42,33,45,45,57,48,38,19,0],"gold":258,"neow_bonus":"THREE_ENEMY_KILL","is_prod":false,"is_daily":false,"chose_seed":false,"campfire_upgraded":7,"win_rate":0,"timestamp":1550848978,"path_taken":["M","$","?","$","M","R","E","R","T","?","R","E","M","?","R","BOSS","M","?","?","?","M","R","E","R","T","R","M","E","M","M"],"build_version":"2019-01-23","purchased_purges":0,"victory":false,"max_hp_per_floor":[70,70,70,70,70,70,70,70,70,70,70,70,70,77,77,77,77,77,77,77,77,77,77,77,77,77,77,77,77,77,77],"card_choices":[{"not_picked":["Bane","Deadly Poison"],"picked":"Underhanded Strike","floor":1},{"not_picked":["Deadly Poison","Crippling Poison"],"picked":"Noxious Fumes","floor":3},{"not_picked":["Outmaneuver","Cloak And Dagger"],"picked":"Acrobatics","floor":5},{"not_picked":["Flying Knee","Acrobatics"],"picked":"Envenom","floor":7},{"not_picked":["Sucker Punch","Predator"],"picked":"Cloak And Dagger","floor":12},{"not_picked":["Prepared","Underhanded Strike"],"picked":"Accuracy","floor":13},{"not_picked":["Doppelganger","Malaise"],"picked":"Corpse Explosion","floor":16},{"not_picked":["Sucker Punch+1","Backstab"],"picked":"Underhanded Strike+1","floor":18},{"not_picked":["Deflect","Choke"],"picked":"Bane","floor":22},{"not_picked":["Flechettes","Caltrops"],"picked":"Blade Dance","floor":24},{"not_picked":["Sucker Punch+1","Flying Knee"],"picked":"Choke","floor":28},{"not_picked":["Grand Finale","Distraction"],"picked":"Backflip","floor":29},{"not_picked":["Quick Slash","Dodge and Roll"],"picked":"Riddle With Holes+1","floor":30}],"player_experience":320485,"relics_obtained":[{"floor":7,"key":"Tough Bandages"},{"floor":9,"key":"Shuriken"},{"floor":12,"key":"Art of War"},{"floor":19,"key":"Necronomicon"},{"floor":21,"key":"Centennial Puzzle"},{"floor":24,"key":"War Paint"},{"floor":26,"key":"Letter Opener"},{"floor":29,"key":"Ancient Tea Set"}],"event_choices":[{"damage_healed":0,"gold_gain":0,"player_choice":"Searched \u00271\u0027 times","damage_taken":0,"relics_obtained":["Juzu Bracelet"],"max_hp_gain":0,"max_hp_loss":0,"event_name":"Dead Adventurer","floor":10,"gold_loss":0},{"damage_healed":0,"gold_gain":0,"player_choice":"Obtained Book","damage_taken":16,"max_hp_gain":0,"max_hp_loss":0,"event_name":"Cursed Tome","floor":19,"gold_loss":0},{"damage_healed":0,"gold_gain":0,"player_choice":"Opened","damage_taken":0,"relics_obtained":["Vajra"],"max_hp_gain":0,"max_hp_loss":0,"event_name":"The Mausoleum","floor":20,"gold_loss":0,"cards_obtained":["Writhe"]}],"is_beta":false,"boss_relics":[{"not_picked":["Tiny House","Coffee Dripper"],"picked":"Eternal Feather"}],"items_purged_floors":[],"is_endless":false,"potions_floor_spawned":[3,5,7,12,18,29],"killed_by":"Chosen and Byrds","ascension_level":3}