{"path_per_floor":["M","?","$","M","M","R","M","E","T","?","E","M","R","M","R","B",null,"M","M","?","?","M","R","?","?","T","?","R","M","M","$","R"],"character_chosen":"IRONCLAD","items_purchased":["Whetstone"],"gold_per_floor":[113,188,36,53,67,67,85,118,118,118,143,163,163,182,182,278,308,327,347,262,262,277,277,277,177,177,177,177,187,205,130,130],"floor_reached":33,"campfire_rested":0,"playtime":1573,"current_hp_per_floor":[80,69,69,72,77,77,76,52,52,40,35,43,43,51,51,41,85,84,81,81,81,65,65,65,65,65,65,65,62,55,55,55],"items_purged":["Normality"],"gold":130,"score":257,"play_id":"74ec7fe6-0650-420f-9c64-dd55846cd950","local_time":"20180302190933","is_prod":false,"is_daily":false,"is_ascension_mode":false,"campfire_upgraded":6,"timestamp":1520035773,"path_taken":["M","?","$","M","M","R","?","E","T","?","E","M","R","M","R","BOSS","M","M","?","?","M","R","?","?","T","?","R","M","M","$","R","BOSS"],"build_version":"2018-03-01-PROD1","purchased_purges":1,"victory":false,"master_deck":["Strike_R","Strike_R","Strike_R","Strike_R","Strike_R+1","Defend_R","Defend_R+1","Defend_R","Defend_R","Bash","Twin Strike+1","Infernal Blade+1","Uppercut+1","Perfected Strike+1","Shockwave+1","Headbutt","Headbutt","Sever Soul","Double Tap+1","Twin Strike","Shockwave+1","Heavy Blade+1","J.A.X.+1","Twin Strike+1"],"max_hp_per_floor":[80,80,80,80,80,80,80,80,80,80,80,80,80,80,80,80,85,85,85,85,85,85,85,85,85,85,85,85,85,85,85,85],"relics":["Burning Blood","Whetstone","Blood Vial","Bronze Scales","Anchor","Red Skull","Tiny House","Toolbox","Oddly Smooth Stone","Juzu Bracelet","Omamori"],"card_choices":[{"not_picked":["True Grit","Anger"],"picked":"Twin Strike"},{"not_picked":["Rage","Reckless Charge"],"picked":"Infernal Blade"},{"not_picked":["Havoc","Ghostly Armor"],"picked":"Uppercut"},{"not_picked":["Seeing Red","Burning Pact"],"picked":"Perfected Strike"},{"not_picked":["Clash","Iron Wave"],"picked":"Shockwave"},{"not_picked":["Body Slam","Rupture"],"picked":"Headbutt"},{"not_picked":["Whirlwind","Juggernaut"],"picked":"Headbutt"},{"not_picked":["Anger","Hemokinesis"],"picked":"Sever Soul"},{"not_picked":["Barricade","Feed"],"picked":"Double Tap"},{"not_picked":["Fire Breathing","Clash"],"picked":"Twin Strike"},{"not_picked":["Thunderclap","Heavy Blade"],"picked":"Shockwave"},{"not_picked":["Anger","Reckless Charge"],"picked":"Heavy Blade"},{"not_picked":["Thunderclap","Havoc"],"picked":"Twin Strike"}],"player_experience":62369,"potions_floor_usage":[11,11,11,16,22,22,29,29,33,33],"damage_taken":[{"damage":6,"enemies":"Jaw Worm","floor":1,"turns":3},{"damage":3,"enemies":"Small Slimes","floor":4,"turns":2},{"damage":1,"enemies":"Cultist","floor":5,"turns":3},{"damage":7,"enemies":"3 Louse","floor":7,"turns":3},{"damage":30,"enemies":"3 Sentries","floor":8,"turns":8},{"damage":13,"enemies":"Lagavulin","floor":11,"turns":5},{"damage":0,"enemies":"Looter","floor":12,"turns":2},{"damage":0,"enemies":"2 Fungi Beasts","floor":14,"turns":2},{"damage":18,"enemies":"Hexaghost","floor":16,"turns":6},{"damage":7,"enemies":"2 Thieves","floor":18,"turns":3},{"damage":10,"enemies":"Chosen","floor":19,"turns":3},{"damage":24,"enemies":"Snake Plant","floor":22,"turns":4},{"damage":11,"enemies":"Sentry and Sphere","floor":29,"turns":3},{"damage":15,"enemies":"Cultist and Chosen","floor":30,"turns":5},{"damage":73,"enemies":"Champ","floor":33,"turns":7}],"event_choices":[{"event_name":"World of Goop","player_choice":"Gather Gold","floor":2,"damage_taken":0},{"event_name":"Scrap Ooze","player_choice":"success","floor":10,"damage_taken":12},{"event_name":"Addict","player_choice":"Obtained Relic","floor":20,"damage_taken":0},{"event_name":"The Mausoleum","player_choice":"Yes","floor":21,"damage_taken":0},{"event_name":"Accursed Blacksmith","player_choice":"Rummage","floor":24,"damage_taken":0},{"event_name":"Drug Dealer","player_choice":"Got JAXXED","floor":25,"damage_taken":0},{"event_name":"The Lab","player_choice":"Got Potions","floor":27,"damage_taken":0}],"boss_relics":[{"not_picked":["Runic Pyramid","Question Card"],"picked":"Tiny House"}],"potions_floor_spawned":[1,4,8,12,16,19,30],"seed_played":"-4413117039322042780","killed_by":"Champ","ascension_level":0,"is_trial":false}