{"gold_per_floor":[117,129,129,152,227,267,267,298,298,336,336,377,72,95,95,224,224,239,254,254,272,325,368,36,36,36,70,90,90,38,77,77,203,203,221,221,194,219,234,234,278,611,665,665,665,697,697,732,732,732],"floor_reached":50,"playtime":3742,"items_purged":[],"score":977,"play_id":"10fe695b-b8dc-4155-b182-84329c87bf43","local_time":"20190213181824","is_ascension_mode":true,"campfire_choices":[{"floor":7,"key":"REST"},{"data":"Bash","floor":11,"key":"SMITH"},{"data":"Immolate","floor":15,"key":"SMITH"},{"data":"Demon Form","floor":25,"key":"SMITH"},{"floor":29,"key":"REST"},{"floor":32,"key":"REST"},{"floor":40,"key":"REST"},{"floor":44,"key":"REST"},{"floor":47,"key":"REST"},{"floor":49,"key":"REST"}],"neow_cost":"NONE","seed_source_timestamp":1803875107302700,"circlet_count":0,"master_deck":["Strike_R","Strike_R","Strike_R","Strike_R","Strike_R","Defend_R","Defend_R","Defend_R","Defend_R","Bash+1","Twin Strike","Heavy Blade","Iron Wave","Offering","Clothesline","Shrug It Off","Battle Trance","Immolate+1","Warcry","Demon Form+1","Flex","Rupture","Combust","Seeing Red+1","Bloodletting+1","Inflame+1","Seeing Red+1","Bloodletting+1","Exhume+1","Heavy Blade+1","Armaments+1","Hemokinesis+1","Sword Boomerang+1","Bludgeon","Offering+1","Whirlwind"],"relics":["Burning Blood","PreservedInsect","Pear","Paper Frog","Matryoshka","Blood Vial","Unceasing Top","Anchor","Lizard Tail","Toxic Egg 2","Boot","Strawberry","Bottled Lightning","Juzu Bracelet","Red Skull","Darkstone Periapt","Snecko Eye","Bronze Scales","Pen Nib","Bottled Flame","Centennial Puzzle"],"potions_floor_usage":[6,6,6,8,12,16,18,23,31,31,33,39,39,41,48,50],"damage_taken":[{"damage":7,"enemies":"2 Louse","floor":1,"turns":3},{"damage":4,"enemies":"Small Slimes","floor":2,"turns":4},{"damage":1,"enemies":"Cultist","floor":4,"turns":3},{"damage":17,"enemies":"Gremlin Nob","floor":6,"turns":5},{"damage":11,"enemies":"3 Sentries","floor":8,"turns":4},{"damage":6,"enemies":"Gremlin Nob","floor":10,"turns":2},{"damage":26,"enemies":"3 Sentries","floor":12,"turns":7},{"damage":3,"enemies":"Looter","floor":14,"turns":3},{"damage":50,"enemies":"Hexaghost","floor":16,"turns":8},{"damage":6,"enemies":"2 Thieves","floor":18,"turns":2},{"damage":8,"enemies":"Chosen","floor":19,"turns":4},{"damage":66,"enemies":"Centurion and Healer","floor":21,"turns":7},{"damage":28,"enemies":"Slavers","floor":23,"turns":4},{"damage":11,"enemies":"Book of Stabbing","floor":27,"turns":3},{"damage":33,"enemies":"Shelled Parasite and Fungi","floor":28,"turns":5},{"damage":11,"enemies":"Gremlin Leader","floor":31,"turns":3},{"damage":70,"enemies":"Champ","floor":33,"turns":7},{"damage":66,"enemies":"3 Darklings","floor":35,"turns":5},{"damage":1,"enemies":"Orb Walker","floor":38,"turns":3},{"damage":9,"enemies":"Maw","floor":39,"turns":5},{"damage":41,"enemies":"Nemesis","floor":41,"turns":5},{"damage":22,"enemies":"Giant Head","floor":46,"turns":5},{"damage":39,"enemies":"Nemesis","floor":48,"turns":5},{"damage":92,"enemies":"Time Eater","floor":50,"turns":5}],"seed_played":"-3778107143870950388","potions_obtained":[{"floor":1,"key":"SpeedPotion"},{"floor":4,"key":"EntropicBrew"},{"floor":6,"key":"FearPotion"},{"floor":12,"key":"SkillPotion"},{"floor":21,"key":"FearPotion"},{"floor":28,"key":"Block Potion"},{"floor":31,"key":"Swift Potion"},{"floor":36,"key":"SneckoOil"},{"floor":36,"key":"SneckoOil"},{"floor":36,"key":"Dexterity Potion"},{"floor":39,"key":"Dexterity Potion"},{"floor":46,"key":"GamblersBrew"},{"floor":48,"key":"Fire Potion"}],"is_trial":false,"path_per_floor":["M","M","?","M","?","E","R","E","T","E","R","E","$","M","R","B",null,"M","M","?","M","T","E","$","R","T","E","M","R","$","E","R","B",null,"M","?","$","M","M","R","E","?","T","R","?","E","R","E","R","B"],"character_chosen":"IRONCLAD","items_purchased":["Anchor","Immolate","Bloodletting+1","Bottled Lightning","Energy Potion","Armaments+1"],"campfire_rested":7,"item_purchase_floors":[13,13,24,24,30,37],"current_hp_per_floor":[71,73,53,58,50,49,76,71,71,71,71,68,68,73,73,31,75,77,77,77,19,19,56,56,56,56,53,28,57,57,54,83,21,78,20,20,20,27,26,55,22,22,22,51,51,37,64,33,60,0],"gold":732,"neow_bonus":"RANDOM_COMMON_RELIC","is_prod":false,"is_daily":false,"chose_seed":false,"campfire_upgraded":3,"win_rate":0,"timestamp":1550099904,"path_taken":["M","M","?","M","?","E","R","E","T","E","R","E","$","M","R","BOSS","M","?","?","M","?","E","$","R","T","E","M","R","$","E","R","BOSS","M","?","?","M","M","R","E","?","T","R","?","E","R","E","R","BOSS"],"build_version":"2019-01-23","purchased_purges":0,"victory":false,"max_hp_per_floor":[80,80,80,80,80,90,90,90,90,90,90,90,90,90,90,90,90,90,90,90,90,90,97,97,97,97,97,97,97,97,97,97,97,97,97,97,97,97,97,97,97,97,97,97,92,92,92,92,92,92],"card_choices":[{"not_picked":["Clothesline","Body Slam"],"picked":"Twin Strike","floor":1},{"not_picked":["Combust","Clash"],"picked":"Heavy Blade","floor":2},{"not_picked":["Body Slam","Second Wind"],"picked":"Iron Wave","floor":4},{"not_picked":["Wild Strike","Feel No Pain"],"picked":"Offering","floor":6},{"not_picked":["Anger","Intimidate"],"picked":"Clothesline","floor":8},{"not_picked":["Iron Wave","Rampage"],"picked":"Shrug It Off","floor":10},{"not_picked":["Evolve","Clash"],"picked":"Battle Trance","floor":12},{"not_picked":["Sword Boomerang","Reckless Charge"],"picked":"Warcry","floor":14},{"not_picked":["Juggernaut","Barricade"],"picked":"Demon Form","floor":16},{"not_picked":["Rampage","True Grit"],"picked":"Flex","floor":18},{"not_picked":["Body Slam","Clothesline"],"picked":"Rupture","floor":19},{"not_picked":["Feel No Pain","Clash"],"picked":"Combust","floor":21},{"not_picked":["True Grit+1","Headbutt"],"picked":"Seeing Red+1","floor":23},{"not_picked":["Bloodletting+1","Demon Form"],"picked":"Inflame+1","floor":27},{"not_picked":["Sword Boomerang","Shrug It Off+1"],"picked":"Seeing Red+1","floor":28},{"not_picked":["Warcry+1","Hemokinesis"],"picked":"Bloodletting+1","floor":31},{"not_picked":["Impervious+1","Berserk"],"picked":"Exhume+1","floor":33},{"not_picked":["Cleave","Sword Boomerang+1"],"picked":"Heavy Blade+1","floor":35},{"not_picked":["Thunderclap","Pommel Strike+1"],"picked":"Hemokinesis+1","floor":38},{"not_picked":["Sever Soul+1","Infernal Blade+1"],"picked":"Sword Boomerang+1","floor":39},{"not_picked":["Headbutt","Corruption+1"],"picked":"Bludgeon","floor":41},{"not_picked":["Anger","Immolate"],"picked":"Offering+1","floor":46},{"not_picked":["Shrug It Off+1","Reckless Charge"],"picked":"Whirlwind","floor":48}],"player_experience":478204,"relics_obtained":[{"floor":6,"key":"Pear"},{"floor":8,"key":"Paper Frog"},{"floor":9,"key":"Matryoshka"},{"floor":10,"key":"Blood Vial"},{"floor":12,"key":"Unceasing Top"},{"floor":22,"key":"Toxic Egg 2"},{"floor":22,"key":"Boot"},{"floor":23,"key":"Strawberry"},{"floor":26,"key":"Juzu Bracelet"},{"floor":27,"key":"Red Skull"},{"floor":31,"key":"Darkstone Periapt"},{"floor":41,"key":"Bronze Scales"},{"floor":43,"key":"Pen Nib"},{"floor":46,"key":"Bottled Flame"},{"floor":48,"key":"Centennial Puzzle"}],"event_choices":[{"damage_healed":0,"gold_gain":0,"player_choice":"Take Damage","damage_taken":20,"relics_obtained":["Golden Idol"],"max_hp_gain":0,"max_hp_loss":0,"event_name":"Golden Idol","floor":3,"gold_loss":0},{"damage_healed":0,"gold_gain":75,"player_choice":"Touch","damage_taken":8,"max_hp_gain":0,"max_hp_loss":0,"event_name":"FaceTrader","floor":5,"gold_loss":0},{"damage_healed":0,"gold_gain":0,"player_choice":"Ignored","damage_taken":0,"max_hp_gain":0,"max_hp_loss":0,"event_name":"Beggar","floor":20,"gold_loss":0},{"damage_healed":0,"gold_gain":0,"player_choice":"Got Potions","damage_taken":0,"max_hp_gain":0,"max_hp_loss":0,"event_name":"Lab","floor":36,"gold_loss":0},{"damage_healed":0,"gold_gain":333,"player_choice":"Gave Idol","damage_taken":0,"max_hp_gain":0,"max_hp_loss":0,"event_name":"The Moai Head","floor":42,"relics_lost":["Golden Idol"],"gold_loss":0},{"damage_healed":0,"gold_gain":0,"player_choice":"Max HP","damage_taken":0,"max_hp_gain":0,"max_hp_loss":5,"event_name":"Winding Halls","floor":45,"gold_loss":0}],"is_beta":false,"boss_relics":[{"not_picked":["Empty Cage","Velvet Choker"],"picked":"Lizard Tail"},{"not_picked":["Mark of Pain","Sozu"],"picked":"Snecko Eye"}],"items_purged_floors":[],"is_endless":false,"potions_floor_spawned":[1,4,6,12,21,28,31,39,46,48],"killed_by":"Time Eater","ascension_level":8}