{"gold_per_floor":[118,118,118,136,147,147,180,192,228,256,268,297,309,333,345,357],"floor_reached":16,"playtime":995,"items_purged":[],"score":163,"play_id":"dc729d65-fc10-43c8-96d3-3f86c2870ef8","local_time":"20190218112336","is_ascension_mode":true,"campfire_choices":[{"data":"Neutralize","floor":6,"key":"SMITH"},{"floor":11,"key":"REST"},{"floor":13,"key":"REST"},{"floor":15,"key":"REST"}],"neow_cost":"CURSE","seed_source_timestamp":350920441239700,"circlet_count":0,"master_deck":["AscendersBane","Defend_G+1","Defend_G","Defend_G","Defend_G","Defend_G","Strike_G","Strike_G","Strike_G","Strike_G","Strike_G+1","Survivor","Neutralize+1","Clumsy","Terror","Acrobatics","Blur","PiercingWail","Footwork"],"relics":["Ring of the Snake","Art of War","MawBank","Omamori"],"potions_floor_usage":[7,7,14,16],"damage_taken":[{"damage":1,"enemies":"2 Louse","floor":1,"turns":3},{"damage":4,"enemies":"Jaw Worm","floor":4,"turns":7},{"damage":0,"enemies":"Cultist","floor":5,"turns":4},{"damage":34,"enemies":"Gremlin Nob","floor":7,"turns":6},{"damage":5,"enemies":"Blue Slaver","floor":10,"turns":4},{"damage":1,"enemies":"Exordium Wildlife","floor":12,"turns":5},{"damage":16,"enemies":"Large Slime","floor":14,"turns":8},{"damage":74,"enemies":"Slime Boss","floor":16,"turns":14}],"seed_played":"5516453408871242935","potions_obtained":[{"floor":4,"key":"Swift Potion"},{"floor":5,"key":"SpeedPotion"},{"floor":7,"key":"LiquidBronze"},{"floor":10,"key":"PowerPotion"},{"floor":14,"key":"FearPotion"}],"is_trial":false,"path_per_floor":["M","?","?","M","M","R","E","$","T","M","R","M","R","M","R","B"],"character_chosen":"THE_SILENT","items_purchased":[],"campfire_rested":3,"item_purchase_floors":[],"current_hp_per_floor":[76,73,56,52,52,52,18,18,18,13,38,37,62,46,71,0],"gold":357,"neow_bonus":"TWENTY_PERCENT_HP_BONUS","is_prod":false,"is_daily":false,"chose_seed":false,"campfire_upgraded":1,"win_rate":0,"timestamp":1550507016,"path_taken":["M","?","?","M","M","R","E","?","T","?","R","M","R","M","R","BOSS"],"build_version":"2019-01-23","purchased_purges":0,"victory":false,"max_hp_per_floor":[84,84,84,84,84,84,84,84,84,84,84,84,84,84,84,84],"card_choices":[{"not_picked":["Blade Dance","Bane","Prepared"],"picked":"SKIP","floor":1},{"not_picked":["Dagger Throw","Outmaneuver"],"picked":"Terror","floor":4},{"not_picked":["Sucker Punch","Blade Dance","Distraction"],"picked":"SKIP","floor":5},{"not_picked":["Distraction","Sucker Punch"],"picked":"Acrobatics","floor":7},{"not_picked":["Dagger Throw","Flying Knee"],"picked":"Blur","floor":10},{"not_picked":["Finisher","Acrobatics"],"picked":"PiercingWail","floor":12},{"not_picked":["Sucker Punch","Acrobatics"],"picked":"Footwork","floor":14}],"player_experience":1226465,"relics_obtained":[{"floor":7,"key":"MawBank"},{"floor":9,"key":"Omamori"}],"event_choices":[{"damage_healed":0,"gold_gain":0,"player_choice":"Success","damage_taken":3,"relics_obtained":["Art of War"],"max_hp_gain":0,"max_hp_loss":0,"event_name":"Scrap Ooze","floor":2,"gold_loss":0},{"damage_healed":0,"gold_gain":0,"player_choice":"Entered Light","damage_taken":17,"max_hp_gain":0,"max_hp_loss":0,"event_name":"Shining Light","floor":3,"gold_loss":0,"cards_upgraded":["Strike_G","Defend_G"]}],"is_beta":false,"boss_relics":[],"items_purged_floors":[],"is_endless":false,"potions_floor_spawned":[4,5,7,10,14],"killed_by":"Slime Boss","ascension_level":12}