{"gold_per_floor":[115,41,41,6,6,6,39,49,126,126,160,174,194,224,224,320,320,336,323,341,361,361,394,394,425,425,72,87,87,105,115,115,220,220,236,236,1235,1255,54,84,84,94,119,139,139,150,150,170,170,170],"floor_reached":51,"playtime":3906,"items_purged":["Normality"],"score":1177,"play_id":"23cdc7b9-6d5e-4aa9-a31e-7af6c8fe4241","local_time":"20190114153222","is_ascension_mode":true,"campfire_choices":[{"data":"Terror","floor":6.0,"key":"SMITH"},{"floor":10.0,"key":"REST"},{"floor":15.0,"key":"REST"},{"data":"Footwork","floor":24.0,"key":"SMITH"},{"floor":29.0,"key":"REST"},{"floor":32.0,"key":"REST"},{"floor":41.0,"key":"REST"},{"floor":45,"key":"REST"},{"floor":49,"key":"REST"}],"neow_cost":"NONE","seed_source_timestamp":5260042445360,"circlet_count":0,"master_deck":["AscendersBane","Defend_G","Defend_G","Defend_G","Defend_G","Defend_G","Strike_G+1","Strike_G","Strike_G","Strike_G+1","Survivor","Neutralize","Terror+1","Crippling Poison+1","Cloak And Dagger","Heel Hook+1","Footwork+1","Quick Slash+1","Dodge and Roll","Envenom","Leg Sweep","Dagger Throw+1","Dash+1","Backstab+1","Noxious Fumes","Footwork","Flash of Steel+1","Infinite Blades","Die Die Die+1","Normality","Dagger Throw+1","Apotheosis","Caltrops","Backflip","Leg Sweep+1","Dagger Throw+1","Endless Agony+1"],"special_seed":0,"relics":["Ring of the Snake","Darkstone Periapt","Strawberry","Molten Egg 2","Whetstone","Bottled Lightning","Sozu","Shuriken","The Specimen","The Courier","ClockworkSouvenir","Regal Pillow","Philosopher\u0027s Stone","Meat on the Bone","Bronze Scales","Boot","PreservedInsect","Omamori","Sundial","Happy Flower","Art of War","Bag of Marbles"],"potions_floor_usage":[],"damage_taken":[{"damage":6.0,"enemies":"Cultist","floor":1.0,"turns":6.0},{"damage":19.0,"enemies":"3 Sentries","floor":7.0,"turns":14.0},{"damage":7.0,"enemies":"Jaw Worm","floor":8.0,"turns":4.0},{"damage":55.0,"enemies":"Lagavulin","floor":11.0,"turns":10.0},{"damage":0.0,"enemies":"Small Slimes","floor":12.0,"turns":2.0},{"damage":7.0,"enemies":"Gremlin Gang","floor":13.0,"turns":4.0},{"damage":11.0,"enemies":"3 Sentries","floor":14.0,"turns":9.0},{"damage":5.0,"enemies":"The Guardian","floor":16.0,"turns":17.0},{"damage":4.0,"enemies":"Shell Parasite","floor":18.0,"turns":4.0},{"damage":13.0,"enemies":"2 Thieves","floor":19.0,"turns":4.0},{"damage":2.0,"enemies":"Chosen and Byrds","floor":20.0,"turns":6.0},{"damage":14.0,"enemies":"Snake Plant","floor":21.0,"turns":5.0},{"damage":18.0,"enemies":"Slavers","floor":23.0,"turns":7.0},{"damage":23.0,"enemies":"Gremlin Leader","floor":25.0,"turns":6.0},{"damage":1.0,"enemies":"Shelled Parasite and Fungi","floor":28.0,"turns":5.0},{"damage":6.0,"enemies":"Centurion and Healer","floor":30.0,"turns":7.0},{"damage":14.0,"enemies":"Sentry and Sphere","floor":31.0,"turns":6.0},{"damage":36.0,"enemies":"Automaton","floor":33.0,"turns":9.0},{"damage":15.0,"enemies":"3 Darklings","floor":35.0,"turns":6.0},{"damage":4.0,"enemies":"Orb Walker","floor":38.0,"turns":4.0},{"damage":43.0,"enemies":"Reptomancer","floor":40.0,"turns":5.0},{"damage":26,"enemies":"Transient","floor":42,"turns":5},{"damage":9,"enemies":"Sphere and 2 Shapes","floor":44,"turns":6},{"damage":16,"enemies":"Jaw Worm Horde","floor":46,"turns":3},{"damage":4,"enemies":"3 Darklings","floor":48,"turns":3},{"damage":58,"enemies":"Awakened One","floor":50,"turns":16}],"seed_played":"-8792715964810470883","potions_obtained":[{"floor":1.0,"key":"LiquidBronze"},{"floor":5.0,"key":"Fire Potion"},{"floor":12.0,"key":"Weak Potion"},{"floor":14.0,"key":"Block Potion"}],"is_trial":false,"path_per_floor":["M","$","?","?","?","R","E","M","T","R","E","M","M","E","R","B",null,"M","M","M","M","?","E","R","E","T","$","M","R","M","M","R","B",null,"M","?","?","M","$","E","R","M","T","M","R","M","?","M","R","B",null],"character_chosen":"THE_SILENT","items_purchased":["Regen Potion","ClockworkSouvenir","Regal Pillow","Flash of Steel+1","Meat on the Bone","Bronze Scales","Boot","PreservedInsect","Omamori","Sundial","Happy Flower","Apotheosis"],"campfire_rested":7,"item_purchase_floors":[2,27,27,27,39,39,39,39,39,39,39,39],"current_hp_per_floor":[64,64,61,77,77,77,65,58,58,83,43,43,36,25,50,45,74,70,57,55,41,69,51,51,28,28,28,27,67,61,47,84,48,75,60,60,72,68,68,37,80,54,54,57,96,80,80,76,96,50],"gold":170,"neow_bonus":"TEN_PERCENT_HP_BONUS","is_prod":false,"is_daily":false,"chose_seed":false,"campfire_upgraded":2,"win_rate":0,"timestamp":1547472742,"path_taken":["M","$","?","?","?","R","E","M","T","R","E","M","?","E","R","BOSS","M","M","?","M","?","E","R","E","T","$","M","R","M","M","R","BOSS","M","?","?","M","$","E","R","M","T","M","R","M","?","?","R","BOSS"],"build_version":"2019-01-10","purchased_purges":1,"victory":true,"max_hp_per_floor":[77,77,77,77,77,77,84,84,84,84,84,84,84,84,84,84,84,84,84,84,84,84,84,84,84,84,84,84,84,84,84,84,84,84,84,84,96,96,96,96,96,96,96,96,96,96,96,96,96,96],"card_choices":[{"not_picked":["Setup","Sucker Punch"],"picked":"Terror","floor":1.0},{"not_picked":["Bane","Prepared"],"picked":"Crippling Poison","floor":7.0},{"not_picked":["Crippling Poison","Backflip"],"picked":"Cloak And Dagger","floor":8.0},{"not_picked":["Blade Dance","Well Laid Plans"],"picked":"Heel Hook+1","floor":11.0},{"not_picked":["Masterful Stab+1","Blade Dance"],"picked":"Footwork","floor":12.0},{"not_picked":["Underhanded Strike+1","Masterful Stab+1"],"picked":"Quick Slash+1","floor":13.0},{"not_picked":["Wraith Form v2","Distraction"],"picked":"Dodge and Roll","floor":14.0},{"not_picked":["Glass Knife+1","Doppelganger"],"picked":"Envenom","floor":16.0},{"not_picked":["Dodge and Roll","Bane+1"],"picked":"Leg Sweep","floor":18.0},{"not_picked":["Bouncing Flask","Blade Dance"],"picked":"Dagger Throw+1","floor":19.0},{"not_picked":["Poisoned Stab+1","Dodge and Roll"],"picked":"Dash+1","floor":20.0},{"not_picked":["Eviscerate+1","Caltrops+1"],"picked":"Backstab+1","floor":21.0},{"not_picked":["Sucker Punch+1","Poisoned Stab+1"],"picked":"Noxious Fumes","floor":23.0},{"not_picked":["Choke+1","Malaise"],"picked":"Footwork","floor":25.0},{"not_picked":["Cloak And Dagger","Dagger Spray+1","Caltrops"],"picked":"SKIP","floor":28.0},{"not_picked":["Cloak And Dagger","Deadly Poison","Dodge and Roll"],"picked":"SKIP","floor":30.0},{"not_picked":["Slice+1","Sucker Punch+1"],"picked":"Infinite Blades","floor":31.0},{"not_picked":["Storm of Steel","Grand Finale+1"],"picked":"Die Die Die+1","floor":33.0},{"not_picked":["Prepared","Flying Knee+1","Poisoned Stab+1"],"picked":"SKIP","floor":35.0},{"not_picked":["Distraction","Dagger Spray+1"],"picked":"Dagger Throw+1","floor":38.0},{"not_picked":["Setup+1","Finisher+1"],"picked":"Caltrops","floor":40.0},{"not_picked":["PiercingWail+1","Noxious Fumes"],"picked":"Backflip","floor":42},{"not_picked":["Slice+1","Backflip+1"],"picked":"Leg Sweep+1","floor":44},{"not_picked":["PiercingWail","Quick Slash+1"],"picked":"Dagger Throw+1","floor":46},{"not_picked":["All Out Attack+1","Eviscerate+1"],"picked":"Endless Agony+1","floor":48}],"player_experience":272513,"relics_obtained":[{"floor":7.0,"key":"Strawberry"},{"floor":9.0,"key":"Molten Egg 2"},{"floor":11.0,"key":"Whetstone"},{"floor":14.0,"key":"Bottled Lightning"},{"floor":23.0,"key":"Shuriken"},{"floor":25.0,"key":"The Specimen"},{"floor":26.0,"key":"The Courier"},{"floor":40.0,"key":"Art of War"},{"floor":43,"key":"Bag of Marbles"}],"event_choices":[{"damage_healed":0.0,"max_hp_gain":0.0,"max_hp_loss":0.0,"gold_gain":0.0,"event_name":"Scrap Ooze","player_choice":"Success","floor":3.0,"gold_loss":0.0,"damage_taken":3.0,"relics_obtained":["Darkstone Periapt"]},{"damage_healed":19.0,"max_hp_gain":0.0,"max_hp_loss":0.0,"gold_gain":0.0,"event_name":"The Cleric","player_choice":"Healed","floor":4.0,"gold_loss":35.0,"damage_taken":0.0},{"damage_healed":0.0,"max_hp_gain":0.0,"max_hp_loss":0.0,"gold_gain":0.0,"event_name":"Lab","player_choice":"Got Potions","floor":5.0,"gold_loss":0.0,"damage_taken":0.0},{"damage_healed":28.0,"max_hp_gain":0.0,"max_hp_loss":0.0,"gold_gain":0.0,"event_name":"The Library","player_choice":"Heal","floor":22.0,"gold_loss":0.0,"damage_taken":0.0},{"cards_removed":["Strike_G"],"damage_healed":0.0,"max_hp_gain":0.0,"max_hp_loss":0.0,"gold_gain":0.0,"event_name":"Falling","player_choice":"Removed Attack","floor":36.0,"gold_loss":0.0,"damage_taken":0.0},{"damage_healed":0.0,"max_hp_gain":0.0,"max_hp_loss":0.0,"gold_gain":999.0,"event_name":"MindBloom","player_choice":"Gold","floor":37.0,"gold_loss":0.0,"damage_taken":0.0,"cards_obtained":["Normality","Normality"]},{"damage_healed":0,"gold_gain":0,"player_choice":"Upgraded","damage_taken":0,"max_hp_gain":0,"max_hp_loss":0,"event_name":"Upgrade Shrine","floor":47,"gold_loss":0,"cards_upgraded":["Crippling Poison"]}],"is_beta":false,"boss_relics":[{"not_picked":["Pandora\u0027s Box","Busted Crown"],"picked":"Sozu"},{"not_picked":["Ring of the Serpent","Black Star"],"picked":"Philosopher\u0027s Stone"}],"items_purged_floors":[39],"is_endless":false,"potions_floor_spawned":[1,12,14,20,21,23,25,28,31,42,44],"ascension_level":12}