{"gold_per_floor":[116,129,141,291,291,291,318,318,342,57,92,92,119,137,137,137],"floor_reached":16,"playtime":822,"items_purged":["Doubt"],"score":218,"play_id":"291e1f24-8a65-425b-bf51-b34b60fe4a5b","local_time":"20190118143911","is_ascension_mode":true,"campfire_choices":[{"data":"Survivor","floor":6.0,"key":"SMITH"},{"floor":8,"key":"REST"},{"floor":12,"key":"REST"},{"floor":15,"key":"REST"}],"neow_cost":"NONE","seed_source_timestamp":172916086482725,"circlet_count":0,"master_deck":["AscendersBane","Defend_G","Defend_G","Defend_G","Defend_G","Defend_G","Strike_G","Strike_G","Strike_G","Strike_G","Strike_G","Survivor+1","Neutralize","Escape Plan","Slice","Dagger Spray","Malaise","Leg Sweep","Dagger Spray","Crippling Poison"],"special_seed":0,"relics":["Ring of the Snake","Blood Vial","Oddly Smooth Stone","Sling","Snake Skull","Happy Flower"],"potions_floor_usage":[7,11,16,16],"damage_taken":[{"damage":0.0,"enemies":"2 Louse","floor":1.0,"turns":5.0},{"damage":1.0,"enemies":"Small Slimes","floor":2.0,"turns":5.0},{"damage":3.0,"enemies":"Jaw Worm","floor":3.0,"turns":4.0},{"damage":54,"enemies":"Gremlin Nob","floor":7,"turns":6},{"damage":10,"enemies":"3 Sentries","floor":11,"turns":5},{"damage":36,"enemies":"Gremlin Nob","floor":13,"turns":5},{"damage":0,"enemies":"Looter","floor":14,"turns":4},{"damage":46,"enemies":"Hexaghost","floor":16,"turns":23}],"seed_played":"-7110790834076960952","potions_obtained":[{"floor":3.0,"key":"LiquidBronze"},{"floor":7,"key":"LiquidBronze"},{"floor":13,"key":"Ancient Potion"},{"floor":14,"key":"GhostInAJar"}],"is_trial":false,"path_per_floor":["M","M","M","?","?","R","E","R","T","$","E","R","E","M","R","B"],"character_chosen":"THE_SILENT","items_purchased":["Sling"],"campfire_rested":3,"item_purchase_floors":[10],"current_hp_per_floor":[65,64,61,61,66,66,12,35,35,35,27,50,16,18,41,0],"gold":137,"neow_bonus":"TEN_PERCENT_HP_BONUS","is_prod":false,"is_daily":false,"chose_seed":false,"campfire_upgraded":1,"win_rate":0,"timestamp":1547815151,"path_taken":["M","M","M","?","?","R","E","R","T","$","E","R","E","M","R","BOSS"],"build_version":"2019-01-17v2","purchased_purges":1,"victory":false,"max_hp_per_floor":[72,72,72,72,77,77,77,77,77,77,77,77,77,77,77,77],"card_choices":[{"not_picked":["Dagger Throw","Blur"],"picked":"Escape Plan","floor":1.0},{"not_picked":["Calculated Gamble","Distraction"],"picked":"Slice","floor":2.0},{"not_picked":["Flying Knee","Underhanded Strike"],"picked":"Dagger Spray","floor":3.0},{"not_picked":["Distraction","Acrobatics"],"picked":"Malaise","floor":7},{"not_picked":["Deadly Poison","Tools of the Trade"],"picked":"Leg Sweep","floor":11},{"not_picked":["Acrobatics","Prepared"],"picked":"Dagger Spray","floor":13},{"not_picked":["Flying Knee","Dodge and Roll"],"picked":"Crippling Poison","floor":14}],"player_experience":315134,"relics_obtained":[{"floor":7,"key":"Blood Vial"},{"floor":9,"key":"Oddly Smooth Stone"},{"floor":11,"key":"Snake Skull"},{"floor":13,"key":"Happy Flower"}],"event_choices":[{"damage_healed":0.0,"max_hp_gain":0.0,"max_hp_loss":0.0,"gold_gain":150.0,"event_name":"Liars Game","player_choice":"AGREE","floor":4.0,"gold_loss":0.0,"damage_taken":0.0,"cards_obtained":["Doubt"]},{"damage_healed":0.0,"max_hp_gain":5.0,"max_hp_loss":0.0,"gold_gain":0.0,"event_name":"Big Fish","player_choice":"Donut","floor":5.0,"gold_loss":0.0,"damage_taken":0.0}],"is_beta":false,"boss_relics":[],"items_purged_floors":[10],"is_endless":false,"potions_floor_spawned":[3,7,13,14],"killed_by":"Hexaghost","ascension_level":17}