{"path_per_floor":["M","M","?","?","?","R","M","E","T","R","M","R","M","$","R","B",null,"M","?","M","M","M","E","R","$","T","R","$","T","E","?","R","B",null,"M","$","?","T","$","R","E","M","T","M","R","M","R","E","R","B"],"character_chosen":"THE_SILENT","items_purchased":["Snake Skull","Bouncing Flask","Gambling Chip"],"gold_per_floor":[19,37,37,37,37,37,57,91,391,391,409,409,425,122,122,223,223,240,240,258,276,293,318,318,23,23,23,23,23,58,58,58,163,163,180,80,80,80,30,30,63,82,82,102,102,121,121,150,150,150],"floor_reached":51,"campfire_rested":2,"playtime":7400,"item_purchase_floors":[14,14,25],"current_hp_per_floor":[63,58,58,51,39,39,39,31,31,31,16,16,16,16,16,12,56,56,40,38,38,23,26,26,26,33,33,33,33,28,28,54,11,68,68,68,87,87,87,87,54,54,54,54,54,54,54,54,80,80],"items_purged":["Strike_G","Writhe","Poisoned Stab"],"gold":150,"score":1099,"play_id":"33475e78-f797-4128-ba6d-27720cfdb244","local_time":"20180531051641","is_prod":false,"is_daily":false,"chose_seed":false,"is_ascension_mode":true,"campfire_upgraded":9,"win_rate":0,"timestamp":1527711401,"campfire_choices":[{"data":"Deadly Poison","floor":6,"key":"SMITH"},{"data":"Neutralize","floor":10,"key":"SMITH"},{"data":"Backflip","floor":12,"key":"SMITH"},{"data":"Bouncing Flask","floor":15,"key":"SMITH"},{"data":"Noxious Fumes","floor":24,"key":"SMITH"},{"data":"Deadly Poison","floor":27,"key":"SMITH"},{"floor":32,"key":"REST"},{"data":"After Image","floor":40,"key":"SMITH"},{"data":"After Image","floor":45,"key":"SMITH"},{"data":"Well Laid Plans","floor":47,"key":"SMITH"},{"floor":49,"key":"REST"}],"path_taken":["M","?","?","?","?","R","M","E","T","R","M","R","M","$","R","BOSS","M","?","M","M","?","E","R","$","T","R","$","?","E","?","R","BOSS","M","$","?","?","$","R","E","M","T","M","R","M","R","E","R","BOSS"],"build_version":"2018-05-24","seed_source_timestamp":626367249470320,"purchased_purges":3,"victory":true,"master_deck":["Survivor","Neutralize+1","Deadly Poison+1","Backflip+1","Bouncing Flask+1","After Image+1","Dagger Spray","Cloak And Dagger","Noxious Fumes+1","Deadly Poison+1","Acrobatics","Backflip+1","Well Laid Plans+1","After Image+1","Deadly Poison+1","Backflip+1"],"max_hp_per_floor":[70,70,70,70,70,70,70,70,70,70,70,70,70,70,70,70,70,70,70,70,70,70,80,80,80,87,87,87,87,87,87,87,87,87,87,87,87,87,87,87,87,87,87,87,87,87,87,87,87,87],"relics":["Ring of the Snake","The Specimen","Dead Branch","Mummified Hand","Old Coin","Snake Skull","Pandora\u0027s Box","Nilry\u0027s Codex","Pear","Gambling Chip","Strawberry","Bag of Marbles","Orichalcum","Ice Cream","Sozu","Smiling Mask","Sundial","Bottled Lightning","Oddly Smooth Stone"],"card_choices":[{"not_picked":["Sucker Punch","Flying Knee"],"picked":"Deadly Poison","floor":1},{"not_picked":["Dash","Setup"],"picked":"Backflip","floor":2},{"not_picked":["Deflect","Underhanded Strike","Quick Slash"],"picked":"SKIP","floor":7},{"not_picked":["Wraith Form v2","Acrobatics","Sucker Punch"],"picked":"SKIP","floor":8},{"not_picked":["Prepared","Poisoned Stab","Endless Agony"],"picked":"SKIP","floor":11},{"not_picked":["Acrobatics","Terror","Cloak And Dagger"],"picked":"SKIP","floor":13},{"not_picked":["Doppelganger","Tactician"],"picked":"After Image","floor":16},{"not_picked":["Underhanded Strike","Sucker Punch"],"picked":"Backflip+1","floor":18},{"not_picked":["Acrobatics+1","Setup","Backstab+1"],"picked":"SKIP","floor":20},{"not_picked":["PiercingWail","Dodge and Roll","Cloak And Dagger"],"picked":"SKIP","floor":21},{"not_picked":["PiercingWail","Acrobatics"],"picked":"Well Laid Plans","floor":22},{"not_picked":["PiercingWail","Skewer","Malaise"],"picked":"SKIP","floor":23},{"not_picked":["Dash","Acrobatics","Predator"],"picked":"SKIP","floor":30},{"not_picked":["Burst","Corpse Explosion"],"picked":"After Image","floor":33},{"not_picked":["Cloak And Dagger+1","All Out Attack"],"picked":"Deadly Poison+1","floor":35},{"not_picked":["Flying Knee+1","Underhanded Strike","Deadly Poison+1"],"picked":"SKIP","floor":41},{"not_picked":["Bane+1","Calculated Gamble","Poisoned Stab+1"],"picked":"SKIP","floor":42},{"not_picked":["Finisher","Heel Hook","Poisoned Stab"],"picked":"SKIP","floor":44},{"not_picked":["Leg Sweep","Sucker Punch+1","Dagger Throw"],"picked":"SKIP","floor":46},{"not_picked":["Calculated Gamble","Dagger Spray"],"picked":"Backflip+1","floor":48}],"player_experience":707110,"potions_floor_usage":[8,16,20,23,33,33,50,50],"damage_taken":[{"damage":0,"enemies":"Cultist","floor":1,"turns":5},{"damage":5,"enemies":"Jaw Worm","floor":2,"turns":5},{"damage":0,"enemies":"2 Louse","floor":7,"turns":2},{"damage":8,"enemies":"Lagavulin","floor":8,"turns":6},{"damage":15,"enemies":"Large Slime","floor":11,"turns":7},{"damage":0,"enemies":"2 Fungi Beasts","floor":13,"turns":4},{"damage":4,"enemies":"The Guardian","floor":16,"turns":8},{"damage":0,"enemies":"Spheric Guardian","floor":18,"turns":2},{"damage":2,"enemies":"2 Thieves","floor":20,"turns":3},{"damage":0,"enemies":"Centurion and Healer","floor":21,"turns":5},{"damage":15,"enemies":"Snake Plant","floor":22,"turns":3},{"damage":7,"enemies":"Gremlin Leader","floor":23,"turns":5},{"damage":5,"enemies":"Book of Stabbing","floor":30,"turns":4},{"damage":43,"enemies":"Champ","floor":33,"turns":9},{"damage":0,"enemies":"3 Darklings","floor":35,"turns":4},{"damage":33,"enemies":"2 Orb Walkers","floor":41,"turns":4},{"damage":0,"enemies":"Orb Walker","floor":42,"turns":3},{"damage":0,"enemies":"Sphere and 2 Shapes","floor":44,"turns":3},{"damage":0,"enemies":"3 Darklings","floor":46,"turns":3},{"damage":0,"enemies":"Nemesis","floor":48,"turns":5},{"damage":10,"enemies":"Donu and Deca","floor":50,"turns":6}],"relics_obtained":[{"floor":8,"key":"Mummified Hand"},{"floor":9,"key":"Old Coin"},{"floor":19,"key":"Nilry\u0027s Codex"},{"floor":23,"key":"Pear"},{"floor":26,"key":"Strawberry"},{"floor":29,"key":"Bag of Marbles"},{"floor":30,"key":"Orichalcum"},{"floor":38,"key":"Smiling Mask"},{"floor":41,"key":"Sundial"},{"floor":43,"key":"Bottled Lightning"},{"floor":48,"key":"Oddly Smooth Stone"}],"event_choices":[{"event_name":"Living Wall","player_choice":"Forget","floor":3,"damage_taken":0},{"event_name":"Golden Wing","player_choice":"Card Removal","floor":4,"damage_taken":0},{"event_name":"Scrap Ooze","player_choice":"success","floor":5,"damage_taken":12},{"event_name":"Cursed Tome","player_choice":"Obtained Book","floor":19,"damage_taken":0},{"event_name":"The Mausoleum","player_choice":"Yes","floor":31,"damage_taken":0},{"event_name":"Bonfire Elementals","player_choice":"UNCOMMON","floor":37,"damage_taken":0}],"boss_relics":[{"not_picked":["Calling Bell","Cursed Key"],"picked":"Pandora\u0027s Box"},{"not_picked":["Lizard Tail","White Beast Statue"],"picked":"Sozu"}],"items_purged_floors":[14,36,39],"potions_floor_spawned":[7,13,16,18,20,23,30,33,35,44,48],"seed_played":"-8851750371150042002","ascension_level":9,"potions_obtained":[{"floor":7,"key":"Block Potion"},{"floor":13,"key":"GhostInAJar"},{"floor":16,"key":"Energy Potion"},{"floor":18,"key":"Explosive Potion"},{"floor":20,"key":"Explosive Potion"},{"floor":23,"key":"SpeedPotion"},{"floor":30,"key":"PowerPotion"},{"floor":33,"key":"Regen Potion"}],"is_trial":false}