{"path_per_floor":["M","M","M","$","M","R","E","R","T","M","M","?","T","$","R","B",null,"M","?","T","M","$","R","E","M","T","E","R","$","R","M","R","B",null,"M","?","$","M","$"],"character_chosen":"IRONCLAD","items_purchased":["Uppercut","Pummel","Reaper"],"gold_per_floor":[110,123,140,72,82,82,107,107,158,172,183,283,283,136,136,235,235,254,179,231,251,78,78,107,124,124,150,150,25,25,36,36,132,132,146,146,146,160,10],"floor_reached":40,"campfire_rested":1,"playtime":1559,"current_hp_per_floor":[76,71,73,73,61,61,42,42,42,41,43,43,43,43,67,66,77,60,60,60,54,54,54,65,64,64,64,64,64,64,77,77,78,82,81,81,81,81,81],"items_purged":["Defend_R","Decay","Regret","Defend_R"],"gold":10,"play_id":"f2b0be54-8828-42dd-8c74-90fb3ebc5f22","is_prod":false,"is_daily":false,"is_ascension_mode":true,"campfire_upgraded":6,"path_taken":["M","M","M","$","M","R","E","R","T","M","M","?","?","$","R","BOSS","M","?","?","M","$","R","E","M","T","E","R","?","R","?","R","BOSS","M","?","$","M","$","E"],"build_version":"2018-02-01-PROD3","purchased_purges":4,"victory":false,"master_deck":["Strike_R","Strike_R","Strike_R","Strike_R","Strike_R","Bash","Rampage+1","Spot Weakness+1","Uppercut+1","Heavy Blade+1","Pummel+1","Warcry+1","Reaper+1","Battle Trance","Offering","Cleave"],"max_hp_per_floor":[80,80,80,80,80,80,80,80,80,80,80,80,80,80,80,80,80,80,80,80,80,80,80,80,80,80,80,80,80,80,83,83,83,83,83,83,83,83,83],"relics":["Burning Blood","Ancient Tea Set","Prayer Wheel","Bag of Marbles","Cursed Key","Blood Vial","Charon\u0027s Ashes","Dead Branch","Calipers","Mark of Pain"],"card_choices":[{"not_picked":["Sword Boomerang","Flex"],"picked":"Rampage"},{"not_picked":["Cleave","Barricade"],"picked":"Spot Weakness"},{"not_picked":["Bloodletting","Inflame"],"picked":"Cleave"},{"not_picked":["Flex","Disarm"],"picked":"Heavy Blade"},{"not_picked":["Combust","Burning Pact"],"picked":"Warcry"},{"not_picked":["Ghostly Armor","Flex"],"picked":"Battle Trance"},{"not_picked":["Dark Embrace","Feed"],"picked":"Offering"},{"not_picked":["Perfected Strike","Armaments"],"picked":"Cleave"}],"player_experience":233776,"potions_floor_usage":[5,24,27,33,40],"damage_taken":[{"damage":2,"enemies":"2 Louse","floor":1,"turns":3},{"damage":11,"enemies":"Blue Slaver","floor":2,"turns":3},{"damage":4,"enemies":"Small Slimes","floor":3,"turns":4},{"damage":18,"enemies":"Exordium Thugs","floor":5,"turns":3},{"damage":25,"enemies":"Gremlin Nob","floor":7,"turns":4},{"damage":7,"enemies":"Looter","floor":10,"turns":3},{"damage":4,"enemies":"2 Fungi Beasts","floor":11,"turns":2},{"damage":7,"enemies":"Slime Boss","floor":16,"turns":6},{"damage":23,"enemies":"Spheric Guardian","floor":18,"turns":4},{"damage":14,"enemies":"Chosen","floor":21,"turns":3},{"damage":21,"enemies":"Gremlin Leader","floor":24,"turns":3},{"damage":22,"enemies":"3 Cultists","floor":25,"turns":4},{"damage":26,"enemies":"Slavers","floor":27,"turns":3},{"damage":10,"enemies":"Centurion and Healer","floor":31,"turns":3},{"damage":21,"enemies":"Champ","floor":33,"turns":7},{"damage":8,"enemies":"3 Darklings","floor":35,"turns":3},{"damage":8,"enemies":"Orb Walker","floor":38,"turns":1},{"damage":113,"enemies":"Giant Head","floor":40,"turns":7}],"event_choices":[{"event_name":"Golden Shrine","player_choice":"Pray","floor":12,"damage_taken":0},{"event_name":"Beggar","player_choice":"Gave Gold","floor":19,"damage_taken":0}],"boss_relics":[{"not_picked":["Velvet Choker","Runic Dome"],"picked":"Cursed Key"},{"not_picked":["Orrery","Pandora\u0027s Box"],"picked":"Mark of Pain"}],"potions_floor_spawned":[2,11,16,18,24,27,33,38],"seed_played":"1608449257153350569","killed_by":"Giant Head","ascension_level":7,"is_trial":false}