{"path_per_floor":["M","M","?","$","?","R","$","M","T","M","R","M","M","M","R","B",null,"M","$","?","M","M","R","$","M","T","M","?","R","?","M","R"],"character_chosen":"THE_SILENT","items_purchased":["Infinite Blades","Escape Plan","Footwork","Leg Sweep","Deflect","Footwork"],"gold_per_floor":[115,131,131,17,17,17,17,29,53,69,69,85,104,114,114,219,219,233,46,46,57,67,67,27,39,107,119,119,119,119,129,129],"floor_reached":33,"campfire_rested":4,"playtime":2411,"current_hp_per_floor":[68,68,68,68,68,68,68,68,68,68,68,50,42,42,63,12,70,56,56,56,56,37,58,58,47,47,13,13,34,34,19,40],"items_purged":[],"gold":129,"play_id":"5c6db64a-8813-4128-be96-55eaa6e1198c","is_prod":false,"is_daily":false,"is_ascension_mode":false,"campfire_upgraded":2,"path_taken":["M","M","?","?","?","R","$","M","T","M","R","?","M","M","R","BOSS","M","$","?","M","M","R","?","M","T","M","?","R","?","M","R","BOSS"],"build_version":"2018-02-01-PROD3","purchased_purges":0,"victory":false,"master_deck":["Defend_G","Defend_G","Defend_G","Defend_G","Defend_G","Strike_G","Strike_G","Strike_G","Strike_G","Strike_G","Survivor","Neutralize","Endless Agony","Prepared","Infinite Blades+1","Escape Plan","Backstab+1","Quick Slash","Dash","Blade Dance","Dagger Throw","Wraith Form","Sucker Punch","Dagger Throw","Distraction","Envenom","Infinite Blades","Outmaneuver","Footwork","Leg Sweep","Deflect","Dagger Throw","Noxious Fumes","Footwork","Backflip","Prepared+1","Backstab+1","Writhe","Acrobatics"],"max_hp_per_floor":[70,70,70,70,70,70,70,70,70,70,70,70,70,70,70,70,70,70,70,70,70,70,70,70,70,70,70,70,70,70,70,70],"relics":["Ring of the Snake","Happy Flower","Bag of Marbles","Orrery","Tough Bandages","Tingsha"],"card_choices":[{"not_picked":["Crippling Poison","Outmaneuver"],"picked":"Endless Agony"},{"not_picked":["Sucker Punch","Dagger Throw"],"picked":"Prepared"},{"not_picked":["Backflip","Deflect"],"picked":"Backstab"},{"not_picked":["Skewer","PiercingWail"],"picked":"Quick Slash"},{"not_picked":["Eviscerate","Slice"],"picked":"Dash"},{"not_picked":["Deflect","Deadly Poison"],"picked":"Blade Dance"},{"not_picked":["Footwork","Bouncing Flask"],"picked":"Dagger Throw"},{"not_picked":["Bullet Time","Corpse Explosion"],"picked":"Wraith Form"},{"not_picked":["Bane","Deadly Poison"],"picked":"Sucker Punch"},{"not_picked":["Riddle With Holes","Flechettes"],"picked":"Dagger Throw"},{"not_picked":["Prepared","Catalyst"],"picked":"Distraction"},{"not_picked":["Reflex","Slice"],"picked":"Envenom"},{"not_picked":["Dagger Spray","Blade Dance"],"picked":"Infinite Blades"},{"not_picked":["Malaise","Endless Agony"],"picked":"Outmaneuver"},{"not_picked":["Dagger Spray","Eviscerate"],"picked":"Dagger Throw"},{"not_picked":["Dash","Quick Slash"],"picked":"Noxious Fumes"},{"not_picked":["Catalyst","Terror"],"picked":"Backflip"},{"not_picked":["Dagger Throw","Acrobatics"],"picked":"Prepared"},{"not_picked":["Heel Hook","Flechettes"],"picked":"Acrobatics"}],"player_experience":43215,"potions_floor_usage":[33],"damage_taken":[{"damage":2.0,"enemies":"Cultist","floor":1.0,"turns":4.0},{"damage":0.0,"enemies":"Jaw Worm","floor":2.0,"turns":4.0},{"damage":0.0,"enemies":"2 Louse","floor":8.0,"turns":3.0},{"damage":0.0,"enemies":"Large Slime","floor":10.0,"turns":4.0},{"damage":18.0,"enemies":"Gremlin Gang","floor":12.0,"turns":3.0},{"damage":8.0,"enemies":"Exordium Thugs","floor":13.0,"turns":5.0},{"damage":0.0,"enemies":"2 Fungi Beasts","floor":14.0,"turns":2.0},{"damage":51.0,"enemies":"Hexaghost","floor":16.0,"turns":10.0},{"damage":14.0,"enemies":"Chosen","floor":18.0,"turns":5.0},{"damage":0.0,"enemies":"Shell Parasite","floor":21.0,"turns":5.0},{"damage":19.0,"enemies":"Cultist and Chosen","floor":22.0,"turns":7.0},{"damage":11.0,"enemies":"Centurion and Healer","floor":25.0,"turns":7.0},{"damage":34.0,"enemies":"Snecko","floor":27.0,"turns":7.0},{"damage":15,"enemies":"Cultist and Chosen","floor":31,"turns":5},{"damage":62,"enemies":"Champ","floor":33,"turns":13}],"event_choices":[{"event_name":"Big Fish","player_choice":"Box","floor":3.0,"damage_taken":0.0},{"event_name":"Living Wall","player_choice":"Forget","floor":5.0,"damage_taken":0.0},{"event_name":"Addict","player_choice":"Ignored","floor":20.0,"damage_taken":0.0},{"event_name":"Duplicator","player_choice":"One dupe","floor":28.0,"damage_taken":0.0},{"event_name":"The Mausoleum","player_choice":"Yes","floor":30,"damage_taken":0}],"boss_relics":[],"potions_floor_spawned":[1,12,16,18,27],"seed_played":"-7814159820217079441","killed_by":"Champ","ascension_level":0,"is_trial":false}