{"path_per_floor":["M","?","?","$","M","R","E","R","T","M","M","R","M","?","R","B",null,"M","M","$","M","?","R"],"character_chosen":"IRONCLAD","items_purchased":["Evolve","Bag of Preparation"],"gold_per_floor":[116,116,116,43,58,58,89,89,89,104,116,116,130,130,130,227,257,276,293,72,92,92,92],"floor_reached":24,"campfire_rested":0,"playtime":778,"current_hp_per_floor":[63,56,77,77,77,77,37,37,37,31,27,27,21,77,77,21,68,68,62,62,57,57,57],"items_purged":["Strike_R"],"gold":92,"score":304,"play_id":"fc560a4e-739d-48a6-bd58-0c5e2ff27d20","local_time":"20180321020113","is_prod":false,"is_daily":false,"is_ascension_mode":true,"campfire_upgraded":3,"timestamp":1521615673,"path_taken":["M","?","?","$","M","R","E","R","T","M","M","R","M","?","R","BOSS","M","M","$","M","?","R","E"],"build_version":"2018-03-15v3","purchased_purges":2,"victory":false,"master_deck":["Strike_R","Strike_R","Strike_R","Strike_R","Defend_R","Defend_R+1","Defend_R","Defend_R","Bash","Evolve+1","Pommel Strike","Whirlwind+1","Shrug It Off","Limit Break+1"],"max_hp_per_floor":[80,77,77,77,77,77,77,77,77,77,77,77,77,77,77,77,82,82,82,82,82,82,82],"relics":["Burning Blood","Juzu Bracelet","Bag of Marbles","Girya","Tiny House","Bag of Preparation"],"card_choices":[{"not_picked":["Clash","Clothesline"],"picked":"Pommel Strike"},{"not_picked":["Pommel Strike","Wild Strike"],"picked":"Whirlwind"},{"not_picked":["Havoc","Carnage"],"picked":"Shrug It Off"},{"not_picked":["Brutality","Reaper"],"picked":"Limit Break"}],"player_experience":330200,"potions_floor_usage":[13,19,21,24],"damage_taken":[{"damage":15,"enemies":"Small Slimes","floor":1,"turns":3},{"damage":1,"enemies":"2 Louse","floor":5,"turns":3},{"damage":46,"enemies":"3 Sentries","floor":7,"turns":12},{"damage":12,"enemies":"Jaw Worm","floor":10,"turns":2},{"damage":10,"enemies":"3 Louse","floor":11,"turns":3},{"damage":12,"enemies":"Large Slime","floor":13,"turns":4},{"damage":62,"enemies":"Slime Boss","floor":16,"turns":7},{"damage":6,"enemies":"3 Byrds","floor":18,"turns":6},{"damage":12,"enemies":"Chosen","floor":19,"turns":4},{"damage":11,"enemies":"Sentry and Sphere","floor":21,"turns":3},{"damage":70,"enemies":"Gremlin Leader","floor":24,"turns":5}],"event_choices":[{"event_name":"Golden Wing","player_choice":"Card Removal","floor":2,"damage_taken":0},{"event_name":"Big Fish","player_choice":"Banana","floor":3,"damage_taken":0},{"event_name":"Wheel of Change","player_choice":"Full Heal","floor":14,"damage_taken":0},{"event_name":"Transmorgrifier","player_choice":"Skipped","floor":22,"damage_taken":0}],"boss_relics":[{"not_picked":["Orrery","White Beast Statue"],"picked":"Tiny House"}],"potions_floor_spawned":[5,7,11,18,21],"seed_played":"-7958407773557113419","killed_by":"Gremlin Leader","ascension_level":11,"is_trial":false}