{"gold_per_floor":[113,188,205,15,15,15,27,40,114,130,177,195,195,212,212,307,307,323,323,193,211,126,126,155,175,175,175,192,192,208,228,228,325,325,341,1340,1340,707,727,727,727,727,727,496,496,102,116,147,147,147],"floor_reached":51,"playtime":3726,"items_purged":["Normality","Normality"],"score":748,"play_id":"1881fc23-c552-441e-9390-188106599af5","local_time":"20181016013816","is_ascension_mode":true,"campfire_choices":[{"data":"Dodge and Roll","floor":6.0,"key":"SMITH"},{"floor":13.0,"key":"REST"},{"data":"Poisoned Stab","floor":15.0,"key":"SMITH"},{"data":"Noxious Fumes","floor":23.0,"key":"SMITH"},{"data":"Leg Sweep","floor":27,"key":"SMITH"},{"data":"Dodge and Roll","floor":29,"key":"SMITH"},{"floor":32,"key":"REST"},{"data":"Footwork","floor":40,"key":"SMITH"},{"data":"Envenom","floor":42,"key":"SMITH"},{"floor":49,"key":"REST"}],"neow_cost":"NONE","seed_source_timestamp":509157240563835,"circlet_count":0,"master_deck":["Survivor","Neutralize","Cloak And Dagger","Dodge and Roll+1","Leg Sweep+1","Acrobatics","Backflip","Dodge and Roll","Corpse Explosion+1","Dodge and Roll+1","Noxious Fumes+1","Poisoned Stab","Backstab+1","Leg Sweep+1","Backstab","Parasite","Footwork","Envenom+1","Deadly Poison","Endless Agony","Escape Plan","Quick Slash","Underhanded Strike","Sucker Punch","Dash","Dodge and Roll","Skewer","Escape Plan","PiercingWail+1","Corpse Explosion","Footwork+1","Dash","Madness","Madness","Clumsy","Blur","Dagger Spray","Bullet Time","Calculated Gamble+1"],"special_seed":0,"relics":["Ring of the Snake","Snake Skull","Darkstone Periapt","Ancient Tea Set","Cursed Key","War Paint","Red Mask","Pen Nib","Pandora\u0027s Box","TwistedFunnel","Mercury Hourglass","Question Card","Mummified Hand","Paper Crane"],"potions_floor_usage":[28,31,33,33,50],"damage_taken":[{"damage":0.0,"enemies":"2 Louse","floor":1.0,"turns":4.0},{"damage":0.0,"enemies":"Small Slimes","floor":3.0,"turns":5.0},{"damage":0.0,"enemies":"Cultist","floor":7.0,"turns":4.0},{"damage":16.0,"enemies":"Exordium Thugs","floor":8.0,"turns":7.0},{"damage":0.0,"enemies":"Blue Slaver","floor":10.0,"turns":6.0},{"damage":2.0,"enemies":"Large Slime","floor":12.0,"turns":10.0},{"damage":1.0,"enemies":"Exordium Thugs","floor":14.0,"turns":8.0},{"damage":27.0,"enemies":"Hexaghost","floor":16.0,"turns":15.0},{"damage":15.0,"enemies":"Chosen","floor":18.0,"turns":6.0},{"damage":0.0,"enemies":"Shell Parasite","floor":21.0,"turns":4.0},{"damage":21,"enemies":"Masked Bandits","floor":24,"turns":6},{"damage":5,"enemies":"Snake Plant","floor":25,"turns":4},{"damage":1,"enemies":"3 Cultists","floor":28,"turns":3},{"damage":11,"enemies":"Cultist and Chosen","floor":30,"turns":7},{"damage":9,"enemies":"Snake Plant","floor":31,"turns":3},{"damage":4,"enemies":"Automaton","floor":33,"turns":8},{"damage":1,"enemies":"Orb Walker","floor":35,"turns":4},{"damage":0,"enemies":"3 Shapes","floor":39,"turns":4},{"damage":1,"enemies":"Spire Growth","floor":47,"turns":6},{"damage":19,"enemies":"Giant Head","floor":48,"turns":10},{"damage":26,"enemies":"Awakened One","floor":50,"turns":14}],"seed_played":"-2441670487350434365","potions_obtained":[{"floor":3.0,"key":"Weak Potion"},{"floor":7.0,"key":"Strength Potion"},{"floor":12.0,"key":"PowerPotion"},{"floor":16.0,"key":"SneckoOil"},{"floor":25,"key":"PowerPotion"},{"floor":28,"key":"SteroidPotion"},{"floor":39,"key":"Dexterity Potion"}],"is_trial":false,"path_per_floor":["M","?","M","$","?","R","M","M","T","M","T","M","R","M","R","B",null,"M","?","$","M","?","R","?","M","T","R","M","R","M","M","R","B",null,"M","?","?","$","M","R","?","R","T","$","?","$","M","E","R","B"],"character_chosen":"THE_SILENT","items_purchased":["Snake Skull","Leg Sweep","Noxious Fumes","Poisoned Stab","TwistedFunnel","Footwork","Dash","Mercury Hourglass","Blur","Dagger Spray","Mummified Hand","Bullet Time"],"campfire_rested":3,"item_purchase_floors":[4,4,20,20,38,38,38,38,44,44,46,46],"current_hp_per_floor":[70,59,59,59,59,59,59,43,43,43,43,41,62,61,61,34,70,55,55,55,55,55,55,34,29,35,35,34,34,23,14,36,32,76,75,87,87,87,87,87,76,76,82,82,82,82,81,62,90,64],"gold":147,"neow_bonus":"ONE_RANDOM_RARE_CARD","is_prod":false,"is_daily":false,"chose_seed":false,"campfire_upgraded":7,"win_rate":0,"timestamp":1539668296,"path_taken":["M","?","M","$","?","R","M","M","T","M","?","?","R","M","R","BOSS","M","?","$","M","?","R","?","M","T","R","M","R","?","M","R","BOSS","M","?","?","$","M","R","?","R","T","$","?","$","?","E","R","BOSS"],"build_version":"2018-10-11","purchased_purges":2,"victory":true,"max_hp_per_floor":[70,70,70,70,70,70,70,70,70,70,70,70,70,70,70,70,70,70,70,70,70,70,70,70,70,76,76,76,76,76,76,76,76,76,76,88,88,88,88,88,88,88,94,94,94,94,94,94,94,94],"card_choices":[{"not_picked":["Dagger Throw","Deadly Poison"],"picked":"Cloak And Dagger","floor":1.0},{"not_picked":["Expertise","Slice"],"picked":"Dodge and Roll","floor":3.0},{"not_picked":["Phantasmal Killer","Calculated Gamble"],"picked":"Acrobatics","floor":7.0},{"not_picked":["Deadly Poison","Dodge and Roll"],"picked":"Backflip","floor":8.0},{"not_picked":["Prepared","Deflect"],"picked":"Dodge and Roll","floor":10.0},{"not_picked":["Grand Finale","Reflex","Slice"],"picked":"SKIP","floor":12.0},{"not_picked":["Dagger Spray","Deadly Poison"],"picked":"Poisoned Stab","floor":14.0},{"not_picked":["Glass Knife","Grand Finale"],"picked":"Corpse Explosion","floor":16.0},{"not_picked":["Eviscerate","Leg Sweep+1"],"picked":"Dodge and Roll","floor":18.0},{"not_picked":["Deflect+1","Eviscerate"],"picked":"Backstab+1","floor":21.0},{"not_picked":["Quick Slash","Sucker Punch"],"picked":"Leg Sweep","floor":24},{"not_picked":["Blur","Predator+1"],"picked":"Backstab","floor":25},{"not_picked":["Outmaneuver","Cloak And Dagger","Sucker Punch"],"picked":"SKIP","floor":28},{"not_picked":["Masterful Stab+1","Venomology"],"picked":"Footwork","floor":30},{"not_picked":["Reflex+1","Bane","Skewer"],"picked":"SKIP","floor":31},{"not_picked":["Tools of the Trade","Glass Knife"],"picked":"Envenom","floor":33},{"not_picked":["Finisher","Slice+1"],"picked":"PiercingWail+1","floor":35},{"not_picked":["Riddle With Holes","Outmaneuver","PiercingWail+1"],"picked":"SKIP","floor":39},{"not_picked":["Cloak And Dagger+1","Flying Knee+1","Dagger Spray"],"picked":"Calculated Gamble+1","floor":47},{"not_picked":["Flying Knee+1","Bane+1","Skewer","All Out Attack"],"picked":"SKIP","floor":48}],"player_experience":620099,"relics_obtained":[{"floor":9.0,"key":"Darkstone Periapt"},{"floor":11.0,"key":"Ancient Tea Set"},{"floor":24,"key":"Red Mask"},{"floor":26,"key":"Pen Nib"},{"floor":43,"key":"Question Card"},{"floor":48,"key":"Paper Crane"}],"event_choices":[{"event_name":"World of Goop","player_choice":"Gather Gold","floor":2.0,"damage_taken":0.0},{"event_name":"Upgrade Shrine","player_choice":"Upgraded","floor":5.0,"damage_taken":0.0},{"event_name":"Ghosts","player_choice":"Ignored","floor":19.0,"damage_taken":0.0},{"event_name":"Addict","player_choice":"Obtained Relic","floor":22.0,"damage_taken":0.0},{"event_name":"Masked Bandits","player_choice":"Fought Bandits","floor":24,"damage_taken":0},{"event_name":"MindBloom","player_choice":"Gold","floor":36,"damage_taken":0},{"event_name":"Transmorgrifier","player_choice":"Transform","floor":37,"damage_taken":0},{"event_name":"Winding Halls","player_choice":"Embrace Madness","floor":41,"damage_taken":0},{"event_name":"Falling","player_choice":"Removed Attack","floor":45,"damage_taken":0}],"is_beta":false,"boss_relics":[{"not_picked":["WristBlade","Philosopher\u0027s Stone"],"picked":"Cursed Key"},{"not_picked":["Busted Crown","Calling Bell"],"picked":"Pandora\u0027s Box"}],"items_purged_floors":[38,44],"is_endless":false,"potions_floor_spawned":[3,7,12,14,16,24,25,28,30,39],"ascension_level":1}