{"path_per_floor":["M","M","?","M","$","E","R","M","T","E","R","E","$","M","R","B",null,"M","?","$","M","?","R","$","E","T","M","E","?","R","E","R","B",null,"M","?","M","M","$","E","T","E","T","M","R","$","M","$","R","B"],"character_chosen":"IRONCLAD","items_purchased":["Spot Weakness","Rupture","Block Potion","True Grit","Offering","Flash of Steel","Flash of Steel"],"gold_per_floor":[112,124,124,143,68,97,97,111,111,137,137,167,31,47,47,151,151,164,164,40,58,58,58,34,65,91,107,164,164,164,189,189,289,289,308,356,370,385,2,34,34,61,106,121,121,15,32,32,32,32],"floor_reached":51,"campfire_rested":1,"playtime":4963,"current_hp_per_floor":[59,69,74,78,78,49,49,41,55,44,44,32,32,53,53,48,86,69,54,54,54,54,54,54,91,91,66,52,36,69,50,50,42,95,84,31,73,118,118,103,103,92,92,83,83,83,126,126,126,92],"items_purged":["Defend_R","Strike_R","Strike_R"],"gold":32,"play_id":"ae3eadac-ada8-4942-acef-7734d38528b3","is_prod":false,"is_daily":false,"is_ascension_mode":true,"campfire_upgraded":7,"path_taken":["M","?","?","?","$","E","R","M","T","E","R","E","$","M","R","BOSS","M","?","$","M","?","R","$","E","T","?","E","?","R","E","R","BOSS","M","?","M","M","$","E","?","E","T","M","R","?","M","$","R","BOSS"],"build_version":"2018-01-25-PROD3","purchased_purges":4,"victory":true,"master_deck":["Strike_R","Strike_R","Strike_R","Defend_R","Defend_R","Defend_R","Bash+1","Reaper","Shrug It Off+1","Combust","Blood for Blood","Havoc+1","Spot Weakness","Flame Barrier+1","Demon Form+1","Headbutt+1","Rupture","Entrench+1","True Grit+1","Necronomicurse","Limit Break+1","Whirlwind+1","Offering+1","Flash of Steel","Havoc+1","Flash of Steel"],"max_hp_per_floor":[80,80,85,85,85,85,85,85,99,99,99,99,99,99,99,99,99,99,104,104,104,104,104,104,106,106,108,110,110,110,112,112,112,112,114,116,116,118,118,120,120,122,122,124,124,124,126,126,126,126],"relics":["Burning Blood","Lantern","Mercury Hourglass","Mango","Meat on the Bone","Singing Bowl","Philosopher\u0027s Stone","Champion Belt","Happy Flower","Tiny Chest","Necronomicon","Darkstone Periapt","Mark of Pain","Magic Flower","Gremlin Horn","Prayer Wheel","Frozen Egg","Molten Egg"],"card_choices":[{"not_picked":["Body Slam","Dual Wield"],"picked":"Reaper"},{"not_picked":["Thunderclap","Sever Soul"],"picked":"Shrug It Off"},{"not_picked":["Whirlwind","Clothesline"],"picked":"Combust"},{"not_picked":["Iron Wave","Immolate"],"picked":"Blood for Blood"},{"not_picked":["Thunderclap","Twin Strike"],"picked":"Havoc"},{"not_picked":["Clash","Body Slam"],"picked":"Flame Barrier"},{"not_picked":["Double Tap","Feed"],"picked":"Demon Form"},{"not_picked":["Seeing Red","Anger"],"picked":"Headbutt"},{"not_picked":["Clothesline","Battle Trance"],"picked":"Entrench"},{"not_picked":["Impervious","Berserk"],"picked":"Limit Break"},{"not_picked":["Blood for Blood","Headbutt"],"picked":"Whirlwind"},{"not_picked":["Berserk","Carnage"],"picked":"Havoc"}],"player_experience":483061,"potions_floor_usage":[6,6,10,16,25,28,38,42,50,50],"damage_taken":[{"damage":19,"enemies":"Blue Slaver","floor":1,"turns":6},{"damage":0,"enemies":"2 Louse","floor":2,"turns":3},{"damage":6,"enemies":"Small Slimes","floor":4,"turns":6},{"damage":35,"enemies":"Lagavulin","floor":6,"turns":5},{"damage":22,"enemies":"Exordium Thugs","floor":8,"turns":5},{"damage":17,"enemies":"Gremlin Nob","floor":10,"turns":3},{"damage":30,"enemies":"Lagavulin","floor":12,"turns":6},{"damage":1,"enemies":"Lots of Slimes","floor":14,"turns":2},{"damage":27,"enemies":"The Guardian","floor":16,"turns":8},{"damage":48,"enemies":"2 Thieves","floor":18,"turns":4},{"damage":31,"enemies":"3 Byrds","floor":21,"turns":3},{"damage":31,"enemies":"Gremlin Leader","floor":25,"turns":7},{"damage":41,"enemies":"Snecko","floor":27,"turns":5},{"damage":43,"enemies":"Book of Stabbing","floor":28,"turns":6},{"damage":63,"enemies":"Slavers","floor":31,"turns":5},{"damage":72,"enemies":"Collector","floor":33,"turns":8},{"damage":58,"enemies":"3 Darklings","floor":35,"turns":5},{"damage":101,"enemies":"Mysterious Sphere","floor":36,"turns":6},{"damage":15,"enemies":"3 Shapes","floor":37,"turns":8},{"damage":14,"enemies":"3 Darklings","floor":38,"turns":2},{"damage":26,"enemies":"Giant Head","floor":40,"turns":6},{"damage":22,"enemies":"2 Orb Walkers","floor":42,"turns":2},{"damage":20,"enemies":"Sphere and 2 Shapes","floor":44,"turns":4},{"damage":16,"enemies":"Maw","floor":47,"turns":6},{"damage":43,"enemies":"Time Eater","floor":50,"turns":4}],"event_choices":[{"event_name":"Big Fish","player_choice":"Donut","floor":3,"damage_taken":0},{"event_name":"Forgotten Altar","player_choice":"Shed Blood","floor":19,"damage_taken":0},{"event_name":"Drug Dealer","player_choice":"Ignored","floor":22,"damage_taken":0},{"event_name":"Cursed Tome","player_choice":"Obtained Book","floor":29,"damage_taken":0},{"event_name":"Mysterious Sphere","player_choice":"Fight","floor":36,"damage_taken":0}],"boss_relics":[{"not_picked":["Pandora\u0027s Box","Tiny House"],"picked":"Philosopher\u0027s Stone"},{"not_picked":["Eternal Feather","White Beast Statue"],"picked":"Mark of Pain"}],"potions_floor_spawned":[1,4,8,12,18,25,33,36,37,42],"seed_played":"6158486032823729973","ascension_level":6,"is_trial":false}