{"gold_per_floor":[115,135,235,249,268,268,295,315,315,346,358,370,414,438,450,557,569,595,298,298,0,0,35,35,48,48,79,79,98,117,128,128,230,230,242,342,361,375,450,450,10,10,10,10,39,39,54,68,68,68],"floor_reached":51,"playtime":4483,"items_purged":["Strike_G"],"score":1116,"play_id":"d40a6c97-192b-4d5f-b48c-75264ce72940","local_time":"20181227140210","is_ascension_mode":true,"campfire_choices":[{"floor":6.0,"key":"REST"},{"floor":11.0,"key":"REST"},{"floor":15.0,"key":"REST"},{"floor":24.0,"key":"REST"},{"data":"A Thousand Cuts","floor":32.0,"key":"SMITH"},{"floor":40,"key":"REST"},{"data":"Footwork","floor":42,"key":"SMITH"},{"data":"Neutralize","floor":44,"key":"SMITH"},{"data":"Dash","floor":46,"key":"SMITH"},{"data":"Footwork","floor":49,"key":"SMITH"}],"neow_cost":"NONE","seed_source_timestamp":79032068655212,"circlet_count":0,"master_deck":["Defend_G","Defend_G","Defend_G","Defend_G","Defend_G","Strike_G","Strike_G","Strike_G","Strike_G+1","Survivor","Neutralize+1","Endless Agony","Escape Plan","Dodge and Roll","Slice+1","Deflect","Cloak And Dagger","Corpse Explosion","Finesse","Quick Slash","Footwork+1","Well Laid Plans","A Thousand Cuts+1","Infinite Blades+1","After Image+1","Dash+1","Predator","Infinite Blades","Adrenaline","Well Laid Plans","Tools of the Trade","Footwork","Footwork+1"],"special_seed":0,"relics":["Ring of the Snake","Blue Candle","MawBank","Regal Pillow","Sozu","Bronze Scales","MutagenicStrength","Oddly Smooth Stone","Whetstone","Paper Crane","Bottled Flame","Bird Faced Urn","Busted Crown","Gambling Chip","Anchor","Omamori","Smiling Mask","Thread and Needle"],"potions_floor_usage":[],"damage_taken":[{"damage":0.0,"enemies":"2 Louse","floor":1.0,"turns":2.0},{"damage":0.0,"enemies":"Cultist","floor":2.0,"turns":6.0},{"damage":7.0,"enemies":"Jaw Worm","floor":4.0,"turns":8.0},{"damage":20.0,"enemies":"Large Slime","floor":5.0,"turns":11.0},{"damage":31.0,"enemies":"Lagavulin","floor":7.0,"turns":6.0},{"damage":3.0,"enemies":"Red Slaver","floor":8.0,"turns":8.0},{"damage":0.0,"enemies":"Exordium Wildlife","floor":10.0,"turns":6.0},{"damage":11.0,"enemies":"3 Sentries","floor":13.0,"turns":9.0},{"damage":17.0,"enemies":"2 Fungi Beasts","floor":14.0,"turns":4.0},{"damage":15.0,"enemies":"The Guardian","floor":16.0,"turns":14.0},{"damage":18.0,"enemies":"Shell Parasite","floor":18.0,"turns":8.0},{"damage":17.0,"enemies":"Book of Stabbing","floor":23.0,"turns":6.0},{"damage":0.0,"enemies":"3 Byrds","floor":25.0,"turns":3.0},{"damage":0.0,"enemies":"Gremlin Leader","floor":27.0,"turns":6.0},{"damage":0.0,"enemies":"Cultist and Chosen","floor":29.0,"turns":6.0},{"damage":0.0,"enemies":"Sentry and Sphere","floor":30.0,"turns":6.0},{"damage":1.0,"enemies":"3 Cultists","floor":31.0,"turns":4.0},{"damage":42.0,"enemies":"Champ","floor":33.0,"turns":12.0},{"damage":0.0,"enemies":"3 Darklings","floor":35.0,"turns":3.0},{"damage":0.0,"enemies":"Mind Bloom Boss Battle","floor":36.0,"turns":6.0},{"damage":4.0,"enemies":"3 Shapes","floor":37.0,"turns":3.0},{"damage":51.0,"enemies":"3 Darklings","floor":38.0,"turns":3.0},{"damage":16,"enemies":"Giant Head","floor":45,"turns":10},{"damage":10,"enemies":"4 Shapes","floor":47,"turns":4},{"damage":0,"enemies":"Jaw Worm Horde","floor":48,"turns":3},{"damage":0,"enemies":"Time Eater","floor":50,"turns":14}],"seed_played":"-6932530821531179427","potions_obtained":[{"floor":4.0,"key":"Strength Potion"},{"floor":8.0,"key":"FearPotion"},{"floor":14.0,"key":"Poison Potion"},{"floor":16.0,"key":"Explosive Potion"}],"is_trial":false,"path_per_floor":["M","M","?","M","M","R","E","M","T","M","R","?","E","M","R","B",null,"M","$","?","$","?","E","R","M","T","E","?","M","M","M","R","B",null,"M","?","M","M","?","R","$","R","T","R","E","R","M","M","R","B",null],"character_chosen":"THE_SILENT","items_purchased":["Bronze Scales","After Image","Oddly Smooth Stone","Whetstone","Anchor","Omamori","Footwork"],"campfire_rested":5,"item_purchase_floors":[19,19,21,21,41,41,41],"current_hp_per_floor":[70,70,70,63,43,66,35,32,32,32,55,55,44,27,65,50,70,52,52,52,52,38,21,60,60,60,60,60,72,82,82,82,40,72,82,82,82,35,27,66,66,66,66,66,66,66,70,78,78,82],"gold":68,"neow_bonus":"TEN_PERCENT_HP_BONUS","is_prod":false,"is_daily":false,"chose_seed":false,"campfire_upgraded":5,"win_rate":0,"timestamp":1545912130,"path_taken":["M","M","?","M","?","R","E","M","T","M","R","?","E","M","R","BOSS","M","$","?","$","?","E","R","M","T","E","?","M","?","M","R","BOSS","M","?","M","M","?","R","$","R","T","R","E","R","M","?","R","BOSS"],"build_version":"2018-12-20","purchased_purges":1,"victory":true,"max_hp_per_floor":[77,77,77,77,77,77,77,77,77,77,77,77,77,77,77,77,77,77,77,77,77,82,82,82,82,82,82,82,82,82,82,82,82,82,82,82,82,82,82,82,82,82,82,82,82,82,82,82,82,82],"card_choices":[{"not_picked":["Backflip","Dagger Spray"],"picked":"Endless Agony","floor":1.0},{"not_picked":["Slice","Acrobatics"],"picked":"Escape Plan","floor":2.0},{"not_picked":["Dagger Spray","Acrobatics"],"picked":"Dodge and Roll","floor":4.0},{"not_picked":["Concentrate","Prepared"],"picked":"Slice","floor":5.0},{"not_picked":["Crippling Poison","Quick Slash"],"picked":"Deflect","floor":7.0},{"not_picked":["Concentrate","Acrobatics","Outmaneuver"],"picked":"SKIP","floor":8.0},{"not_picked":["Grand Finale","Blade Dance"],"picked":"Cloak And Dagger","floor":10.0},{"not_picked":["Prepared","Tactician"],"picked":"Footwork","floor":13.0},{"not_picked":["Sucker Punch","Eviscerate"],"picked":"Well Laid Plans","floor":14.0},{"not_picked":["Envenom","Die Die Die"],"picked":"A Thousand Cuts","floor":16.0},{"not_picked":["Quick Slash","Slice"],"picked":"Infinite Blades+1","floor":18.0},{"not_picked":["Flying Knee","Underhanded Strike"],"picked":"Dash","floor":23.0},{"not_picked":["Bane+1","Dagger Throw"],"picked":"Predator","floor":25.0},{"not_picked":["Sucker Punch+1","Predator"],"picked":"Infinite Blades","floor":27.0},{"not_picked":["Deadly Poison","Expertise","Cloak And Dagger"],"picked":"SKIP","floor":29.0},{"not_picked":["Deflect+1","All Out Attack"],"picked":"Adrenaline","floor":30.0},{"not_picked":["Underhanded Strike","Blade Dance"],"picked":"Well Laid Plans","floor":31.0},{"not_picked":["Bullet Time","Glass Knife"],"picked":"Tools of the Trade","floor":33.0},{"not_picked":["Dagger Throw+1"],"picked":"SKIP","floor":35.0},{"not_picked":["Prepared"],"picked":"SKIP","floor":37.0},{"not_picked":["Bane"],"picked":"SKIP","floor":38.0},{"not_picked":["All Out Attack"],"picked":"SKIP","floor":45},{"not_picked":[],"picked":"Footwork","floor":47},{"not_picked":["Sucker Punch"],"picked":"SKIP","floor":48}],"player_experience":217642,"relics_obtained":[{"floor":7.0,"key":"Blue Candle"},{"floor":9.0,"key":"MawBank"},{"floor":13.0,"key":"Regal Pillow"},{"floor":23.0,"key":"Paper Crane"},{"floor":26.0,"key":"Bottled Flame"},{"floor":27.0,"key":"Bird Faced Urn"},{"floor":36.0,"key":"Gambling Chip"},{"floor":43,"key":"Smiling Mask"},{"floor":45,"key":"Thread and Needle"}],"event_choices":[{"damage_healed":0.0,"max_hp_gain":0.0,"max_hp_loss":0.0,"gold_gain":100.0,"event_name":"Golden Shrine","player_choice":"Pray","floor":3.0,"gold_loss":0.0,"damage_taken":0.0},{"damage_healed":0.0,"max_hp_gain":0.0,"max_hp_loss":0.0,"gold_gain":0.0,"event_name":"Match and Keep!","player_choice":"3 cards matched","floor":12.0,"gold_loss":0.0,"damage_taken":0.0,"cards_obtained":["Corpse Explosion","Finesse","Quick Slash"]},{"damage_healed":0.0,"max_hp_gain":0.0,"max_hp_loss":0.0,"gold_gain":0.0,"event_name":"Drug Dealer","player_choice":"Inject Mutagens","floor":20.0,"gold_loss":0.0,"damage_taken":0.0,"relics_obtained":["MutagenicStrength"]},{"damage_healed":0.0,"max_hp_gain":5.0,"max_hp_loss":0.0,"gold_gain":0.0,"event_name":"Forgotten Altar","player_choice":"Shed Blood","floor":22.0,"gold_loss":0.0,"damage_taken":19.0},{"damage_healed":0.0,"max_hp_gain":0.0,"max_hp_loss":0.0,"gold_gain":0.0,"event_name":"Upgrade Shrine","player_choice":"Upgraded","floor":28.0,"gold_loss":0.0,"damage_taken":0.0,"cards_upgraded":["After Image"]},{"damage_healed":0.0,"max_hp_gain":0.0,"max_hp_loss":0.0,"gold_gain":0.0,"event_name":"MindBloom","player_choice":"Fight","floor":36.0,"gold_loss":0.0,"damage_taken":0.0},{"damage_healed":0,"gold_gain":75,"player_choice":"Touch","damage_taken":8,"max_hp_gain":0,"max_hp_loss":0,"event_name":"FaceTrader","floor":39,"gold_loss":0}],"is_beta":false,"boss_relics":[{"not_picked":["Runic Pyramid","Orrery"],"picked":"Sozu"},{"not_picked":["HoveringKite","Runic Dome"],"picked":"Busted Crown"}],"items_purged_floors":[41],"is_endless":false,"potions_floor_spawned":[4,8,14,16,23,25,30,33,35,36,47],"ascension_level":8}