{"gold_per_floor":[113,33,47,47,62,62,78,78,78,98,113,113,128,145,145,249,249,267,267,16,26,41,41,66,66,66,85,85,85,97,112,112,211,261,277,277,289,289],"floor_reached":38,"playtime":2117,"items_purged":[],"score":470,"play_id":"897e4462-3333-4b9a-9819-caed596b4cf1","local_time":"20181102030327","is_ascension_mode":true,"campfire_choices":[{"data":"Blizzard","floor":6,"key":"SMITH"},{"data":"Redo","floor":8,"key":"SMITH"},{"floor":15,"key":"REST"},{"data":"Defragment","floor":23,"key":"SMITH"},{"data":"Defragment","floor":25,"key":"SMITH"},{"data":"Capacitor","floor":29,"key":"SMITH"},{"floor":32,"key":"REST"}],"neow_cost":"NONE","seed_source_timestamp":1984711826359207,"circlet_count":0,"master_deck":["Strike_B","Strike_B+1","Strike_B","Defend_B","Defend_B","Defend_B","Defend_B","Zap","Dualcast+1","Blizzard+1","Defragment+1","Cold Snap","Cold Snap","Chill+1","Redo+1","Loop","Barrage+1","Capacitor+1","Defragment+1","Machine Learning","Stack","White Noise+1","Stack+1","Coolheaded","Glacier","Hologram","Cold Snap+1","Seek+1","Redo","Consume+1","Madness","Madness","Redo+1"],"relics":["Cracked Core","Centennial Puzzle","Lizard Tail","Gremlin Horn","Molten Egg 2","Whetstone","Tiny House"],"potions_floor_usage":[16,24,24,24,37],"damage_taken":[{"damage":6,"enemies":"Cultist","floor":1,"turns":3},{"damage":16,"enemies":"2 Louse","floor":3,"turns":3},{"damage":9,"enemies":"Jaw Worm","floor":5,"turns":3},{"damage":0,"enemies":"3 Louse","floor":7,"turns":1},{"damage":0,"enemies":"Gremlin Gang","floor":10,"turns":5},{"damage":8,"enemies":"2 Fungi Beasts","floor":11,"turns":3},{"damage":0,"enemies":"Large Slime","floor":13,"turns":5},{"damage":0,"enemies":"Looter","floor":14,"turns":3},{"damage":14,"enemies":"The Guardian","floor":16,"turns":9},{"damage":11,"enemies":"Spheric Guardian","floor":18,"turns":5},{"damage":14,"enemies":"3 Byrds","floor":21,"turns":6},{"damage":11,"enemies":"Shelled Parasite and Fungi","floor":22,"turns":6},{"damage":20,"enemies":"Slavers","floor":24,"turns":7},{"damage":4,"enemies":"3 Cultists","floor":27,"turns":6},{"damage":0,"enemies":"Snecko","floor":30,"turns":7},{"damage":24,"enemies":"Snake Plant","floor":31,"turns":6},{"damage":28,"enemies":"Automaton","floor":33,"turns":12},{"damage":8,"enemies":"3 Shapes","floor":35,"turns":5},{"damage":25,"enemies":"Orb Walker","floor":37,"turns":3},{"damage":45,"enemies":"4 Shapes","floor":38,"turns":4}],"seed_played":"1654906814383076511","potions_obtained":[{"floor":5,"key":"Regen Potion"},{"floor":7,"key":"AttackPotion"},{"floor":13,"key":"FearPotion"},{"floor":16,"key":"Block Potion"},{"floor":30,"key":"Fire Potion"},{"floor":33,"key":"GamblersBrew"},{"floor":34,"key":"FairyPotion"},{"floor":37,"key":"SteroidPotion"}],"is_trial":false,"path_per_floor":["M","$","M","?","M","R","M","R","T","M","M","?","M","M","R","B",null,"M","?","$","M","M","R","E","R","T","M","?","R","M","M","R","B",null,"M","?","M","M"],"character_chosen":"DEFECT","items_purchased":["Defragment","Cold Snap","Gremlin Horn"],"campfire_rested":2,"item_purchase_floors":[2,2,20],"current_hp_per_floor":[69,69,53,46,37,37,37,37,37,37,29,14,14,14,36,22,75,64,64,64,50,39,39,34,34,34,30,30,30,30,6,28,37,80,72,62,37,0],"gold":289,"neow_bonus":"RANDOM_COMMON_RELIC","is_prod":false,"is_daily":false,"chose_seed":false,"campfire_upgraded":5,"win_rate":0,"timestamp":1541142207,"path_taken":["M","$","M","?","M","R","M","R","T","M","M","?","?","M","R","BOSS","M","?","$","M","?","R","E","R","T","M","?","R","M","M","R","BOSS","M","?","M","M"],"build_version":"2018-11-01","purchased_purges":0,"victory":false,"max_hp_per_floor":[75,75,75,75,75,75,75,75,75,75,75,75,75,75,75,75,75,75,75,75,75,75,75,75,75,75,75,75,75,75,75,75,75,80,80,80,80,80],"card_choices":[{"not_picked":["Beam Cell","Hello World"],"picked":"Blizzard","floor":1},{"not_picked":["Rip and Tear","Undo"],"picked":"Cold Snap","floor":3},{"not_picked":["Redo","Coolheaded"],"picked":"Chill","floor":5},{"not_picked":["Auto Shields","Ball Lightning"],"picked":"Redo","floor":7},{"not_picked":["Doom and Gloom","Rebound"],"picked":"Loop","floor":10},{"not_picked":["Hologram","Go for the Eyes"],"picked":"Barrage","floor":11},{"not_picked":["Stack","Hologram"],"picked":"Capacitor","floor":13},{"not_picked":["Undo","Rebound"],"picked":"Defragment","floor":14},{"not_picked":["Electrodynamics","Core Surge"],"picked":"Machine Learning","floor":16},{"not_picked":["Sweeping Beam+1","Undo","Beam Cell"],"picked":"SKIP","floor":18},{"not_picked":["Machine Learning","Sweeping Beam+1"],"picked":"Stack","floor":21},{"not_picked":["Leap","Reprogram"],"picked":"White Noise+1","floor":22},{"not_picked":["Auto Shields","Reinforced Body"],"picked":"Stack+1","floor":24},{"not_picked":["Force Field","Hello World+1"],"picked":"Coolheaded","floor":27},{"not_picked":["White Noise","Storm"],"picked":"Hologram","floor":30},{"not_picked":["Go for the Eyes+1","Reprogram"],"picked":"Cold Snap+1","floor":31},{"not_picked":["Creative AI","Amplify"],"picked":"Seek","floor":33},{"not_picked":["Melter+1","Go for the Eyes+1"],"picked":"Redo","floor":34},{"not_picked":["Coolheaded+1","Static Discharge+1"],"picked":"Consume+1","floor":35},{"not_picked":["Gash+1","Beam Cell+1"],"picked":"Redo+1","floor":37}],"player_experience":726875,"relics_obtained":[{"floor":24,"key":"Molten Egg 2"},{"floor":26,"key":"Whetstone"}],"event_choices":[{"cards_removed":["Strike_B"],"damage_healed":0,"gold_gain":0,"player_choice":"Card Removal","damage_taken":7,"max_hp_gain":0,"max_hp_loss":0,"event_name":"Golden Wing","floor":4,"gold_loss":0},{"damage_healed":0,"gold_gain":0,"player_choice":"Entered Light","damage_taken":15,"max_hp_gain":0,"max_hp_loss":0,"event_name":"Shining Light","floor":12,"gold_loss":0,"cards_upgraded":["Chill","Dualcast"]},{"damage_healed":0,"gold_gain":0,"player_choice":"Ignored","damage_taken":0,"max_hp_gain":0,"max_hp_loss":0,"event_name":"N\u0027loth","floor":19,"gold_loss":0},{"damage_healed":0,"gold_gain":0,"player_choice":"Read","damage_taken":0,"max_hp_gain":0,"max_hp_loss":0,"event_name":"The Library","floor":28,"gold_loss":0,"cards_obtained":["Glacier"]},{"damage_healed":0,"gold_gain":0,"player_choice":"Embrace Madness","damage_taken":10,"max_hp_gain":0,"max_hp_loss":0,"event_name":"Winding Halls","floor":36,"gold_loss":0,"cards_obtained":["Madness","Madness"]}],"is_beta":false,"boss_relics":[{"not_picked":["Runic Pyramid","Black Star"],"picked":"Lizard Tail"},{"not_picked":["Pandora\u0027s Box","Busted Crown"],"picked":"Tiny House"}],"items_purged_floors":[],"is_endless":false,"potions_floor_spawned":[5,7,13,16,21,22,30,33,37],"killed_by":"4 Shapes","ascension_level":4}