{"gold_per_floor":[113,38,38,48,48,81,95,95,95,120],"floor_reached":10,"playtime":163,"items_purged":["Strike_R"],"score":202,"play_id":"b9c7b19e-eede-480d-888c-760fd1394519","local_time":"20190303130025","is_ascension_mode":true,"campfire_choices":[{"data":"Bash","floor":8,"key":"SMITH"}],"neow_cost":"NONE","seed_source_timestamp":143260105183548,"circlet_count":0,"master_deck":["AscendersBane","Strike_R","Strike_R","Strike_R","Defend_R","Defend_R","Defend_R","Defend_R","Bash+1","Cleave"],"relics":["Burning Blood","NeowsBlessing","Gremlin Horn","Bottled Lightning","Mummified Hand"],"potions_floor_usage":[],"damage_taken":[{"damage":0,"enemies":"Jaw Worm","floor":1,"turns":1},{"damage":0,"enemies":"2 Louse","floor":4,"turns":1},{"damage":0,"enemies":"3 Sentries","floor":6,"turns":1},{"damage":7,"enemies":"Small Slimes","floor":7,"turns":3},{"damage":55,"enemies":"Lagavulin","floor":10,"turns":6}],"seed_played":"5796988176384244897","potions_obtained":[{"floor":1,"key":"Ancient Potion"},{"floor":10,"key":"BloodPotion"}],"is_trial":false,"path_per_floor":["M","$","?","M","?","E","M","R","T","E"],"character_chosen":"IRONCLAD","items_purchased":[],"campfire_rested":0,"item_purchase_floors":[],"current_hp_per_floor":[74,74,74,75,68,74,73,73,73,24],"gold":120,"neow_bonus":"THREE_ENEMY_KILL","is_prod":false,"is_daily":false,"chose_seed":false,"campfire_upgraded":1,"win_rate":0,"timestamp":1551585625,"path_taken":["M","$","?","M","?","E","M","R","T","E"],"build_version":"2019-01-23","purchased_purges":1,"victory":false,"max_hp_per_floor":[75,75,75,75,75,75,75,75,75,75],"card_choices":[{"not_picked":["Sever Soul","Sentinel"],"picked":"Cleave","floor":1},{"not_picked":["Body Slam","Havoc","Uppercut"],"picked":"SKIP","floor":4},{"not_picked":["Evolve","Juggernaut","Dropkick"],"picked":"SKIP","floor":6},{"not_picked":["Cleave","Bloodletting","Wild Strike"],"picked":"SKIP","floor":7}],"player_experience":1030561,"relics_obtained":[{"floor":6,"key":"Gremlin Horn"},{"floor":9,"key":"Bottled Lightning"},{"floor":10,"key":"Mummified Hand"}],"event_choices":[{"damage_healed":0,"gold_gain":0,"player_choice":"Ignored","damage_taken":0,"max_hp_gain":0,"max_hp_loss":0,"event_name":"Liars Game","floor":3,"gold_loss":0},{"cards_removed":["Strike_R"],"damage_healed":0,"gold_gain":0,"player_choice":"Card Removal","damage_taken":7,"max_hp_gain":0,"max_hp_loss":0,"event_name":"Golden Wing","floor":5,"gold_loss":0}],"is_beta":false,"boss_relics":[],"items_purged_floors":[2],"is_endless":false,"potions_floor_spawned":[1,10],"killed_by":"Lagavulin","ascension_level":20}