{"gold_per_floor":[119,119,294,309,183,214,228,259,259,63,88,53,69,94,94,213,213,231,91,114,114,130,130,148,148,148,148,159,174,49,65,65,160,160,175,175,12,12,12,12,27,27,97,97,113,113,12,12],"floor_reached":48,"playtime":2937,"items_purged":["Strike_R","Strike_R","Defend_R"],"score":567,"play_id":"158a01e2-e55e-4648-a976-6937750a57d5","local_time":"20190127181831","is_ascension_mode":false,"campfire_choices":[{"floor":15,"key":"REST"},{"data":"Metallicize","floor":23,"key":"SMITH"},{"data":"Metallicize","floor":25,"key":"SMITH"},{"floor":32,"key":"REST"},{"data":"Heavy Blade","floor":40,"key":"SMITH"},{"floor":42,"key":"REST"},{"data":"Demon Form","floor":44,"key":"SMITH"}],"neow_cost":"NONE","seed_source_timestamp":627682760012613,"circlet_count":0,"master_deck":["Defend_R","Defend_R","Bash","Pummel","Flame Barrier","Clothesline","Rampage","Flex","Inflame","Metallicize+1","Inflame","Heavy Blade+1","Disarm","Demon Form+1","Whirlwind","Metallicize+1","Sword Boomerang+1","Bite","Bite","Bite","Bite","Bite","True Grit+1","Cleave+1","Barricade+1","Entrench"],"relics":["Burning Blood","NeowsBlessing","Bloody Idol","Omamori","Sundial","Pen Nib","Orichalcum","Lizard Tail","Incense Burner","Empty Cage","Pantograph"],"potions_floor_usage":[16,16,16,33,33,41,41,48,48],"damage_taken":[{"damage":0,"enemies":"2 Louse","floor":1,"turns":1},{"damage":0,"enemies":"Jaw Worm","floor":4,"turns":1},{"damage":0,"enemies":"Gremlin Nob","floor":6,"turns":1},{"damage":9,"enemies":"Cultist","floor":7,"turns":4},{"damage":53,"enemies":"3 Sentries","floor":8,"turns":12},{"damage":4,"enemies":"Looter","floor":11,"turns":3},{"damage":5,"enemies":"Blue Slaver","floor":13,"turns":4},{"damage":0,"enemies":"Large Slime","floor":14,"turns":4},{"damage":0,"enemies":"Slime Boss","floor":16,"turns":3},{"damage":20,"enemies":"Spheric Guardian","floor":18,"turns":5},{"damage":19,"enemies":"3 Byrds","floor":20,"turns":6},{"damage":21,"enemies":"Snake Plant","floor":22,"turns":6},{"damage":12,"enemies":"Centurion and Healer","floor":24,"turns":6},{"damage":14,"enemies":"Cultist and Chosen","floor":28,"turns":7},{"damage":0,"enemies":"Snecko","floor":29,"turns":6},{"damage":26,"enemies":"Shelled Parasite and Fungi","floor":31,"turns":5},{"damage":24,"enemies":"Champ","floor":33,"turns":11},{"damage":40,"enemies":"3 Shapes","floor":35,"turns":8},{"damage":43,"enemies":"3 Darklings","floor":41,"turns":6},{"damage":72,"enemies":"Transient","floor":45,"turns":5},{"damage":60,"enemies":"Jaw Worm Horde","floor":48,"turns":5}],"seed_played":"-2783180226671225604","potions_obtained":[{"floor":1,"key":"Swift Potion"},{"floor":8,"key":"FearPotion"},{"floor":13,"key":"Fire Potion"},{"floor":16,"key":"Energy Potion"},{"floor":28,"key":"Block Potion"},{"floor":29,"key":"Weak Potion"},{"floor":35,"key":"BloodPotion"},{"floor":45,"key":"Block Potion"}],"is_trial":false,"path_per_floor":["M","?","?","M","$","E","M","E","T","$","M","$","M","M","R","B",null,"M","$","M","?","M","R","M","R","T","?","M","M","$","M","R","B",null,"M","?","$","?","?","R","M","R","T","R","M","?","$","M"],"character_chosen":"IRONCLAD","items_purchased":["Clothesline","Orichalcum","Inflame","Inflame","Metallicize","Barricade","Dexterity Potion","Dexterity Potion"],"campfire_rested":3,"item_purchase_floors":[5,10,10,12,19,37,47,47],"current_hp_per_floor":[80,60,60,66,66,72,69,22,22,22,24,24,25,31,55,61,80,66,66,53,53,43,43,42,42,42,42,49,56,56,49,56,55,56,36,50,50,50,50,50,31,47,52,52,39,39,39,0],"gold":12,"neow_bonus":"THREE_ENEMY_KILL","is_prod":false,"is_daily":false,"chose_seed":false,"campfire_upgraded":4,"win_rate":0,"timestamp":1548613111,"path_taken":["M","?","?","M","$","E","M","E","T","$","M","?","M","?","R","BOSS","M","$","M","?","M","R","M","R","T","?","M","M","$","M","R","BOSS","M","?","$","?","?","R","M","R","T","R","?","?","$","M"],"build_version":"2019-01-23","purchased_purges":3,"victory":false,"max_hp_per_floor":[80,80,80,80,80,80,80,80,80,80,80,80,80,80,80,80,80,80,80,80,80,80,80,80,80,80,56,56,56,56,56,56,56,56,56,56,56,56,56,56,56,56,56,56,56,56,56,56],"card_choices":[{"not_picked":["Clash","Sentinel"],"picked":"Pummel","floor":1},{"not_picked":["Fire Breathing","Perfected Strike"],"picked":"Flame Barrier","floor":4},{"not_picked":["Power Through","Hemokinesis"],"picked":"Rampage","floor":6},{"not_picked":["Pummel","Warcry"],"picked":"Flex","floor":7},{"not_picked":["Clothesline","Fiend Fire","Pummel"],"picked":"SKIP","floor":8},{"not_picked":["Ghostly Armor","Wild Strike"],"picked":"Metallicize","floor":11},{"not_picked":["Clash","Second Wind"],"picked":"Heavy Blade","floor":13},{"not_picked":["Wild Strike","Headbutt"],"picked":"Disarm","floor":14},{"not_picked":["Berserk","Brutality"],"picked":"Demon Form","floor":16},{"not_picked":["Anger","Iron Wave"],"picked":"Whirlwind","floor":18},{"not_picked":["Iron Wave","Wild Strike"],"picked":"Sword Boomerang+1","floor":20},{"not_picked":["Anger+1","Twin Strike","Rupture"],"picked":"SKIP","floor":22},{"not_picked":["Rage","Hemokinesis","Heavy Blade"],"picked":"SKIP","floor":24},{"not_picked":["Clothesline","Clash"],"picked":"Double Tap","floor":28},{"not_picked":["Wild Strike","Clothesline+1"],"picked":"True Grit+1","floor":29},{"not_picked":["Heavy Blade","Seeing Red"],"picked":"Cleave+1","floor":31},{"not_picked":["True Grit","Iron Wave","Cleave+1"],"picked":"SKIP","floor":35},{"not_picked":["Clothesline+1","Iron Wave+1","Armaments"],"picked":"SKIP","floor":41},{"not_picked":["Cleave","Heavy Blade+1"],"picked":"Entrench","floor":45}],"player_experience":365491,"relics_obtained":[{"floor":6,"key":"Omamori"},{"floor":8,"key":"Sundial"},{"floor":9,"key":"Pen Nib"},{"floor":26,"key":"Incense Burner"},{"floor":43,"key":"Pantograph"}],"event_choices":[{"damage_healed":0,"gold_gain":0,"player_choice":"Take Damage","damage_taken":20,"relics_obtained":["Golden Idol"],"max_hp_gain":0,"max_hp_loss":0,"event_name":"Golden Idol","floor":2,"gold_loss":0},{"damage_healed":0,"gold_gain":175,"player_choice":"AGREE","damage_taken":0,"max_hp_gain":0,"max_hp_loss":0,"event_name":"Liars Game","floor":3,"gold_loss":0,"cards_obtained":["Doubt"]},{"damage_healed":0,"gold_gain":0,"player_choice":"Gave Idol","damage_taken":0,"relics_obtained":["Bloody Idol"],"max_hp_gain":0,"max_hp_loss":0,"event_name":"Forgotten Altar","floor":21,"relics_lost":["Golden Idol"],"gold_loss":0},{"damage_healed":0,"gold_gain":0,"player_choice":"Became a vampire","damage_taken":0,"max_hp_gain":0,"max_hp_loss":24,"event_name":"Vampires","floor":27,"gold_loss":0,"cards_obtained":["Bite","Bite","Bite","Bite","Bite"]},{"damage_healed":14,"gold_gain":0,"player_choice":"Writhe","damage_taken":0,"max_hp_gain":0,"max_hp_loss":0,"event_name":"Winding Halls","floor":36,"gold_loss":0,"cards_obtained":["Writhe"]},{"damage_healed":0,"gold_gain":0,"player_choice":"Ignored","damage_taken":0,"max_hp_gain":0,"max_hp_loss":0,"event_name":"Mysterious Sphere","floor":38,"gold_loss":0},{"damage_healed":0,"gold_gain":0,"player_choice":"Upgraded","damage_taken":0,"max_hp_gain":0,"max_hp_loss":0,"event_name":"Upgrade Shrine","floor":39,"gold_loss":0,"cards_upgraded":["Barricade"]},{"cards_removed":["Double Tap"],"damage_healed":0,"gold_gain":0,"player_choice":"Removed Skill","damage_taken":0,"max_hp_gain":0,"max_hp_loss":0,"event_name":"Falling","floor":46,"gold_loss":0}],"is_beta":false,"boss_relics":[{"not_picked":["Sozu","Fusion Hammer"],"picked":"Lizard Tail"},{"not_picked":["Pandora\u0027s Box","Eternal Feather"],"picked":"Empty Cage"}],"items_purged_floors":[5,19,30],"is_endless":false,"potions_floor_spawned":[1,8,13,16,28,29,35,45],"killed_by":"Jaw Worm Horde","ascension_level":0}