{"gold_per_floor":[119,136,50,0,0,0,0,25,25,25,50,68,68,68,68,187,187,202,215,215,2,23,23,23,43,89,105,5,5,24,44,44,44],"floor_reached":33,"playtime":537,"items_purged":["Defend_R","Defend_R"],"score":289,"play_id":"4b6360ee-526a-46d2-8c6b-0972e4e78110","local_time":"20190210121030","is_ascension_mode":false,"campfire_choices":[{"data":"Carnage","floor":6,"key":"SMITH"},{"data":"Pummel","floor":13,"key":"SMITH"},{"floor":15,"key":"REST"},{"data":"Searing Blow+1","floor":23,"key":"SMITH"},{"floor":29,"key":"REST"},{"floor":32,"key":"REST"}],"neow_cost":"PERCENT_DAMAGE","seed_source_timestamp":2657419458981620,"circlet_count":0,"master_deck":["Strike_R","Strike_R","Strike_R","Strike_R","Strike_R","Defend_R","Bash","Cleave","Pummel+1","Carnage+1","Sword Boomerang","Searing Blow+2","Flex+1","Offering"],"relics":["Burning Blood","Boot","Golden Idol","Singing Bowl","Velvet Choker","Strawberry"],"potions_floor_usage":[22,33],"damage_taken":[{"damage":18,"enemies":"Jaw Worm","floor":1,"turns":3},{"damage":4,"enemies":"2 Louse","floor":2,"turns":3},{"damage":0,"enemies":"Cultist","floor":8,"turns":2},{"damage":12,"enemies":"Exordium Wildlife","floor":11,"turns":2},{"damage":15,"enemies":"Lots of Slimes","floor":12,"turns":3},{"damage":16,"enemies":"Slime Boss","floor":16,"turns":7},{"damage":20,"enemies":"2 Thieves","floor":18,"turns":3},{"damage":10,"enemies":"Chosen","floor":19,"turns":3},{"damage":21,"enemies":"Snake Plant","floor":22,"turns":3},{"damage":10,"enemies":"Snecko","floor":25,"turns":3},{"damage":21,"enemies":"Chosen and Byrds","floor":27,"turns":2},{"damage":12,"enemies":"Centurion and Healer","floor":30,"turns":4},{"damage":27,"enemies":"3 Cultists","floor":31,"turns":4},{"damage":121,"enemies":"Champ","floor":33,"turns":9}],"seed_played":"-1575698021578088436","potions_obtained":[{"floor":2,"key":"EssenceOfSteel"},{"floor":8,"key":"EssenceOfSteel"},{"floor":16,"key":"Block Potion"},{"floor":19,"key":"Strength Potion"},{"floor":22,"key":"Fruit Juice"},{"floor":25,"key":"Swift Potion"}],"is_trial":false,"path_per_floor":["M","M","$","?","?","R","?","M","T","$","M","M","R","$","R","B",null,"M","M","?","$","M","R","$","M","T","M","$","R","M","M","R","B"],"character_chosen":"IRONCLAD","items_purchased":["Carnage","Sword Boomerang","Offering"],"campfire_rested":3,"item_purchase_floors":[3,3,21],"current_hp_per_floor":[60,62,62,62,50,50,50,56,56,56,52,45,45,45,72,64,95,81,77,68,68,60,60,60,58,65,52,52,85,81,62,97,0],"gold":44,"neow_bonus":"TWENTY_PERCENT_HP_BONUS","is_prod":false,"is_daily":false,"chose_seed":false,"campfire_upgraded":3,"win_rate":0,"timestamp":1549829430,"path_taken":["M","M","$","?","?","R","?","M","T","$","M","M","R","?","R","BOSS","M","?","?","$","M","R","$","M","T","?","?","R","M","?","R","BOSS"],"build_version":"2019-01-23","purchased_purges":2,"victory":false,"max_hp_per_floor":[96,96,96,96,96,96,89,89,89,89,91,93,93,93,93,95,95,95,95,95,95,102,102,102,104,111,113,113,113,115,117,117,117],"card_choices":[{"not_picked":["True Grit","Havoc"],"picked":"Cleave","floor":1},{"not_picked":["Twin Strike","Wild Strike"],"picked":"Pummel","floor":2},{"not_picked":["Clothesline","Shrug It Off","Rage"],"picked":"SKIP","floor":8},{"not_picked":["Shrug It Off","Corruption","Wild Strike"],"picked":"Singing Bowl","floor":11},{"not_picked":["Ghostly Armor","Twin Strike","True Grit"],"picked":"Singing Bowl","floor":12},{"not_picked":["Barricade","Dark Embrace","Feed"],"picked":"Singing Bowl","floor":16},{"not_picked":["Sentinel","Uppercut"],"picked":"Searing Blow+1","floor":18},{"not_picked":["Wild Strike","Shrug It Off+1"],"picked":"Flex+1","floor":19},{"not_picked":["Body Slam","Battle Trance","Reckless Charge"],"picked":"Singing Bowl","floor":22},{"not_picked":["Warcry","Shrug It Off","Body Slam"],"picked":"Singing Bowl","floor":25},{"not_picked":["Shrug It Off","Headbutt","Sword Boomerang"],"picked":"Singing Bowl","floor":27},{"not_picked":["Barricade","Pommel Strike+1","Blood for Blood"],"picked":"Singing Bowl","floor":30},{"not_picked":["Wild Strike","Cleave","Power Through"],"picked":"Singing Bowl","floor":31}],"player_experience":273552,"relics_obtained":[{"floor":9,"key":"Singing Bowl"},{"floor":26,"key":"Strawberry"}],"event_choices":[{"cards_removed":["Defend_R"],"damage_healed":0,"gold_gain":0,"player_choice":"Card Removal","damage_taken":0,"max_hp_gain":0,"max_hp_loss":0,"event_name":"The Cleric","floor":4,"gold_loss":50},{"damage_healed":0,"gold_gain":0,"player_choice":"Success","damage_taken":12,"relics_obtained":["Boot"],"max_hp_gain":0,"max_hp_loss":0,"event_name":"Scrap Ooze","floor":5,"gold_loss":0},{"damage_healed":0,"gold_gain":0,"player_choice":"Lose Max HP","damage_taken":0,"relics_obtained":["Golden Idol"],"max_hp_gain":0,"max_hp_loss":7,"event_name":"Golden Idol","floor":7,"gold_loss":0},{"damage_healed":0,"gold_gain":0,"player_choice":"","damage_taken":9,"max_hp_gain":0,"max_hp_loss":0,"event_name":"Knowing Skull","floor":20,"potions_obtained":[],"gold_loss":0,"cards_obtained":[]}],"is_beta":false,"boss_relics":[{"not_picked":["Runic Dome","Coffee Dripper"],"picked":"Velvet Choker"}],"items_purged_floors":[21,28],"is_endless":false,"potions_floor_spawned":[2,8,16,19,22,25],"killed_by":"Champ","ascension_level":0}