{"gold_per_floor":[111,37,47,47,67,67,86,104,104,104,16,16,16,43,43,146,146,159,192,192,192,49,49,49,349,349,349,366,379,395,28,28,128,128,148,1,14,28,28,28,28],"floor_reached":41,"playtime":2794,"items_purged":["Defend_G"],"score":506,"play_id":"e2d4d410-0e15-41ac-8d1e-ad969b3e8967","local_time":"20181030222716","is_ascension_mode":true,"campfire_choices":[{"data":"Footwork","floor":6,"key":"SMITH"},{"data":"Bouncing Flask","floor":10,"key":"SMITH"},{"floor":15,"key":"REST"},{"floor":23,"key":"REST"},{"data":"Noxious Fumes","floor":27,"key":"SMITH"},{"data":"A Thousand Cuts","floor":32,"key":"SMITH"},{"data":"Footwork","floor":40,"key":"SMITH"}],"neow_cost":"NONE","seed_source_timestamp":1794662738399098,"circlet_count":0,"master_deck":["Defend_G","Defend_G","Defend_G","Survivor","Neutralize","PiercingWail","Footwork+1","Backflip","Leg Sweep","Bouncing Flask+1","Footwork+1","Deadly Poison","Calculated Gamble","After Image","Catalyst+1","Outmaneuver+1","Well Laid Plans+1","Leg Sweep","Escape Plan","Noxious Fumes+1","Deadly Poison","A Thousand Cuts+1","Dodge and Roll+1","Prepared"],"relics":["Ring of the Snake","Mercury Hourglass","Bird Faced Urn","Astrolabe","Red Mask","Old Coin","Meat on the Bone","Lee\u0027s Waffle","Empty Cage","Strawberry"],"potions_floor_usage":[19,33,35],"damage_taken":[{"damage":6,"enemies":"Cultist","floor":1,"turns":5},{"damage":0,"enemies":"2 Louse","floor":3,"turns":3},{"damage":0,"enemies":"Jaw Worm","floor":5,"turns":6},{"damage":3,"enemies":"Large Slime","floor":7,"turns":10},{"damage":16,"enemies":"Exordium Thugs","floor":8,"turns":9},{"damage":10,"enemies":"Lagavulin","floor":14,"turns":7},{"damage":6,"enemies":"Hexaghost","floor":16,"turns":10},{"damage":0,"enemies":"Spheric Guardian","floor":18,"turns":4},{"damage":47,"enemies":"Masked Bandits","floor":19,"turns":5},{"damage":4,"enemies":"Shell Parasite","floor":28,"turns":5},{"damage":0,"enemies":"Chosen and Byrds","floor":29,"turns":6},{"damage":19,"enemies":"3 Cultists","floor":30,"turns":5},{"damage":64,"enemies":"Collector","floor":33,"turns":9},{"damage":8,"enemies":"3 Shapes","floor":35,"turns":7},{"damage":44,"enemies":"3 Darklings","floor":37,"turns":7},{"damage":19,"enemies":"Writhing Mass","floor":38,"turns":5},{"damage":57,"enemies":"4 Shapes","floor":41,"turns":4}],"seed_played":"4808591304426415634","potions_obtained":[{"floor":7,"key":"EssenceOfSteel"},{"floor":8,"key":"GamblersBrew"},{"floor":12,"key":"Explosive Potion"},{"floor":12,"key":"LiquidBronze"},{"floor":16,"key":"Ancient Potion"},{"floor":19,"key":"Strength Potion"},{"floor":33,"key":"AttackPotion"},{"floor":35,"key":"FearPotion"}],"is_trial":false,"path_per_floor":["M","$","M","$","M","R","M","M","T","R","$","?","?","E","R","B",null,"M","?","?","?","$","R","$","T","T","R","M","M","M","$","R","B",null,"M","$","M","M","$","R"],"character_chosen":"THE_SILENT","items_purchased":["Footwork","Footwork","Deadly Poison","Noxious Fumes","A Thousand Cuts","Lee\u0027s Waffle","Strawberry"],"campfire_rested":2,"item_purchase_floors":[2,11,11,22,31,31,36],"current_hp_per_floor":[57,57,57,57,57,57,54,38,38,38,38,38,38,28,49,47,64,68,25,25,25,25,46,46,46,46,46,52,62,51,77,77,31,66,70,77,54,45,45,45,0],"gold":28,"neow_bonus":"REMOVE_CARD","is_prod":false,"is_daily":false,"chose_seed":false,"campfire_upgraded":5,"win_rate":0,"timestamp":1540952836,"path_taken":["M","$","M","?","M","R","M","M","T","R","$","?","?","E","R","BOSS","M","?","?","?","$","R","?","?","T","R","M","?","?","$","R","BOSS","M","?","M","M","$","R","M"],"build_version":"2018-10-25v2","purchased_purges":1,"victory":false,"max_hp_per_floor":[70,70,70,70,70,70,70,70,70,70,70,70,70,70,70,70,70,70,70,70,70,70,70,70,70,70,70,70,70,70,77,77,77,77,77,84,84,84,84,84,84],"card_choices":[{"not_picked":["Quick Slash","Masterful Stab"],"picked":"PiercingWail","floor":1},{"not_picked":["PiercingWail","Poisoned Stab"],"picked":"Backflip","floor":3},{"not_picked":["Quick Slash","Bane","Endless Agony"],"picked":"SKIP","floor":5},{"not_picked":["Phantasmal Killer","Bane"],"picked":"Leg Sweep","floor":7},{"not_picked":["Dagger Spray","Blur"],"picked":"Bouncing Flask","floor":8},{"not_picked":["Dagger Spray","Slice"],"picked":"Calculated Gamble","floor":14},{"not_picked":["Wraith Form v2","Phantasmal Killer"],"picked":"After Image","floor":16},{"not_picked":["Sucker Punch","All Out Attack"],"picked":"Well Laid Plans+1","floor":18},{"not_picked":["Slice","Sucker Punch+1"],"picked":"Leg Sweep","floor":19},{"not_picked":["Deflect+1","Blade Dance+1","Dagger Throw"],"picked":"SKIP","floor":28},{"not_picked":["Calculated Gamble","Riddle With Holes"],"picked":"Deadly Poison","floor":29},{"not_picked":["Backflip+1","Bouncing Flask","Flying Knee"],"picked":"SKIP","floor":30},{"not_picked":["Outmaneuver+1","Dagger Spray+1","Cloak And Dagger+1"],"picked":"SKIP","floor":35},{"not_picked":["Flying Knee+1","Quick Slash"],"picked":"Dodge and Roll+1","floor":37},{"not_picked":["Dagger Spray+1","PiercingWail+1"],"picked":"Prepared","floor":38}],"player_experience":705292,"relics_obtained":[{"floor":9,"key":"Mercury Hourglass"},{"floor":14,"key":"Bird Faced Urn"},{"floor":19,"key":"Red Mask"},{"floor":25,"key":"Old Coin"},{"floor":26,"key":"Meat on the Bone"}],"event_choices":[{"damage_healed":0,"gold_gain":0,"player_choice":"Got Potions","damage_taken":0,"max_hp_gain":0,"max_hp_loss":0,"event_name":"The Lab","floor":12,"gold_loss":0},{"damage_healed":0,"gold_gain":30,"player_choice":"Searched \u00271\u0027 times","damage_taken":0,"max_hp_gain":0,"max_hp_loss":0,"event_name":"Dead Adventurer","floor":13,"gold_loss":0},{"damage_healed":0,"gold_gain":0,"player_choice":"Fought Bandits","damage_taken":0,"max_hp_gain":0,"max_hp_loss":0,"event_name":"Masked Bandits","floor":19,"gold_loss":0},{"damage_healed":0,"gold_gain":0,"cards_transformed":["Underhanded Strike","Strike_G"],"player_choice":"Became Test Subject","damage_taken":0,"max_hp_gain":0,"max_hp_loss":0,"event_name":"Drug Dealer","floor":20,"gold_loss":0,"cards_obtained":["Sucker Punch","Escape Plan"]},{"damage_healed":0,"gold_gain":0,"player_choice":"Ignored","damage_taken":0,"max_hp_gain":0,"max_hp_loss":0,"event_name":"Cursed Tome","floor":21,"gold_loss":0}],"is_beta":false,"boss_relics":[{"not_picked":["Runic Pyramid","Busted Crown"],"picked":"Astrolabe"},{"not_picked":["WristBlade","Sozu"],"picked":"Empty Cage"}],"items_purged_floors":[22],"is_endless":false,"potions_floor_spawned":[7,8,16,19,29,33,35],"killed_by":"4 Shapes","ascension_level":6}