{"gold_per_floor":[111,111,131,151,166,166,187,187,210,224,224,224,224],"floor_reached":13,"playtime":569,"items_purged":[],"score":77,"play_id":"b9984196-a84a-4b26-93a5-25a986f5eb1e","local_time":"20181108224203","is_ascension_mode":false,"campfire_choices":[{"data":"Magnetism","floor":6,"key":"SMITH"},{"data":"Zap","floor":8,"key":"SMITH"},{"data":"Dualcast","floor":11,"key":"SMITH"}],"neow_cost":"PERCENT_DAMAGE","seed_source_timestamp":1138945522217980,"circlet_count":0,"master_deck":["Strike_B","Strike_B","Strike_B","Strike_B","Defend_B","Defend_B","Defend_B","Defend_B","Zap+1","Dualcast+1","Magnetism+1","Violence","Ball Lightning","Glacier","Self Repair"],"relics":["Cracked Core","Golden Idol","Boot","GremlinMask"],"potions_floor_usage":[13],"damage_taken":[{"damage":5,"enemies":"Cultist","floor":1,"turns":5},{"damage":2,"enemies":"Small Slimes","floor":3,"turns":3},{"damage":12,"enemies":"2 Louse","floor":4,"turns":3},{"damage":10,"enemies":"Exordium Wildlife","floor":5,"turns":4},{"damage":10,"enemies":"Looter","floor":7,"turns":3},{"damage":2,"enemies":"Blue Slaver","floor":10,"turns":3},{"damage":14,"enemies":"Lots of Slimes","floor":13,"turns":2}],"seed_played":"2051708671951122278","potions_obtained":[{"floor":1,"key":"Block Potion"},{"floor":3,"key":"Block Potion"},{"floor":4,"key":"Block Potion"}],"is_trial":false,"path_per_floor":["M","?","M","M","M","R","M","R","T","M","R","?","M"],"character_chosen":"DEFECT","items_purchased":[],"campfire_rested":0,"item_purchase_floors":[],"current_hp_per_floor":[49,49,47,35,25,25,15,15,15,13,13,13,0],"gold":224,"neow_bonus":"RANDOM_COLORLESS_2","is_prod":false,"is_daily":false,"chose_seed":false,"campfire_upgraded":3,"win_rate":0,"timestamp":1541684523,"path_taken":["M","?","M","M","M","R","M","R","T","M","R","?","?"],"build_version":"2018-11-01","purchased_purges":0,"victory":false,"max_hp_per_floor":[75,69,69,69,69,69,69,69,69,69,69,69,69],"card_choices":[{"not_picked":["Undo","Conserve Battery"],"picked":"Ball Lightning","floor":1},{"not_picked":["Gash","Doom and Gloom","Cold Snap"],"picked":"SKIP","floor":3},{"not_picked":["Sunder","Barrage","Conserve Battery"],"picked":"SKIP","floor":4},{"not_picked":["Undo","Lockon","Steam"],"picked":"SKIP","floor":5},{"not_picked":["Double Energy","Force Field"],"picked":"Glacier","floor":7},{"not_picked":["Storm","Coolheaded"],"picked":"Self Repair","floor":10}],"player_experience":818683,"relics_obtained":[{"floor":9,"key":"Boot"}],"event_choices":[{"damage_healed":0,"gold_gain":0,"player_choice":"Lose Max HP","damage_taken":0,"relics_obtained":["Golden Idol"],"max_hp_gain":0,"max_hp_loss":6,"event_name":"Golden Idol","floor":2,"gold_loss":0},{"damage_healed":0,"gold_gain":0,"player_choice":"Trade","damage_taken":0,"relics_obtained":["GremlinMask"],"max_hp_gain":0,"max_hp_loss":0,"event_name":"FaceTrader","floor":12,"gold_loss":0}],"is_beta":false,"boss_relics":[],"items_purged_floors":[],"is_endless":false,"potions_floor_spawned":[1,3,4],"killed_by":"Lots of Slimes","ascension_level":0}