{"gold_per_floor":[113,113,113,113,113,144,219,235,235,251,6,6,6,24,24,129,129,149,149,164,164,164,196,196,209,232,232],"floor_reached":27,"playtime":1387,"items_purged":["Regret"],"score":360,"play_id":"d5f8e012-ef3d-4af0-817f-9ec59f241d43","local_time":"20181208221719","is_ascension_mode":true,"campfire_choices":[{"data":"Metamorphosis","floor":12,"key":"SMITH"},{"data":"Noxious Fumes","floor":15,"key":"SMITH"},{"data":"Bullet Time","floor":24,"key":"SMITH"}],"neow_cost":"NONE","seed_source_timestamp":1295952920647101,"circlet_count":0,"master_deck":["Defend_G+1","Defend_G","Defend_G","Defend_G","Defend_G","Strike_G","Survivor","Neutralize","Crippling Poison+1","Dash","Poisoned Stab","Noxious Fumes+1","Metamorphosis+1","Dagger Spray","Bullet Time+1","Tactician+1","Poisoned Stab+1","Reflex+1","Backflip","Acrobatics","J.A.X.","Writhe","Outmaneuver+1"],"relics":["Ring of the Snake","Blue Candle","Boot","Vajra","Tingsha","War Paint","Astrolabe","Strawberry","Pear","Bag of Marbles"],"potions_floor_usage":[6,6,6,6,16,16,16,20,23],"damage_taken":[{"damage":0,"enemies":"2 Louse","floor":1,"turns":3},{"damage":19,"enemies":"3 Sentries","floor":6,"turns":10},{"damage":0,"enemies":"Small Slimes","floor":8,"turns":3},{"damage":1,"enemies":"Cultist","floor":10,"turns":3},{"damage":1,"enemies":"Large Slime","floor":14,"turns":4},{"damage":0,"enemies":"Slime Boss","floor":16,"turns":8},{"damage":3,"enemies":"Chosen","floor":18,"turns":3},{"damage":6,"enemies":"Spheric Guardian","floor":20,"turns":4},{"damage":29,"enemies":"Gremlin Leader","floor":23,"turns":4},{"damage":21,"enemies":"Snake Plant","floor":25,"turns":4},{"damage":30,"enemies":"Book of Stabbing","floor":27,"turns":3}],"seed_played":"2416411907968710143","potions_obtained":[{"floor":0,"key":"Poison Potion"},{"floor":0,"key":"SkillPotion"},{"floor":0,"key":"EntropicBrew"},{"floor":6,"key":"GhostInAJar"},{"floor":14,"key":"Weak Potion"},{"floor":16,"key":"SpeedPotion"},{"floor":20,"key":"PowerPotion"}],"is_trial":false,"path_per_floor":["M","?","?","?","?","E","?","M","T","M","$","R","?","M","R","B",null,"M","$","M","?","?","E","R","M","T","E"],"character_chosen":"THE_SILENT","items_purchased":["Metamorphosis"],"campfire_rested":0,"item_purchase_floors":[11],"current_hp_per_floor":[70,70,63,51,51,32,21,21,21,20,20,20,20,19,19,19,70,67,67,61,61,68,49,49,28,28,0],"gold":232,"neow_bonus":"THREE_SMALL_POTIONS","is_prod":false,"is_daily":false,"chose_seed":false,"campfire_upgraded":3,"win_rate":0,"timestamp":1544325439,"path_taken":["M","?","?","?","?","E","?","M","T","M","$","R","?","M","R","BOSS","M","$","M","?","?","E","R","M","T","E"],"build_version":"2018-12-06","purchased_purges":1,"victory":false,"max_hp_per_floor":[70,70,70,70,70,70,70,70,70,70,70,70,70,70,70,70,70,70,70,70,70,77,87,87,87,87,87],"card_choices":[{"not_picked":["Concentrate","Bane"],"picked":"Tools of the Trade","floor":1},{"not_picked":["Accuracy","Distraction"],"picked":"Dash","floor":6},{"not_picked":["Prepared","PiercingWail"],"picked":"Poisoned Stab","floor":8},{"not_picked":["Finisher","Underhanded Strike"],"picked":"Noxious Fumes","floor":10},{"not_picked":["Accuracy","Slice"],"picked":"Dagger Spray","floor":14},{"not_picked":["Doppelganger","Phantasmal Killer"],"picked":"Bullet Time","floor":16},{"not_picked":["Prepared","Flying Knee+1"],"picked":"Backflip","floor":18},{"not_picked":["Footwork","Dodge and Roll"],"picked":"Acrobatics","floor":20},{"not_picked":["Endless Agony+1","Underhanded Strike+1"],"picked":"Outmaneuver+1","floor":23},{"not_picked":["Flying Knee","PiercingWail","Bane"],"picked":"SKIP","floor":25}],"player_experience":262407,"relics_obtained":[{"floor":6,"key":"Vajra"},{"floor":9,"key":"Tingsha"},{"floor":23,"key":"Pear"},{"floor":26,"key":"Bag of Marbles"}],"event_choices":[{"damage_healed":0,"gold_gain":0,"cards_transformed":["Tools of the Trade"],"player_choice":"Change","damage_taken":0,"max_hp_gain":0,"max_hp_loss":0,"event_name":"Living Wall","floor":2,"gold_loss":0,"cards_obtained":["Crippling Poison"]},{"cards_removed":["Strike_G"],"damage_healed":0,"gold_gain":0,"player_choice":"Card Removal","damage_taken":7,"max_hp_gain":0,"max_hp_loss":0,"event_name":"Golden Wing","floor":3,"gold_loss":0},{"damage_healed":0,"gold_gain":0,"player_choice":"Success","damage_taken":12,"relics_obtained":["Blue Candle"],"max_hp_gain":0,"max_hp_loss":0,"event_name":"Scrap Ooze","floor":4,"gold_loss":0},{"damage_healed":0,"gold_gain":0,"player_choice":"Box","damage_taken":0,"relics_obtained":["Boot"],"max_hp_gain":0,"max_hp_loss":0,"event_name":"Big Fish","floor":5,"gold_loss":0,"cards_obtained":["Regret"]},{"damage_healed":0,"gold_gain":75,"player_choice":"Gather Gold","damage_taken":11,"max_hp_gain":0,"max_hp_loss":0,"event_name":"World of Goop","floor":7,"gold_loss":0},{"damage_healed":0,"gold_gain":0,"player_choice":"Gave Potion","damage_taken":0,"relics_obtained":["War Paint"],"max_hp_gain":0,"max_hp_loss":0,"event_name":"WeMeetAgain","floor":13,"gold_loss":0},{"damage_healed":0,"gold_gain":0,"player_choice":"Obtain J.A.X.","damage_taken":0,"max_hp_gain":0,"max_hp_loss":0,"event_name":"Drug Dealer","floor":21,"gold_loss":0,"cards_obtained":["J.A.X."]},{"damage_healed":0,"gold_gain":0,"player_choice":"Opened","damage_taken":0,"relics_obtained":["Strawberry"],"max_hp_gain":0,"max_hp_loss":0,"event_name":"The Mausoleum","floor":22,"gold_loss":0,"cards_obtained":["Writhe"]}],"is_beta":false,"boss_relics":[{"not_picked":["Ectoplasm","Sozu"],"picked":"Astrolabe"}],"items_purged_floors":[11],"is_endless":false,"potions_floor_spawned":[6,14,16,20],"killed_by":"Book of Stabbing","ascension_level":4}