{"gold_per_floor":[117,129,129,147,147,147,147,179,179,208,208,208,226,243,243,348,348,358,384,384,153,252,252,284,295,295,330,330,346,35,52,52,147,147,162,182,201,201,212,212,245,29,29,39,71,71,90,109,109,109],"floor_reached":51,"playtime":4017,"items_purged":[],"score":1148,"play_id":"2bcb4adf-5df4-4194-a2b5-fcbb6875597d","local_time":"20181224135427","is_ascension_mode":true,"campfire_choices":[{"floor":6,"key":"REST"},{"floor":12,"key":"REST"},{"floor":15,"key":"REST"},{"floor":23,"key":"REST"},{"floor":32,"key":"REST"},{"data":"Noxious Fumes","floor":40,"key":"SMITH"},{"data":"Storm of Steel","floor":49,"key":"SMITH"}],"neow_cost":"NONE","seed_source_timestamp":327773005232896,"circlet_count":0,"master_deck":["AscendersBane","Survivor+1","Neutralize+1","PiercingWail","Distraction+1","Backflip","Noxious Fumes+1","Venomology","Distraction","Catalyst","Adrenaline","Footwork+1","Infinite Blades+1","Well Laid Plans+1","Storm of Steel+1","Poisoned Stab+1","Footwork+1","Infinite Blades+1","A Thousand Cuts+1","Accuracy+1","Infinite Blades+1","Crippling Poison","A Thousand Cuts+1","PiercingWail","Night Terror","Predator","Expertise","Unload","Blade Dance","Finisher","Envenom+1","Noxious Fumes+1","Blur+1","Writhe","Envenom+1"],"relics":["Ring of the Snake","Mango","Mercury Hourglass","Ornamental Fan","Frozen Egg 2","Black Star","Red Mask","Enchiridion","Anchor","Mummified Hand","Letter Opener","Oddly Smooth Stone","Darkstone Periapt","Unceasing Top","Tingsha","Pandora\u0027s Box","Question Card","Regal Pillow","Happy Flower","Blue Candle","Shuriken","Dream Catcher"],"potions_floor_usage":[1,8,13,13,13,13,14,14,16,16,16,18,19,19,24,25,25,25,27,27,33,33,33,36,39,41,41,41,41,41,41,41,44,45,48,48,50,50,50],"damage_taken":[{"damage":0,"enemies":"Cultist","floor":1,"turns":3},{"damage":3,"enemies":"Jaw Worm","floor":2,"turns":4},{"damage":2,"enemies":"2 Louse","floor":4,"turns":2},{"damage":41,"enemies":"Gremlin Nob","floor":8,"turns":7},{"damage":13,"enemies":"Lagavulin","floor":10,"turns":8},{"damage":1,"enemies":"Looter","floor":13,"turns":4},{"damage":1,"enemies":"Exordium Wildlife","floor":14,"turns":4},{"damage":34,"enemies":"Slime Boss","floor":16,"turns":12},{"damage":2,"enemies":"3 Byrds","floor":18,"turns":5},{"damage":54,"enemies":"Masked Bandits","floor":19,"turns":6},{"damage":9,"enemies":"Slavers","floor":24,"turns":5},{"damage":0,"enemies":"Spheric Guardian","floor":25,"turns":3},{"damage":17,"enemies":"Book of Stabbing","floor":27,"turns":5},{"damage":0,"enemies":"Centurion and Healer","floor":29,"turns":6},{"damage":0,"enemies":"Snake Plant","floor":31,"turns":3},{"damage":2,"enemies":"Collector","floor":33,"turns":8},{"damage":0,"enemies":"3 Shapes","floor":35,"turns":3},{"damage":6,"enemies":"Orb Walker","floor":36,"turns":3},{"damage":0,"enemies":"3 Darklings","floor":37,"turns":3},{"damage":1,"enemies":"Jaw Worm Horde","floor":39,"turns":3},{"damage":10,"enemies":"Reptomancer","floor":41,"turns":4},{"damage":10,"enemies":"Sphere and 2 Shapes","floor":44,"turns":3},{"damage":0,"enemies":"Giant Head","floor":45,"turns":5},{"damage":1,"enemies":"3 Darklings","floor":47,"turns":3},{"damage":1,"enemies":"4 Shapes","floor":48,"turns":2},{"damage":71,"enemies":"Time Eater","floor":50,"turns":5}],"seed_played":"7085862935396163311","potions_obtained":[{"floor":0,"key":"Ancient Potion"},{"floor":0,"key":"Energy Potion"},{"floor":0,"key":"SteroidPotion"},{"floor":10,"key":"Strength Potion"},{"floor":13,"key":"GamblersBrew"},{"floor":14,"key":"Fruit Juice"},{"floor":16,"key":"Swift Potion"},{"floor":19,"key":"SneckoOil"},{"floor":33,"key":"Energy Potion"},{"floor":35,"key":"FearPotion"},{"floor":39,"key":"SpeedPotion"},{"floor":44,"key":"FairyPotion"},{"floor":47,"key":"GamblersBrew"}],"is_trial":false,"path_per_floor":["M","M","?","M","?","R","?","E","T","E","T","R","M","M","R","B",null,"M","?","?","$","?","R","E","M","T","E","?","M","$","M","R","B",null,"M","M","M","?","M","R","E","$","T","M","E","?","M","M","R","B",null],"character_chosen":"THE_SILENT","items_purchased":["Anchor","Well Laid Plans+1","Tingsha","Happy Flower","Noxious Fumes+1"],"campfire_rested":5,"item_purchase_floors":[21,21,30,42,42],"current_hp_per_floor":[63,60,46,44,44,65,65,38,38,25,25,50,49,53,79,45,78,76,37,21,21,21,47,38,38,38,21,21,21,21,21,47,45,78,78,72,72,89,88,88,78,78,78,68,68,95,94,93,93,22],"gold":109,"neow_bonus":"THREE_SMALL_POTIONS","is_prod":false,"is_daily":false,"chose_seed":false,"campfire_upgraded":2,"win_rate":0,"timestamp":1545677667,"path_taken":["M","?","?","M","?","R","?","E","T","E","?","R","M","?","R","BOSS","M","?","?","$","?","R","E","M","T","E","?","M","$","M","R","BOSS","M","?","M","?","M","R","E","$","T","?","E","?","M","M","R","BOSS"],"build_version":"2018-12-20","purchased_purges":0,"victory":true,"max_hp_per_floor":[70,70,70,70,70,70,70,84,84,84,84,84,84,89,89,89,89,89,89,89,89,89,89,89,89,89,89,89,89,89,89,89,89,89,89,89,89,89,89,89,89,89,89,89,89,95,95,95,95,95],"card_choices":[{"not_picked":["Flying Knee","Dodge and Roll"],"picked":"PiercingWail","floor":1},{"not_picked":["Acrobatics","Blade Dance"],"picked":"Distraction","floor":2},{"not_picked":["Endless Agony","PiercingWail"],"picked":"Backflip","floor":4},{"not_picked":["Cloak And Dagger","Infinite Blades"],"picked":"Noxious Fumes","floor":8},{"not_picked":["Flechettes","Cloak And Dagger"],"picked":"Venomology","floor":10},{"not_picked":["Deflect","Quick Slash"],"picked":"Distraction","floor":13},{"not_picked":["Dodge and Roll","Deflect"],"picked":"Catalyst","floor":14},{"not_picked":["Tools of the Trade+1","Storm of Steel"],"picked":"Adrenaline","floor":16},{"not_picked":["All Out Attack","Poisoned Stab+1"],"picked":"Footwork+1","floor":18},{"not_picked":["Setup","Slice"],"picked":"Infinite Blades+1","floor":19},{"not_picked":["Dagger Spray+1","Slice"],"picked":"Storm of Steel","floor":24},{"not_picked":["Cloak And Dagger","Distraction"],"picked":"Poisoned Stab+1","floor":25},{"not_picked":["Bouncing Flask+1","Bane+1"],"picked":"Footwork+1","floor":27},{"not_picked":["Underhanded Strike","Setup","Bane"],"picked":"SKIP","floor":29},{"not_picked":["Dagger Throw","Blade Dance+1"],"picked":"Infinite Blades+1","floor":31},{"not_picked":["Tools of the Trade+1","Wraith Form v2+1"],"picked":"A Thousand Cuts+1","floor":33},{"not_picked":["Dagger Spray+1","Endless Agony+1"],"picked":"Blade Dance","floor":35},{"not_picked":["Skewer","Cloak And Dagger"],"picked":"Finisher","floor":36},{"not_picked":["Dodge and Roll","Deflect","Dagger Throw"],"picked":"SKIP","floor":37},{"not_picked":["Endless Agony","Blade Dance+1"],"picked":"Envenom+1","floor":39},{"not_picked":["Masterful Stab+1","Crippling Poison+1","Flying Knee"],"picked":"SKIP","floor":41},{"not_picked":["Distraction","Deadly Poison","Bane","Dagger Throw"],"picked":"SKIP","floor":44},{"not_picked":["Acrobatics+1","Prepared","Catalyst"],"picked":"Blur+1","floor":45},{"not_picked":["Blade Dance+1","Poisoned Stab","Flying Knee"],"picked":"Envenom+1","floor":47},{"not_picked":["Cloak And Dagger","Dodge and Roll","Eviscerate","Well Laid Plans+1"],"picked":"SKIP","floor":48}],"player_experience":382526,"relics_obtained":[{"floor":8,"key":"Mango"},{"floor":9,"key":"Mercury Hourglass"},{"floor":10,"key":"Ornamental Fan"},{"floor":11,"key":"Frozen Egg 2"},{"floor":19,"key":"Red Mask"},{"floor":20,"key":"Enchiridion"},{"floor":24,"key":"Mummified Hand"},{"floor":24,"key":"Letter Opener"},{"floor":26,"key":"Oddly Smooth Stone"},{"floor":27,"key":"Darkstone Periapt"},{"floor":27,"key":"Unceasing Top"},{"floor":41,"key":"Question Card"},{"floor":41,"key":"Regal Pillow"},{"floor":43,"key":"Blue Candle"},{"floor":45,"key":"Shuriken"},{"floor":45,"key":"Dream Catcher"}],"event_choices":[{"damage_healed":0,"gold_gain":0,"player_choice":"Entered Light","damage_taken":14,"max_hp_gain":0,"max_hp_loss":0,"event_name":"Shining Light","floor":3,"gold_loss":0,"cards_upgraded":["Survivor","Neutralize"]},{"damage_healed":0,"gold_gain":0,"player_choice":"Ignored","damage_taken":0,"max_hp_gain":0,"max_hp_loss":0,"event_name":"Golden Wing","floor":5,"gold_loss":0},{"damage_healed":0,"gold_gain":0,"player_choice":"Grow","damage_taken":0,"max_hp_gain":0,"max_hp_loss":0,"event_name":"Living Wall","floor":7,"gold_loss":0,"cards_upgraded":["Distraction"]},{"damage_healed":0,"gold_gain":0,"player_choice":"Fought Bandits","damage_taken":0,"max_hp_gain":0,"max_hp_loss":0,"event_name":"Masked Bandits","floor":19,"gold_loss":0},{"damage_healed":0,"gold_gain":0,"player_choice":"Obtained Book","damage_taken":16,"max_hp_gain":0,"max_hp_loss":0,"event_name":"Cursed Tome","floor":20,"gold_loss":0},{"damage_healed":0,"gold_gain":99,"player_choice":"Stole From Cult","damage_taken":0,"max_hp_gain":0,"max_hp_loss":0,"event_name":"Nest","floor":22,"gold_loss":0},{"damage_healed":0,"gold_gain":0,"player_choice":"Ignored","damage_taken":0,"max_hp_gain":0,"max_hp_loss":0,"event_name":"N\u0027loth","floor":28,"gold_loss":0},{"cards_removed":["Tactician"],"damage_healed":17,"gold_gain":0,"player_choice":"Offered Uncommon","damage_taken":0,"max_hp_gain":0,"max_hp_loss":0,"event_name":"Bonfire Elementals","floor":38,"gold_loss":0},{"damage_healed":22,"gold_gain":0,"player_choice":"Writhe","damage_taken":0,"max_hp_gain":0,"max_hp_loss":0,"event_name":"Winding Halls","floor":46,"gold_loss":0,"cards_obtained":["Writhe"]}],"is_beta":false,"boss_relics":[{"not_picked":["HoveringKite","Runic Pyramid"],"picked":"Black Star"},{"not_picked":["Tiny House","Empty Cage"],"picked":"Pandora\u0027s Box"}],"items_purged_floors":[],"is_endless":false,"potions_floor_spawned":[10,13,14,16,19,31,33,35,39,44,47],"ascension_level":10}