{"path_per_floor":["M","?","M","?","M","E","R","E","T","$","R","T","?","E","R","B",null,"M","M","$","M","$","E","M","E","T","E","R","E","?","M","R","B",null,"M","M","?","M","M","R","$","M","T","E","M","E","M","M","R","B"],"character_chosen":"IRONCLAD","items_purchased":["Offering","Offering","Thread and Needle","Gremlin Horn"],"gold_per_floor":[113,113,133,133,145,172,172,197,222,10,10,36,98,124,124,219,219,231,247,121,131,81,106,118,150,450,475,475,505,505,524,524,621,621,637,654,654,672,692,692,90,100,100,125,145,171,181,194,194,194],"floor_reached":51,"campfire_rested":0,"playtime":2771,"current_hp_per_floor":[77,77,77,77,74,61,61,49,49,49,49,49,51,55,55,54,71,71,75,75,75,75,71,71,66,66,51,51,51,51,51,51,47,70,74,74,74,74,75,75,75,77,77,75,75,75,71,75,75,49],"items_purged":["Decay","Defend_R","Defend_R","Defend_R"],"gold":194,"play_id":"f222fc2a-95bd-45b0-95d4-d4a7cb63bb11","is_prod":false,"is_daily":false,"is_ascension_mode":true,"campfire_upgraded":7,"path_taken":["M","?","M","?","M","E","R","E","T","$","R","?","?","E","R","BOSS","M","M","$","M","$","E","M","E","T","E","R","E","?","M","R","BOSS","M","?","?","M","M","R","$","?","T","E","M","E","M","M","R","BOSS"],"build_version":"2018-02-01-PROD3","purchased_purges":4,"victory":true,"master_deck":["Strike_R","Strike_R","Strike_R","Strike_R","Strike_R","Bash+1","Perfected Strike","Pommel Strike","Pommel Strike","Armaments+1","Offering+1","Twin Strike","Double Tap+1","Impervious","Iron Wave+1","Offering","Whirlwind+1","Offering+1","Rupture+1","Fiend Fire","Ghostly Armor","Shrug It Off+1","Exhume+1","Perfected Strike+1","Pommel Strike+1","Whirlwind+1","Pommel Strike","Perfected Strike+1"],"max_hp_per_floor":[80,77,77,77,77,77,77,77,77,77,77,77,77,77,77,77,77,77,77,77,77,77,77,77,77,77,77,77,77,77,77,77,77,77,77,77,77,77,77,77,77,77,77,77,77,77,77,77,77,77],"relics":["Burning Blood","Smiling Mask","Paper Frog","Pen Nib","Bag of Marbles","Blood Vial","Lantern","Philosopher\u0027s Stone","Ornamental Fan","Frozen Egg 2","Old Coin","Bottled Lightning","Vajra","Sozu","Thread and Needle","Gremlin Horn","Toxic Egg 2","Regal Pillow"],"card_choices":[{"not_picked":["Sentinel","Blood for Blood"],"picked":"Perfected Strike"},{"not_picked":["Armaments","Rupture"],"picked":"Pommel Strike"},{"not_picked":["Rupture","Clash"],"picked":"Pommel Strike"},{"not_picked":["Thunderclap","Reckless Charge"],"picked":"Armaments"},{"not_picked":["Havoc","Clash"],"picked":"Twin Strike"},{"not_picked":["Twin Strike","Sword Boomerang"],"picked":"Double Tap"},{"not_picked":["Dark Embrace","Limit Break"],"picked":"Impervious"},{"not_picked":["Uppercut","Cleave"],"picked":"Iron Wave"},{"not_picked":["Sword Boomerang","Rage"],"picked":"Whirlwind"},{"not_picked":["Metallicize","Rampage"],"picked":"Offering"},{"not_picked":["Warcry","Clothesline"],"picked":"Rupture"},{"not_picked":["Cleave","Sword Boomerang"],"picked":"Fiend Fire"},{"not_picked":["Headbutt","Cleave"],"picked":"Shrug It Off"},{"not_picked":["Double Tap","Barricade"],"picked":"Exhume"},{"not_picked":["Armaments","Headbutt"],"picked":"Perfected Strike"},{"not_picked":["Wild Strike","Warcry"],"picked":"Pommel Strike"},{"not_picked":["Battle Trance","Reckless Charge"],"picked":"Whirlwind"},{"not_picked":["Fire Breathing","Armaments"],"picked":"Pommel Strike"},{"not_picked":["Pommel Strike","Evolve"],"picked":"Perfected Strike"}],"player_experience":669554,"potions_floor_usage":[6,8,23,25,33],"damage_taken":[{"damage":1,"enemies":"Cultist","floor":1,"turns":3},{"damage":0,"enemies":"2 Louse","floor":3,"turns":2},{"damage":9,"enemies":"Small Slimes","floor":5,"turns":3},{"damage":19,"enemies":"3 Sentries","floor":6,"turns":7},{"damage":18,"enemies":"Gremlin Nob","floor":8,"turns":3},{"damage":4,"enemies":"Gremlin Nob","floor":13,"turns":2},{"damage":4,"enemies":"Lagavulin","floor":14,"turns":3},{"damage":9,"enemies":"Slime Boss","floor":16,"turns":3},{"damage":8,"enemies":"Shell Parasite","floor":18,"turns":3},{"damage":4,"enemies":"Chosen","floor":19,"turns":1},{"damage":8,"enemies":"Sentry and Sphere","floor":21,"turns":3},{"damage":12,"enemies":"Slavers","floor":23,"turns":2},{"damage":8,"enemies":"Cultist and Chosen","floor":24,"turns":3},{"damage":13,"enemies":"Book of Stabbing","floor":25,"turns":2},{"damage":23,"enemies":"Slavers","floor":27,"turns":3},{"damage":8,"enemies":"Gremlin Leader","floor":29,"turns":1},{"damage":8,"enemies":"Slaver and Parasite","floor":31,"turns":1},{"damage":12,"enemies":"Champ","floor":33,"turns":3},{"damage":4,"enemies":"Orb Walker","floor":35,"turns":1},{"damage":8,"enemies":"3 Darklings","floor":36,"turns":1},{"damage":8,"enemies":"Maw","floor":38,"turns":1},{"damage":7,"enemies":"4 Shapes","floor":39,"turns":1},{"damage":4,"enemies":"3 Darklings","floor":42,"turns":1},{"damage":8,"enemies":"Nemesis","floor":44,"turns":1},{"damage":8,"enemies":"Sphere and 2 Shapes","floor":45,"turns":1},{"damage":8,"enemies":"Giant Head","floor":46,"turns":1},{"damage":12,"enemies":"Maw","floor":47,"turns":1},{"damage":4,"enemies":"3 Darklings","floor":48,"turns":1},{"damage":34,"enemies":"Time Eater","floor":50,"turns":2}],"event_choices":[{"event_name":"Living Wall","player_choice":"Forget","floor":2,"damage_taken":0},{"event_name":"Wheel of Change","player_choice":"Curse","floor":4,"damage_taken":0},{"event_name":"Dead Adventurer","player_choice":"Searched \u00272\u0027 times","floor":13,"damage_taken":0},{"event_name":"Transmorgrifier","player_choice":"Transform","floor":30,"damage_taken":0},{"event_name":"Tomb of Lord Red Mask","player_choice":"Ignored","floor":37,"damage_taken":0}],"boss_relics":[{"not_picked":["Orrery","Eternal Feather"],"picked":"Philosopher\u0027s Stone"},{"not_picked":["Black Blood","Runic Pyramid"],"picked":"Sozu"}],"potions_floor_spawned":[1,3,14,16,21,24,27,29,38,44,45,46,47],"seed_played":"-6946619477374438702","ascension_level":10,"is_trial":false}