{"gold_per_floor":[119,50,69,15,15,15,27,47,71,89,164,164,184,203,203,301,301,314,332,350,363,397,397,408,408,460,460,16,34,34,48,48,145,145,163,173,184,38,38,38,38],"floor_reached":41,"playtime":1835,"items_purged":["Strike_B","Strike_B"],"score":389,"play_id":"8501ebfd-7354-4a53-88a2-fe5061b106bf","local_time":"20190103203418","is_ascension_mode":false,"campfire_choices":[{"data":"Sunder","floor":6,"key":"SMITH"},{"data":"Streamline","floor":12,"key":"SMITH"},{"data":"White Noise","floor":15,"key":"SMITH"},{"floor":23,"key":"REST"},{"floor":25,"key":"REST"},{"floor":30,"key":"REST"},{"floor":32,"key":"REST"},{"floor":40,"key":"REST"}],"neow_cost":"NONE","seed_source_timestamp":1180246576564332,"circlet_count":0,"master_deck":["Strike_B","Strike_B+1","Defend_B+1","Defend_B","Defend_B","Defend_B","Zap","Dualcast","Sunder+1","Go for the Eyes","Streamline+1","Streamline","Streamline","Gash","White Noise+1","Electrodynamics","Beam Cell+1","Gash","Hologram","Hologram+1","Redo","Steam+1","Gash","Panache","Turbo","Ball Lightning","Creative AI","Beam Cell","Thunder Strike","Hologram+1","Rebound"],"relics":["Cracked Core","NeowsBlessing","Anchor","Lizard Tail","Red Mask","Oddly Smooth Stone","Blood Vial","Inserter"],"potions_floor_usage":[16,24,24,31,33,41,41,41],"damage_taken":[{"damage":0,"enemies":"Cultist","floor":1,"turns":1},{"damage":0,"enemies":"Jaw Worm","floor":3,"turns":1},{"damage":0,"enemies":"Small Slimes","floor":7,"turns":1},{"damage":0,"enemies":"Exordium Wildlife","floor":8,"turns":2},{"damage":0,"enemies":"Looter","floor":10,"turns":2},{"damage":0,"enemies":"Gremlin Gang","floor":13,"turns":3},{"damage":6,"enemies":"Exordium Thugs","floor":14,"turns":3},{"damage":32,"enemies":"Hexaghost","floor":16,"turns":9},{"damage":25,"enemies":"Shell Parasite","floor":18,"turns":5},{"damage":0,"enemies":"Chosen","floor":19,"turns":3},{"damage":0,"enemies":"Snecko","floor":20,"turns":3},{"damage":18,"enemies":"Centurion and Healer","floor":21,"turns":5},{"damage":24,"enemies":"Masked Bandits","floor":22,"turns":5},{"damage":27,"enemies":"Sentry and Sphere","floor":24,"turns":4},{"damage":17,"enemies":"3 Cultists","floor":29,"turns":5},{"damage":7,"enemies":"Chosen and Byrds","floor":31,"turns":4},{"damage":76,"enemies":"Automaton","floor":33,"turns":9},{"damage":0,"enemies":"3 Shapes","floor":35,"turns":4},{"damage":32,"enemies":"3 Darklings","floor":36,"turns":4},{"damage":7,"enemies":"Transient","floor":37,"turns":5},{"damage":90,"enemies":"Giant Head","floor":41,"turns":7}],"seed_played":"1661501694989494121","potions_obtained":[{"floor":1,"key":"PowerPotion"},{"floor":3,"key":"Dexterity Potion"},{"floor":19,"key":"Energy Potion"},{"floor":22,"key":"Poison Potion"},{"floor":24,"key":"Energy Potion"},{"floor":36,"key":"Poison Potion"},{"floor":39,"key":"AttackPotion"},{"floor":39,"key":"Strength Potion"}],"is_trial":false,"path_per_floor":["M","$","M","$","?","R","M","M","T","M","?","R","M","M","R","B",null,"M","M","M","M","?","R","M","R","T","?","$","M","R","M","R","B",null,"M","M","M","$","?","R","E"],"character_chosen":"DEFECT","items_purchased":["Go for the Eyes","Streamline","Streamline","Gash","Blood Vial","Panache","Rebound"],"campfire_rested":5,"item_purchase_floors":[2,2,4,28,28,28,38],"current_hp_per_floor":[75,75,75,75,60,60,60,60,60,60,49,49,49,43,43,11,75,50,50,50,32,8,30,3,25,25,25,25,10,32,27,49,24,75,75,43,38,38,38,60,0],"gold":38,"neow_bonus":"THREE_ENEMY_KILL","is_prod":false,"is_daily":false,"chose_seed":false,"campfire_upgraded":3,"win_rate":0,"timestamp":1546565658,"path_taken":["M","$","?","$","?","R","M","M","T","M","?","R","M","M","R","BOSS","M","M","M","M","?","R","M","R","T","?","$","M","R","M","R","BOSS","M","?","M","$","?","R","E"],"build_version":"2018-12-20","purchased_purges":2,"victory":false,"max_hp_per_floor":[75,75,75,75,75,75,75,75,75,75,75,75,75,75,75,75,75,75,75,75,75,75,75,75,75,75,75,75,75,75,75,75,75,75,75,75,75,75,75,75,75],"card_choices":[{"not_picked":["Scrape","Steam"],"picked":"Sunder","floor":1},{"not_picked":["Stack","Ball Lightning"],"picked":"Streamline","floor":3},{"not_picked":["Heatsinks","Melter","Consume"],"picked":"SKIP","floor":7},{"not_picked":["Streamline","Conserve Battery","Barrage"],"picked":"SKIP","floor":8},{"not_picked":["Capacitor","Recycle","Barrage"],"picked":"SKIP","floor":10},{"not_picked":["Beam Cell","Leap"],"picked":"Gash","floor":13},{"not_picked":["Scrape","Conserve Battery"],"picked":"White Noise","floor":14},{"not_picked":["Fission","Machine Learning"],"picked":"Electrodynamics","floor":16},{"not_picked":["Barrage","Steam"],"picked":"Beam Cell+1","floor":18},{"not_picked":["FTL+1","Compile Driver"],"picked":"Gash","floor":19},{"not_picked":["Conserve Battery","Reprogram+1"],"picked":"Hologram","floor":20},{"not_picked":["Reprogram","Barrage"],"picked":"Hologram+1","floor":21},{"not_picked":["Heatsinks","Sweeping Beam"],"picked":"Redo","floor":22},{"not_picked":["Stack","Cold Snap"],"picked":"Steam+1","floor":24},{"not_picked":["Recycle","Reinforced Body+1"],"picked":"Turbo","floor":29},{"not_picked":["Seek","Stack"],"picked":"Ball Lightning","floor":31},{"not_picked":["Amplify","Reboot"],"picked":"Creative AI","floor":33},{"not_picked":["BootSequence+1","Hologram+1"],"picked":"Beam Cell","floor":35},{"not_picked":["Double Energy+1","Barrage"],"picked":"Thunder Strike","floor":36},{"not_picked":["Coolheaded","Defragment"],"picked":"Hologram+1","floor":37}],"player_experience":887867,"relics_obtained":[{"floor":9,"key":"Anchor"},{"floor":22,"key":"Red Mask"},{"floor":26,"key":"Oddly Smooth Stone"}],"event_choices":[{"damage_healed":0,"gold_gain":0,"player_choice":"Entered Light","damage_taken":15,"max_hp_gain":0,"max_hp_loss":0,"event_name":"Shining Light","floor":5,"gold_loss":0,"cards_upgraded":["Defend_B","Strike_B"]},{"damage_healed":0,"gold_gain":75,"player_choice":"Gather Gold","damage_taken":11,"max_hp_gain":0,"max_hp_loss":0,"event_name":"World of Goop","floor":11,"gold_loss":0},{"damage_healed":0,"gold_gain":0,"player_choice":"Fought Bandits","damage_taken":0,"max_hp_gain":0,"max_hp_loss":0,"event_name":"Masked Bandits","floor":22,"gold_loss":0},{"damage_healed":0,"gold_gain":0,"player_choice":"Bought 0 Potions","damage_taken":0,"max_hp_gain":0,"max_hp_loss":0,"event_name":"The Woman in Blue","floor":27,"gold_loss":0},{"damage_healed":0,"gold_gain":0,"player_choice":"Got Potions","damage_taken":0,"max_hp_gain":0,"max_hp_loss":0,"event_name":"Lab","floor":39,"gold_loss":0}],"is_beta":false,"boss_relics":[{"not_picked":["FrozenCore","Ectoplasm"],"picked":"Lizard Tail"},{"not_picked":["Snecko Eye","Calling Bell"],"picked":"Inserter"}],"items_purged_floors":[28,38],"is_endless":false,"potions_floor_spawned":[1,3,19,22,24,36],"killed_by":"Giant Head","ascension_level":0}