{"path_per_floor":["M","$","M","$","?","R","?","R","T","E","$","R","M","M","R","B",null,"M","$","M","?"],"character_chosen":"THE_SILENT","items_purchased":["Infinite Blades","Poisoned Stab","Prepared","Footwork"],"gold_per_floor":[115,42,60,15,15,15,15,15,15,48,25,25,39,52,52,149,149,166,23,33,33,33],"floor_reached":22,"campfire_rested":1,"playtime":1024,"current_hp_per_floor":[70,70,70,70,56,56,49,70,70,70,70,70,70,70,70,68,70,61,61,45,45,0],"items_purged":["Strike_G"],"gold":33,"score":259,"play_id":"05f28d55-937e-448e-8177-b7daf2d3d385","local_time":"20180407004245","is_prod":false,"is_daily":false,"is_ascension_mode":true,"campfire_upgraded":3,"timestamp":1523076165,"path_taken":["M","$","M","$","?","R","?","R","T","E","$","R","M","M","R","BOSS","M","$","M","?","M"],"build_version":"2018-04-05v2","purchased_purges":1,"victory":false,"master_deck":["Defend_G","Defend_G+1","Defend_G","Defend_G","Defend_G","Strike_G","Strike_G","Strike_G","Survivor","Neutralize+1","Quick Slash","Infinite Blades+1","Heel Hook","Poisoned Stab","Footwork+1","Prepared","Prepared+1","Escape Plan","Storm of Steel+1","Cloak And Dagger","Footwork","Eviscerate+1"],"max_hp_per_floor":[70,70,70,70,70,70,70,70,70,70,70,70,70,70,70,70,70,70,70,70,70,70],"relics":["Ring of the Snake","NeowsBlessing","Tingsha","Pantograph","Black Star"],"card_choices":[{"not_picked":["Underhanded Strike","Distraction"],"picked":"Quick Slash","floor":1},{"not_picked":["Outmaneuver","Bane"],"picked":"Heel Hook","floor":3},{"not_picked":["Slice","Quick Slash"],"picked":"Footwork","floor":10},{"not_picked":["Wraith Form","Dagger Spray"],"picked":"Prepared","floor":13},{"not_picked":["Sucker Punch","Dodge and Roll"],"picked":"Escape Plan","floor":14},{"not_picked":["Corpse Explosion","Glass Knife"],"picked":"Storm of Steel","floor":16},{"not_picked":["Dagger Spray","Choke"],"picked":"Cloak And Dagger","floor":18},{"not_picked":["Dodge and Roll","Underhanded Strike"],"picked":"Eviscerate","floor":20}],"player_experience":414086,"potions_floor_usage":[18],"damage_taken":[{"damage":0,"enemies":"Cultist","floor":1,"turns":1},{"damage":0,"enemies":"Jaw Worm","floor":3,"turns":1},{"damage":0,"enemies":"3 Sentries","floor":10,"turns":1},{"damage":0,"enemies":"2 Louse","floor":13,"turns":3},{"damage":0,"enemies":"Blue Slaver","floor":14,"turns":4},{"damage":2,"enemies":"Hexaghost","floor":16,"turns":12},{"damage":9,"enemies":"Chosen","floor":18,"turns":5},{"damage":16,"enemies":"2 Thieves","floor":20,"turns":4},{"damage":48,"enemies":"Slaver and Parasite","floor":22,"turns":3}],"event_choices":[{"event_name":"Shining Light","player_choice":"Entered Light","floor":5,"damage_taken":0},{"event_name":"Golden Wing","player_choice":"Card Removal","floor":7,"damage_taken":0},{"event_name":"Accursed Blacksmith","player_choice":"Forge","floor":21,"damage_taken":0}],"boss_relics":[{"not_picked":["White Beast Statue","Snecko Eye"],"picked":"Black Star"}],"potions_floor_spawned":[3,10,18],"seed_played":"6781644004576632581","killed_by":"Slaver and Parasite","ascension_level":5,"is_trial":false}