{"gold_per_floor":[109,34,34,48,59,86,101,101,124,144,164,164,199,262,262,336,336,355,355,455,455,469,469,499,499,499,499,512,512,573,589,589,660,660,677,677,677,437,1436,1436,1452,1463,1487,1487,342,357,367,149,149,149],"floor_reached":51,"playtime":1822,"items_purged":["Defend_R","Defend_R"],"score":1268,"play_id":"7ad6fe63-bb2b-49ed-ae46-d9b1335739c8","local_time":"20190228221019","is_ascension_mode":true,"campfire_choices":[{"data":"Whirlwind","floor":8.0,"key":"SMITH"},{"data":"Cleave","floor":12.0,"key":"SMITH"},{"data":"Bash","floor":15.0,"key":"SMITH"},{"data":"Flex","floor":23.0,"key":"SMITH"},{"data":"Metallicize","floor":25.0,"key":"SMITH"},{"data":"Offering","floor":27.0,"key":"SMITH"},{"data":"Ghostly Armor","floor":29.0,"key":"SMITH"},{"data":"Thunderclap","floor":32.0,"key":"SMITH"},{"data":"Demon Form","floor":40.0,"key":"SMITH"},{"floor":44.0,"key":"REST"},{"floor":49.0,"key":"REST"}],"neow_cost":"NONE","seed_source_timestamp":0,"circlet_count":0,"master_deck":["AscendersBane","Strike_R","Strike_R","Strike_R","Defend_R","Defend_R","Bash+1","Cleave+1","Offering+1","Whirlwind+1","Thunderclap+1","Ghostly Armor+1","Flex+1","Metallicize+1","Pain","Demon Form+1","Seeing Red","Reaper","Ghostly Armor","Inflame"],"special_seed":0,"relics":["Burning Blood","NeowsBlessing","Red Skull","Oddly Smooth Stone","Orichalcum","Pen Nib","Busted Crown","Ice Cream","Letter Opener","WarpedTongs","Centennial Puzzle","Lantern","Tiny Chest","Eternal Feather","Omamori","Juzu Bracelet","Ancient Tea Set","Mercury Hourglass","Frozen Eye","HandDrill"],"potions_floor_usage":[50,50],"damage_taken":[{"damage":0.0,"enemies":"Cultist","floor":1.0,"turns":1.0},{"damage":0.0,"enemies":"Jaw Worm","floor":4.0,"turns":1.0},{"damage":0.0,"enemies":"2 Louse","floor":5.0,"turns":1.0},{"damage":22.0,"enemies":"Gremlin Nob","floor":6.0,"turns":3.0},{"damage":6.0,"enemies":"2 Fungi Beasts","floor":7.0,"turns":1.0},{"damage":6.0,"enemies":"Looter","floor":10.0,"turns":2.0},{"damage":3.0,"enemies":"Gremlin Gang","floor":11.0,"turns":3.0},{"damage":14.0,"enemies":"3 Sentries","floor":13.0,"turns":4.0},{"damage":10.0,"enemies":"Gremlin Nob","floor":14.0,"turns":3.0},{"damage":38.0,"enemies":"Slime Boss","floor":16.0,"turns":8.0},{"damage":22.0,"enemies":"Shell Parasite","floor":18.0,"turns":4.0},{"damage":6.0,"enemies":"Colosseum Slavers","floor":20.0,"turns":2.0},{"damage":13.0,"enemies":"Colosseum Nobs","floor":20.0,"turns":3.0},{"damage":7.0,"enemies":"2 Thieves","floor":22.0,"turns":3.0},{"damage":7.0,"enemies":"Gremlin Leader","floor":24.0,"turns":6.0},{"damage":10.0,"enemies":"Chosen and Byrds","floor":28.0,"turns":2.0},{"damage":18.0,"enemies":"Slavers","floor":30.0,"turns":2.0},{"damage":10.0,"enemies":"Centurion and Healer","floor":31.0,"turns":2.0},{"damage":32.0,"enemies":"Champ","floor":33.0,"turns":7.0},{"damage":12.0,"enemies":"Orb Walker","floor":35.0,"turns":3.0},{"damage":35.0,"enemies":"3 Shapes","floor":41.0,"turns":1.0},{"damage":30.0,"enemies":"Maw","floor":42.0,"turns":5.0},{"damage":20.0,"enemies":"3 Darklings","floor":46.0,"turns":2.0},{"damage":36.0,"enemies":"Jaw Worm Horde","floor":47.0,"turns":3.0},{"damage":49,"enemies":"Donu and Deca","floor":50,"turns":4}],"seed_played":"-6237025570706211308","potions_obtained":[{"floor":1.0,"key":"Fire Potion"},{"floor":5.0,"key":"Fire Potion"},{"floor":7.0,"key":"PowerPotion"},{"floor":10.0,"key":"Block Potion"},{"floor":11.0,"key":"Regen Potion"},{"floor":22.0,"key":"Weak Potion"},{"floor":28.0,"key":"Block Potion"},{"floor":35.0,"key":"Strength Potion"},{"floor":41.0,"key":"Explosive Potion"}],"is_trial":false,"path_per_floor":["M","?","?","M","M","E","M","R","T","M","M","R","E","?","R","B",null,"M","?","?","?","M","R","E","R","T","R","M","R","E","M","R","B",null,"M","?","?","$","?","R","M","M","T","R","$","M","M","$","R","B",null],"character_chosen":"IRONCLAD","items_purchased":["Omamori","Ancient Tea Set","Mercury Hourglass","Frozen Eye","Seeing Red","Reaper","Ghostly Armor","Inflame","HandDrill"],"campfire_rested":2,"item_purchase_floors":[38,45,45,45,45,45,45,45,48],"current_hp_per_floor":[74,74,74,75,75,59,59,59,59,59,62,62,66,62,62,30,64,48,63,56,56,55,55,54,54,54,54,50,50,38,34,34,8,58,52,52,52,52,52,61,32,8,8,38,38,38,27,27,60,17],"gold":149,"neow_bonus":"THREE_ENEMY_KILL","is_prod":false,"is_daily":false,"chose_seed":false,"campfire_upgraded":9,"win_rate":0,"timestamp":1551359419,"path_taken":["M","?","?","?","M","E","M","R","T","M","M","R","E","?","R","BOSS","M","?","?","?","?","R","E","R","T","R","M","R","E","M","R","BOSS","M","?","?","$","?","R","M","M","T","R","$","M","M","?","R","BOSS"],"build_version":"2019-01-23","purchased_purges":2,"victory":true,"max_hp_per_floor":[75,75,75,75,75,75,75,75,75,75,75,75,75,75,75,75,75,75,75,75,75,75,75,75,75,75,75,75,75,75,75,75,75,75,75,71,71,71,71,71,71,71,71,71,71,71,71,71,71,71],"card_choices":[{"not_picked":["Metallicize","Heavy Blade"],"picked":"Cleave","floor":1.0},{"not_picked":["Evolve","Shockwave","Ghostly Armor"],"picked":"SKIP","floor":4.0},{"not_picked":["Havoc","Heavy Blade"],"picked":"Whirlwind","floor":5.0},{"not_picked":["Power Through","Metallicize","Clothesline"],"picked":"SKIP","floor":6.0},{"not_picked":["Perfected Strike","Pommel Strike"],"picked":"Thunderclap","floor":7.0},{"not_picked":["Shrug It Off","Clothesline","Sentinel"],"picked":"SKIP","floor":10.0},{"not_picked":["Pommel Strike","Ghostly Armor","Cleave"],"picked":"SKIP","floor":11.0},{"not_picked":["Pommel Strike","Cleave"],"picked":"Ghostly Armor","floor":11.0},{"not_picked":["Fire Breathing","Entrench"],"picked":"Flex","floor":13.0},{"not_picked":["Power Through","Immolate"],"picked":"Metallicize","floor":14.0},{"not_picked":["Cleave+1"],"picked":"SKIP","floor":18.0},{"not_picked":["Flex"],"picked":"SKIP","floor":22.0},{"not_picked":["Flex"],"picked":"SKIP","floor":24.0},{"not_picked":["Seeing Red"],"picked":"SKIP","floor":28.0},{"not_picked":["Headbutt"],"picked":"SKIP","floor":30.0},{"not_picked":["Heavy Blade+1"],"picked":"SKIP","floor":31.0},{"not_picked":[],"picked":"Demon Form","floor":33.0},{"not_picked":["Pommel Strike"],"picked":"SKIP","floor":35.0},{"not_picked":["Rage"],"picked":"SKIP","floor":41.0},{"not_picked":["Armaments"],"picked":"SKIP","floor":42.0},{"not_picked":["Fire Breathing+1"],"picked":"SKIP","floor":46.0},{"not_picked":["Clash+1"],"picked":"SKIP","floor":47.0}],"player_experience":953981,"relics_obtained":[{"floor":6.0,"key":"Red Skull"},{"floor":9.0,"key":"Oddly Smooth Stone"},{"floor":13.0,"key":"Orichalcum"},{"floor":14.0,"key":"Pen Nib"},{"floor":20.0,"key":"Ice Cream"},{"floor":20.0,"key":"Letter Opener"},{"floor":24.0,"key":"Centennial Puzzle"},{"floor":26.0,"key":"Lantern"},{"floor":30.0,"key":"Tiny Chest"},{"floor":43.0,"key":"Juzu Bracelet"}],"event_choices":[{"cards_removed":["Strike_R"],"damage_healed":0.0,"max_hp_gain":0.0,"max_hp_loss":0.0,"gold_gain":0.0,"event_name":"The Cleric","player_choice":"Card Removal","floor":2.0,"gold_loss":75.0,"damage_taken":0.0},{"damage_healed":0.0,"max_hp_gain":0.0,"max_hp_loss":0.0,"gold_gain":0.0,"cards_transformed":["Strike_R"],"event_name":"Transmorgrifier","player_choice":"Transformed","floor":3.0,"gold_loss":0.0,"damage_taken":0.0,"cards_obtained":["Offering"]},{"damage_healed":0.0,"max_hp_gain":0.0,"max_hp_loss":0.0,"gold_gain":0.0,"event_name":"Dead Adventurer","player_choice":"Searched \u00271\u0027 times","floor":14.0,"gold_loss":0.0,"damage_taken":0.0},{"damage_healed":15.0,"max_hp_gain":0.0,"max_hp_loss":0.0,"gold_gain":0.0,"event_name":"The Library","player_choice":"Heal","floor":19.0,"gold_loss":0.0,"damage_taken":0.0},{"damage_healed":0.0,"max_hp_gain":0.0,"max_hp_loss":0.0,"gold_gain":0.0,"event_name":"Colosseum","player_choice":"Fight","floor":20.0,"gold_loss":0.0,"damage_taken":0.0},{"damage_healed":0.0,"max_hp_gain":0.0,"max_hp_loss":0.0,"gold_gain":0.0,"event_name":"Colosseum","player_choice":"Fought Nobs","floor":20.0,"gold_loss":0.0,"damage_taken":0.0},{"damage_healed":0.0,"max_hp_gain":0.0,"max_hp_loss":0.0,"gold_gain":0.0,"event_name":"Accursed Blacksmith","player_choice":"Rummage","floor":21.0,"gold_loss":0.0,"damage_taken":0.0,"relics_obtained":["WarpedTongs"],"cards_obtained":["Pain"]},{"damage_healed":0.0,"max_hp_gain":0.0,"max_hp_loss":4.0,"gold_gain":0.0,"event_name":"Winding Halls","player_choice":"Max HP","floor":36.0,"gold_loss":0.0,"damage_taken":0.0},{"damage_healed":0.0,"max_hp_gain":0.0,"max_hp_loss":0.0,"gold_gain":0.0,"event_name":"SensoryStone","player_choice":"Memory 1","floor":37.0,"gold_loss":0.0,"damage_taken":0.0},{"damage_healed":0.0,"max_hp_gain":0.0,"max_hp_loss":0.0,"gold_gain":999.0,"event_name":"MindBloom","player_choice":"Gold","floor":39.0,"gold_loss":0.0,"damage_taken":0.0,"cards_obtained":["Normality","Normality"]}],"is_beta":false,"boss_relics":[{"not_picked":["Empty Cage","Cursed Key"],"picked":"Busted Crown"},{"not_picked":["Velvet Choker","Fusion Hammer"],"picked":"Eternal Feather"}],"items_purged_floors":[38,45],"is_endless":false,"potions_floor_spawned":[1,5,7,10,11,20,22,28,35,41,46],"ascension_level":17}