{"path_per_floor":["M","M","?","M","$","E","M","M","T","M","R","$","M","M","R"],"character_chosen":"IRONCLAD","items_purchased":["Bronze Scales"],"gold_per_floor":[117,129,129,145,2,32,46,66,66,85,85,10,20,37,37],"floor_reached":16,"campfire_rested":1,"playtime":629,"current_hp_per_floor":[80,78,71,71,71,22,21,23,23,19,19,19,25,27,51],"items_purged":["Defend_R"],"gold":37,"score":106,"play_id":"c7207473-24a9-4b6c-bb6a-512e21555926","local_time":"20180304142255","is_prod":false,"is_daily":false,"is_ascension_mode":false,"campfire_upgraded":1,"timestamp":1520191375,"path_taken":["M","?","?","?","$","E","M","M","T","M","R","$","M","M","R","BOSS"],"build_version":"2018-03-01-PROD1","purchased_purges":1,"victory":false,"master_deck":["Strike_R","Strike_R","Strike_R","Strike_R","Strike_R","Defend_R","Defend_R","Bash","Impervious","Battle Trance","Headbutt","Headbutt","Perfected Strike","Limit Break+1","Twin Strike","Twin Strike"],"max_hp_per_floor":[80,80,80,80,80,80,80,80,80,80,80,80,80,80,80],"relics":["Burning Blood","Bronze Scales","Prayer Wheel","Dead Branch"],"card_choices":[{"not_picked":["Havoc","Heavy Blade"],"picked":"Impervious"},{"not_picked":["Bloodletting","Armaments"],"picked":"Battle Trance"},{"not_picked":["Armaments","Fire Breathing"],"picked":"Headbutt"},{"not_picked":["Sword Boomerang","Pommel Strike"],"picked":"Headbutt"},{"not_picked":["Sever Soul","Bloodletting"],"picked":"Perfected Strike"},{"not_picked":["Carnage","Armaments"],"picked":"Limit Break"},{"not_picked":["True Grit","Clash"],"picked":"Twin Strike"},{"not_picked":["Shrug It Off","Cleave"],"picked":"Twin Strike"}],"player_experience":91347,"potions_floor_usage":[7,14,16,16],"damage_taken":[{"damage":1,"enemies":"Cultist","floor":1,"turns":3},{"damage":8,"enemies":"2 Louse","floor":2,"turns":3},{"damage":6,"enemies":"Jaw Worm","floor":4,"turns":3},{"damage":55,"enemies":"Lagavulin","floor":6,"turns":10},{"damage":7,"enemies":"2 Fungi Beasts","floor":7,"turns":2},{"damage":4,"enemies":"Blue Slaver","floor":8,"turns":4},{"damage":10,"enemies":"Looter","floor":10,"turns":3},{"damage":0,"enemies":"2 Fungi Beasts","floor":13,"turns":3},{"damage":4,"enemies":"Gremlin Gang","floor":14,"turns":3},{"damage":52,"enemies":"The Guardian","floor":16,"turns":6}],"event_choices":[{"event_name":"Golden Wing","player_choice":"Card Removal","floor":3,"damage_taken":0}],"boss_relics":[],"potions_floor_spawned":[1,4,7,10,13],"seed_played":"-1093531324052062467","killed_by":"The Guardian","ascension_level":0,"is_trial":false}