{"gold_per_floor":[113,14,24,41,41,41,75,7,7,7,18,30,41,66,66,163,163,175,194,194,40,59,59,59,59,59,88,100,127,139,161,173,289,301,331,25,39,55,65,65,96,96,96,96,96,18,18,18,18,18],"floor_reached":51,"playtime":4406,"items_purged":["Strike_G","Deflect"],"score":710,"play_id":"a8bd5e8c-395c-4ae0-be26-5ecf695aeb5d","local_time":"20190202111839","is_ascension_mode":true,"campfire_choices":[{"data":"Neutralize","floor":6,"key":"SMITH"},{"data":"Backflip","floor":10,"key":"SMITH"},{"data":"Backflip","floor":15,"key":"SMITH"},{"floor":23,"key":"REST"},{"data":"Noxious Fumes","floor":25,"key":"SMITH"},{"floor":30,"key":"REST"},{"floor":32,"key":"REST"},{"floor":40,"key":"REST"},{"floor":45,"key":"REST"},{"data":"Blur","floor":49,"key":"SMITH"}],"neow_cost":"NONE","seed_source_timestamp":1119407980282122,"circlet_count":0,"master_deck":["Defend_G+1","Defend_G+1","Defend_G+1","Defend_G+1","Defend_G+1","Strike_G+1","Survivor","Neutralize+1","Bane","Acrobatics","Blade Dance","Backflip+1","Backflip+1","Dagger Spray","Blade Dance","All Out Attack","Flying Knee","Envenom","Predator","Flying Knee","Crippling Poison","Noxious Fumes+1","Expertise","Dodge and Roll","Adrenaline","Eviscerate+1","Malaise","Backflip+1","Dash+1","Apotheosis","Predator+1","Catalyst+1","Parasite","Blur+1"],"relics":["Ring of the Snake","Oddly Smooth Stone","Bottled Lightning","Vajra","Odd Mushroom","Snecko Eye","Molten Egg 2","MawBank","Empty Cage","Juzu Bracelet","Blue Candle"],"potions_floor_usage":[16,22,22,27,33,37,39,41,41,50,50],"damage_taken":[{"damage":0,"enemies":"2 Louse","floor":1,"turns":3},{"damage":0,"enemies":"Jaw Worm","floor":3,"turns":4},{"damage":3,"enemies":"Small Slimes","floor":4,"turns":3},{"damage":19,"enemies":"Gremlin Nob","floor":7,"turns":6},{"damage":0,"enemies":"Blue Slaver","floor":11,"turns":4},{"damage":0,"enemies":"Exordium Wildlife","floor":12,"turns":4},{"damage":8,"enemies":"Gremlin Gang","floor":13,"turns":5},{"damage":0,"enemies":"The Mushroom Lair","floor":14,"turns":3},{"damage":22,"enemies":"The Guardian","floor":16,"turns":13},{"damage":3,"enemies":"Chosen","floor":18,"turns":5},{"damage":6,"enemies":"3 Byrds","floor":19,"turns":4},{"damage":29,"enemies":"3 Cultists","floor":22,"turns":6},{"damage":1,"enemies":"Colosseum Slavers","floor":24,"turns":5},{"damage":39,"enemies":"Book of Stabbing","floor":27,"turns":8},{"damage":0,"enemies":"Shelled Parasite and Fungi","floor":29,"turns":3},{"damage":4,"enemies":"Centurion and Healer","floor":31,"turns":6},{"damage":19,"enemies":"Champ","floor":33,"turns":11},{"damage":12,"enemies":"3 Darklings","floor":35,"turns":4},{"damage":13,"enemies":"3 Shapes","floor":37,"turns":2},{"damage":10,"enemies":"Jaw Worm Horde","floor":38,"turns":4},{"damage":20,"enemies":"Writhing Mass","floor":39,"turns":8},{"damage":29,"enemies":"Nemesis","floor":41,"turns":7},{"damage":64,"enemies":"Awakened One","floor":50,"turns":18}],"seed_played":"3584533293534172665","potions_obtained":[{"floor":11,"key":"Explosive Potion"},{"floor":12,"key":"AttackPotion"},{"floor":13,"key":"SpeedPotion"},{"floor":16,"key":"GhostInAJar"},{"floor":22,"key":"Strength Potion"},{"floor":27,"key":"SpeedPotion"},{"floor":33,"key":"SkillPotion"},{"floor":37,"key":"EssenceOfSteel"},{"floor":38,"key":"FearPotion"},{"floor":39,"key":"Swift Potion"},{"floor":41,"key":"Fruit Juice"}],"is_trial":false,"path_per_floor":["M","$","M","M","?","R","E","$","T","R","M","M","M","?","R","B",null,"M","M","?","$","M","R","?","R","T","E","?","M","R","M","R","B",null,"M","$","M","M","M","R","E","?","T","?","R","$","$","?","R","B",null],"character_chosen":"THE_SILENT","items_purchased":["Acrobatics","Dagger Spray","Blade Dance","Crippling Poison","Noxious Fumes","Dash+1","Apotheosis","Blur"],"campfire_rested":5,"item_purchase_floors":[2,8,8,21,21,36,36,46],"current_hp_per_floor":[70,70,70,67,60,60,41,41,41,41,41,41,33,33,33,11,70,67,61,61,61,32,53,52,52,52,13,13,13,34,30,51,32,70,58,58,45,35,15,36,12,12,12,12,34,34,34,66,66,2],"gold":18,"neow_bonus":"RANDOM_COMMON_RELIC","is_prod":false,"is_daily":false,"chose_seed":false,"campfire_upgraded":5,"win_rate":0,"timestamp":1549106319,"path_taken":["M","$","M","M","?","R","E","$","T","R","M","M","M","?","R","BOSS","M","M","?","$","M","R","?","R","T","E","?","M","R","M","R","BOSS","M","$","M","M","M","R","E","?","T","?","R","?","$","?","R","BOSS"],"build_version":"2019-01-23","purchased_purges":2,"victory":true,"max_hp_per_floor":[70,70,70,70,70,70,70,70,70,70,70,70,70,70,70,70,70,70,70,70,70,70,70,70,70,70,70,70,70,70,70,70,70,70,70,70,70,70,70,70,75,75,75,75,75,75,75,66,66,66],"card_choices":[{"not_picked":["Endless Agony","Eviscerate"],"picked":"Bane","floor":1},{"not_picked":["Underhanded Strike","Expertise"],"picked":"Blade Dance","floor":3},{"not_picked":["Tactician","Catalyst"],"picked":"Backflip","floor":4},{"not_picked":["Prepared","Sucker Punch"],"picked":"Backflip","floor":7},{"not_picked":["Quick Slash","Choke"],"picked":"Deflect","floor":11},{"not_picked":["Dagger Spray","Unload"],"picked":"Deadly Poison","floor":12},{"not_picked":["Outmaneuver","Masterful Stab"],"picked":"All Out Attack","floor":13},{"not_picked":["PiercingWail","Outmaneuver"],"picked":"Flying Knee","floor":14},{"not_picked":["Wraith Form v2","Doppelganger"],"picked":"Envenom","floor":16},{"not_picked":["Bouncing Flask","Sucker Punch"],"picked":"Predator","floor":18},{"not_picked":["Slice","Expertise+1"],"picked":"Flying Knee","floor":19},{"not_picked":["Quick Slash","Flechettes"],"picked":"Expertise","floor":22},{"not_picked":["Slice+1","Dagger Spray+1"],"picked":"Dodge and Roll","floor":27},{"not_picked":["Reflex","Terror"],"picked":"Adrenaline","floor":29},{"not_picked":["Cloak And Dagger","Expertise"],"picked":"Eviscerate+1","floor":31},{"not_picked":["Phantasmal Killer","Tools of the Trade"],"picked":"Malaise","floor":33},{"not_picked":["Blur","Dagger Throw+1"],"picked":"Backflip+1","floor":35},{"not_picked":["Bane+1","Deflect"],"picked":"Predator+1","floor":37},{"not_picked":["Masterful Stab+1","Dash+1"],"picked":"Catalyst+1","floor":38},{"not_picked":["Malaise","Blade Dance","Slice+1"],"picked":"SKIP","floor":39},{"not_picked":["Infinite Blades","Masterful Stab+1","Flying Knee+1"],"picked":"SKIP","floor":41}],"player_experience":420946,"relics_obtained":[{"floor":7,"key":"Bottled Lightning"},{"floor":9,"key":"Vajra"},{"floor":14,"key":"Odd Mushroom"},{"floor":26,"key":"Molten Egg 2"},{"floor":27,"key":"MawBank"},{"floor":41,"key":"Juzu Bracelet"},{"floor":43,"key":"Blue Candle"}],"event_choices":[{"cards_removed":["Strike_G"],"damage_healed":0,"gold_gain":0,"player_choice":"Card Removal","damage_taken":7,"max_hp_gain":0,"max_hp_loss":0,"event_name":"Golden Wing","floor":5,"gold_loss":0},{"damage_healed":0,"gold_gain":0,"player_choice":"Fought Mushrooms","damage_taken":0,"max_hp_gain":0,"max_hp_loss":0,"event_name":"Mushrooms","floor":14,"gold_loss":0},{"damage_healed":0,"gold_gain":0,"player_choice":"Ignored","damage_taken":0,"max_hp_gain":0,"max_hp_loss":0,"event_name":"Ghosts","floor":20,"gold_loss":0},{"damage_healed":0,"gold_gain":0,"player_choice":"Fight","damage_taken":0,"max_hp_gain":0,"max_hp_loss":0,"event_name":"Colosseum","floor":24,"gold_loss":0},{"damage_healed":0,"gold_gain":0,"player_choice":"Fled From Nobs","damage_taken":0,"max_hp_gain":0,"max_hp_loss":0,"event_name":"Colosseum","floor":24,"gold_loss":0},{"damage_healed":0,"gold_gain":0,"player_choice":"Simplicity","damage_taken":0,"max_hp_gain":0,"max_hp_loss":0,"event_name":"Back to Basics","floor":28,"gold_loss":0,"cards_upgraded":["Defend_G","Defend_G","Defend_G","Defend_G","Defend_G","Strike_G","Strike_G","Strike_G"]},{"cards_removed":["Deadly Poison"],"damage_healed":0,"gold_gain":0,"player_choice":"Removed Skill","damage_taken":0,"max_hp_gain":0,"max_hp_loss":0,"event_name":"Falling","floor":42,"gold_loss":0},{"damage_healed":0,"gold_gain":0,"player_choice":"Ignored","damage_taken":0,"max_hp_gain":0,"max_hp_loss":0,"event_name":"Tomb of Lord Red Mask","floor":44,"gold_loss":0},{"damage_healed":66,"gold_gain":0,"player_choice":"Heal","damage_taken":0,"max_hp_gain":0,"max_hp_loss":9,"event_name":"The Moai Head","floor":48,"gold_loss":0}],"is_beta":false,"boss_relics":[{"not_picked":["Eternal Feather","Tiny House"],"picked":"Snecko Eye"},{"not_picked":["Busted Crown","Velvet Choker"],"picked":"Empty Cage"}],"items_purged_floors":[2,36],"is_endless":false,"potions_floor_spawned":[11,12,13,16,22,27,33,37,38,39,41],"ascension_level":2}