{"gold_per_floor":[20,34,46,46,46,72,72,99,174,99,117,117,130,230,230,332,332,342,353,253,265,283,283,158,158,158,185,185,205,221,238,238,335,335,345,365,379,379,392,392,423,423,423,448,463,463,138,150,150,150],"floor_reached":51,"playtime":3298,"items_purged":["Strike_G","Strike_G","Strike_G","Strike_G"],"score":766,"play_id":"ee4dd453-eb4a-4dd1-82df-706e0a1659e1","local_time":"20190120182051","is_ascension_mode":false,"campfire_choices":[{"data":"The Bomb","floor":7,"key":"SMITH"},{"data":"Neutralize","floor":12,"key":"SMITH"},{"data":"Backflip","floor":15,"key":"SMITH"},{"data":"Adrenaline","floor":23,"key":"SMITH"},{"data":"Deadly Poison","floor":25,"key":"SMITH"},{"data":"Deadly Poison","floor":28,"key":"SMITH"},{"data":"Impatience","floor":32,"key":"SMITH"},{"data":"Doppelganger","floor":40,"key":"SMITH"},{"data":"Escape Plan","floor":42,"key":"SMITH"},{"data":"Survivor","floor":49,"key":"SMITH"}],"neow_cost":"NO_GOLD","seed_source_timestamp":775883603073129,"circlet_count":0,"master_deck":["Defend_G","Defend_G","Defend_G","Defend_G","Defend_G","Survivor+1","Neutralize+1","The Bomb+1","Impatience+1","Deadly Poison+1","Deadly Poison+1","Backflip+1","Adrenaline+1","Bouncing Flask+1","Doppelganger+1","Escape Plan+1","Catalyst+1","Regret","Corpse Explosion+1","Madness+1","Madness+1","Blur+1"],"relics":["Ring of the Snake","Ginger","PreservedInsect","Darkstone Periapt","Coffee Dripper","Oddly Smooth Stone","Bronze Scales","Cursed Key","Toxic Egg 2","Blue Candle","Smiling Mask","Ornamental Fan"],"potions_floor_usage":[13,16,22,30,36,50,50,50,50,50,50],"damage_taken":[{"damage":1,"enemies":"Cultist","floor":1,"turns":4},{"damage":0,"enemies":"Small Slimes","floor":2,"turns":3},{"damage":4,"enemies":"2 Louse","floor":3,"turns":3},{"damage":18,"enemies":"Lagavulin","floor":6,"turns":8},{"damage":24,"enemies":"3 Sentries","floor":8,"turns":3},{"damage":4,"enemies":"Blue Slaver","floor":11,"turns":4},{"damage":14,"enemies":"Lots of Slimes","floor":13,"turns":7},{"damage":5,"enemies":"Hexaghost","floor":16,"turns":8},{"damage":8,"enemies":"Spheric Guardian","floor":18,"turns":5},{"damage":0,"enemies":"3 Byrds","floor":19,"turns":4},{"damage":0,"enemies":"3 Cultists","floor":21,"turns":3},{"damage":10,"enemies":"Centurion and Healer","floor":22,"turns":5},{"damage":9,"enemies":"Slavers","floor":27,"turns":3},{"damage":1,"enemies":"Cultist and Chosen","floor":29,"turns":3},{"damage":0,"enemies":"Snecko","floor":30,"turns":3},{"damage":2,"enemies":"Shelled Parasite and Fungi","floor":31,"turns":4},{"damage":24,"enemies":"Collector","floor":33,"turns":6},{"damage":13,"enemies":"3 Darklings","floor":35,"turns":3},{"damage":0,"enemies":"3 Shapes","floor":36,"turns":4},{"damage":2,"enemies":"Maw","floor":37,"turns":5},{"damage":1,"enemies":"Transient","floor":39,"turns":5},{"damage":0,"enemies":"Giant Head","floor":41,"turns":5},{"damage":15,"enemies":"Reptomancer","floor":44,"turns":4},{"damage":2,"enemies":"Spire Growth","floor":45,"turns":3},{"damage":2,"enemies":"Sphere and 2 Shapes","floor":48,"turns":3},{"damage":7,"enemies":"Awakened One","floor":50,"turns":10}],"seed_played":"-7071748355366260295","potions_obtained":[{"floor":1,"key":"Regen Potion"},{"floor":6,"key":"Swift Potion"},{"floor":11,"key":"Swift Potion"},{"floor":16,"key":"Regen Potion"},{"floor":19,"key":"SpeedPotion"},{"floor":22,"key":"Swift Potion"},{"floor":30,"key":"Swift Potion"},{"floor":35,"key":"GhostInAJar"},{"floor":37,"key":"Swift Potion"},{"floor":41,"key":"EntropicBrew"},{"floor":44,"key":"Poison Potion"}],"is_trial":false,"path_per_floor":["M","M","M","$","?","E","R","E","T","$","M","R","M","?","R","B",null,"M","M","$","M","M","R","$","R","T","E","R","M","M","M","R","B",null,"M","M","M","?","M","R","E","R","T","E","M","?","$","M","R","B",null],"character_chosen":"THE_SILENT","items_purchased":["Ornamental Fan","Blur+1"],"campfire_rested":0,"item_purchase_floors":[47,47],"current_hp_per_floor":[69,69,65,65,70,52,52,28,28,28,24,24,25,25,25,20,75,67,67,67,67,57,57,57,57,57,48,48,47,47,45,45,21,75,62,62,60,60,59,59,59,59,65,50,48,38,38,36,36,29],"gold":150,"neow_bonus":"RANDOM_COLORLESS_2","is_prod":false,"is_daily":false,"chose_seed":false,"campfire_upgraded":10,"win_rate":0,"timestamp":1547976051,"path_taken":["M","?","M","$","?","E","R","E","T","$","M","R","M","?","R","BOSS","M","M","$","M","M","R","$","R","T","E","R","?","M","M","R","BOSS","M","M","M","?","M","R","E","R","T","E","M","?","$","M","R","BOSS"],"build_version":"2019-01-17v2","purchased_purges":4,"victory":true,"max_hp_per_floor":[70,70,70,70,75,75,75,75,75,75,75,75,75,75,75,75,75,75,75,75,75,75,75,75,75,75,75,75,75,75,75,75,75,75,75,75,75,75,75,75,75,75,81,81,81,81,81,81,81,81],"card_choices":[{"not_picked":["Dash","PiercingWail"],"picked":"Deadly Poison","floor":1},{"not_picked":["Dagger Throw","Quick Slash","Blade Dance"],"picked":"SKIP","floor":2},{"not_picked":["Sucker Punch","Prepared"],"picked":"Deadly Poison","floor":3},{"not_picked":["PiercingWail","Accuracy","Setup"],"picked":"SKIP","floor":6},{"not_picked":["Cloak And Dagger","Eviscerate"],"picked":"Backflip","floor":8},{"not_picked":["Accuracy","Backstab","Cloak And Dagger"],"picked":"SKIP","floor":11},{"not_picked":["Endless Agony","Finisher","Quick Slash"],"picked":"SKIP","floor":13},{"not_picked":["Glass Knife","Doppelganger"],"picked":"Adrenaline","floor":16},{"not_picked":["Reflex","Leg Sweep","Quick Slash"],"picked":"SKIP","floor":18},{"not_picked":["Outmaneuver","Flying Knee","Infinite Blades+1"],"picked":"SKIP","floor":19},{"not_picked":["Bouncing Flask","Bane+1","Tactician"],"picked":"SKIP","floor":21},{"not_picked":["Underhanded Strike","Riddle With Holes","Dagger Throw"],"picked":"SKIP","floor":22},{"not_picked":["Acrobatics","Deadly Poison","Eviscerate"],"picked":"SKIP","floor":27},{"not_picked":["Cloak And Dagger","Accuracy"],"picked":"Bouncing Flask+1","floor":29},{"not_picked":["Finisher","Infinite Blades+1","Cloak And Dagger"],"picked":"SKIP","floor":30},{"not_picked":["Deflect","Expertise","Bouncing Flask+1"],"picked":"SKIP","floor":31},{"not_picked":["Unload","Night Terror"],"picked":"Doppelganger","floor":33},{"not_picked":["Blade Dance","Deadly Poison+1","Backflip"],"picked":"SKIP","floor":35},{"not_picked":["Cloak And Dagger","Tactician","Reflex+1"],"picked":"SKIP","floor":36},{"not_picked":["Caltrops","Prepared+1"],"picked":"Escape Plan","floor":37},{"not_picked":["PiercingWail","Quick Slash","Prepared"],"picked":"SKIP","floor":39},{"not_picked":["Expertise","Deadly Poison+1"],"picked":"Catalyst+1","floor":41},{"not_picked":["Distraction+1","Dash+1"],"picked":"Corpse Explosion+1","floor":44},{"not_picked":["Endless Agony+1","Acrobatics+1","Calculated Gamble+1"],"picked":"SKIP","floor":45},{"not_picked":["Reflex+1","Outmaneuver+1","Caltrops+1"],"picked":"SKIP","floor":48}],"player_experience":852982,"relics_obtained":[{"floor":6,"key":"Ginger"},{"floor":8,"key":"PreservedInsect"},{"floor":9,"key":"Darkstone Periapt"},{"floor":26,"key":"Oddly Smooth Stone"},{"floor":27,"key":"Bronze Scales"},{"floor":41,"key":"Toxic Egg 2"},{"floor":43,"key":"Blue Candle"},{"floor":44,"key":"Smiling Mask"}],"event_choices":[{"damage_healed":0,"gold_gain":0,"player_choice":"Donut","damage_taken":0,"max_hp_gain":5,"max_hp_loss":0,"event_name":"Big Fish","floor":5,"gold_loss":0},{"damage_healed":0,"gold_gain":100,"player_choice":"Pray","damage_taken":0,"max_hp_gain":0,"max_hp_loss":0,"event_name":"Golden Shrine","floor":14,"gold_loss":0},{"cards_removed":["Strike_G"],"damage_healed":0,"gold_gain":0,"player_choice":"Removed Attack","damage_taken":0,"max_hp_gain":0,"max_hp_loss":0,"event_name":"Falling","floor":38,"gold_loss":0},{"damage_healed":0,"gold_gain":0,"player_choice":"Embrace Madness","damage_taken":10,"max_hp_gain":0,"max_hp_loss":0,"event_name":"Winding Halls","floor":46,"gold_loss":0,"cards_obtained":["Madness","Madness"]}],"is_beta":false,"boss_relics":[{"not_picked":["Calling Bell","Ectoplasm"],"picked":"Coffee Dripper"},{"not_picked":["WristBlade","HoveringKite"],"picked":"Cursed Key"}],"items_purged_floors":[10,20,24,47],"is_endless":false,"potions_floor_spawned":[1,6,11,16,19,21,22,30,33,35,37,41,44],"ascension_level":0}