{"gold_per_floor":[113,18,33,33,47,47,47,62,143,143,25,45,64,80,80,182,182,200,125,135,41,51,51,51,51,97,5,5,25,25,41,41,142,142,160,57,57,77,88,88,99,99,126,138,5,5,5,5,5,5],"floor_reached":50,"playtime":2456,"items_purged":[],"score":509,"play_id":"f2792de5-8ac4-4c73-9513-180113c17112","local_time":"20180627230751","is_ascension_mode":false,"campfire_choices":[{"data":"Swift Strike","floor":6,"key":"SMITH"},{"data":"Zap","floor":10,"key":"SMITH"},{"data":"Scrape","floor":15,"key":"SMITH"},{"data":"Hello World","floor":23,"key":"SMITH"},{"data":"Creative AI","floor":30,"key":"SMITH"},{"data":"Dualcast","floor":32,"key":"SMITH"},{"data":"Madness","floor":40,"key":"SMITH"},{"floor":42,"key":"REST"},{"floor":47,"key":"REST"},{"data":"Hello World","floor":49,"key":"SMITH"}],"neow_cost":"NONE","seed_source_timestamp":1227201546515572,"circlet_count":0,"master_deck":["Defend_B","Defend_B","Defend_B","Zap+1","Dualcast+1","Steam","Swift Strike+1","Scrape+1","Cold Snap","Coolheaded","Reprogram","FTL","Gash","FTL","Go for the Eyes","Creative AI+1","Auto Shields+1","Aggregate+1","Chill","White Noise+1","Go for the Eyes","Hello World+1","Gash","Dramatic Entrance","Beam Cell","Steam+1","All For One","Mind Blast","Madness","Madness+1","Scrape","Coolheaded+1","Finesse","Hello World+1","Secret Weapon"],"relics":["Cracked Core","Singing Bowl","Mercury Hourglass","Astrolabe","Bag of Marbles","Black Star","Juzu Bracelet"],"potions_floor_usage":[16,16,16,33,33,44,50],"damage_taken":[{"damage":1,"enemies":"Cultist","floor":1,"turns":3},{"damage":0,"enemies":"Small Slimes","floor":3,"turns":2},{"damage":1,"enemies":"Jaw Worm","floor":5,"turns":4},{"damage":2,"enemies":"Exordium Thugs","floor":8,"turns":5},{"damage":10,"enemies":"Blue Slaver","floor":12,"turns":3},{"damage":0,"enemies":"2 Fungi Beasts","floor":13,"turns":2},{"damage":0,"enemies":"Exordium Wildlife","floor":14,"turns":2},{"damage":30,"enemies":"The Guardian","floor":16,"turns":9},{"damage":18,"enemies":"3 Byrds","floor":18,"turns":3},{"damage":0,"enemies":"Chosen","floor":20,"turns":3},{"damage":15,"enemies":"Centurion and Healer","floor":22,"turns":6},{"damage":21,"enemies":"Snake Plant","floor":29,"turns":5},{"damage":10,"enemies":"Sentry and Sphere","floor":31,"turns":4},{"damage":28,"enemies":"Collector","floor":33,"turns":9},{"damage":24,"enemies":"3 Shapes","floor":35,"turns":3},{"damage":11,"enemies":"Orb Walker","floor":38,"turns":4},{"damage":11,"enemies":"Sphere and 2 Shapes","floor":39,"turns":4},{"damage":10,"enemies":"3 Darklings","floor":41,"turns":3},{"damage":17,"enemies":"Maw","floor":44,"turns":6},{"damage":85,"enemies":"Donu and Deca","floor":50,"turns":5}],"seed_played":"-1361099303324377191","potions_obtained":[{"floor":3,"key":"LiquidBronze"},{"floor":5,"key":"SkillPotion"},{"floor":8,"key":"FocusPotion"},{"floor":16,"key":"Fire Potion"},{"floor":18,"key":"AttackPotion"},{"floor":29,"key":"SpeedPotion"},{"floor":41,"key":"FearPotion"},{"floor":44,"key":"Regen Potion"}],"is_trial":false,"path_per_floor":["M","$","M","?","M","R","?","M","T","R","$","M","M","M","R","B",null,"M","?","M","$","M","R","?","?","T","$","?","M","R","M","R","B",null,"M","$","?","M","M","R","M","R","T","M","$","?","R","?","R"],"character_chosen":"DEFECT","items_purchased":["Swift Strike","Reprogram","FTL","Go for the Eyes","Hello World","Dramatic Entrance","Mind Blast","Finesse","Hello World"],"campfire_rested":2,"item_purchase_floors":[2,11,11,21,21,27,36,45,45],"current_hp_per_floor":[74,74,74,74,73,73,73,71,71,71,71,61,61,61,61,31,75,57,57,57,57,44,44,44,87,87,87,87,66,66,56,56,28,87,65,65,54,45,34,34,26,53,53,36,36,36,63,63,63,0],"gold":5,"neow_bonus":"ONE_RANDOM_RARE_CARD","is_prod":false,"is_daily":false,"chose_seed":false,"campfire_upgraded":8,"win_rate":0,"timestamp":1530155271,"path_taken":["M","$","?","?","M","R","?","M","T","R","?","M","?","?","R","BOSS","M","?","?","$","M","R","?","?","T","?","?","M","R","M","R","BOSS","M","$","?","?","M","R","M","R","T","M","?","?","R","?","R","BOSS"],"build_version":"2018-06-21v2","purchased_purges":0,"victory":false,"max_hp_per_floor":[75,75,75,75,75,75,75,75,75,75,75,75,75,75,75,75,75,75,75,75,75,77,77,77,87,87,87,87,87,87,87,87,87,87,89,89,89,91,91,91,93,93,93,93,93,93,93,93,93,93],"card_choices":[{"not_picked":["Ball Lightning","Reinforced Body"],"picked":"Steam","floor":1},{"not_picked":["Undo","Barrage"],"picked":"Scrape","floor":3},{"not_picked":["Compile Driver","Conserve Battery"],"picked":"Cold Snap","floor":5},{"not_picked":["Stack","Recycle"],"picked":"Coolheaded","floor":8},{"not_picked":["White Noise","Leap"],"picked":"Gash","floor":12},{"not_picked":["Rip and Tear","Ball Lightning"],"picked":"FTL","floor":13},{"not_picked":["Redo","Sweeping Beam"],"picked":"Go for the Eyes","floor":14},{"not_picked":["Thunder Strike","Amplify"],"picked":"Creative AI","floor":16},{"not_picked":["Hologram","Reinforced Body"],"picked":"Chill","floor":18},{"not_picked":["Redo","Sweeping Beam"],"picked":"White Noise+1","floor":20},{"not_picked":["Barrage","Recycle","Glacier"],"picked":"Singing Bowl","floor":22},{"not_picked":["Ball Lightning","Conserve Battery+1"],"picked":"Beam Cell","floor":29},{"not_picked":["Sweeping Beam+1","Conserve Battery"],"picked":"Steam+1","floor":31},{"not_picked":["Echo Form","Buffer"],"picked":"All For One","floor":33},{"not_picked":["Barrage","Turbo+1","Genetic Algorithm+1"],"picked":"Singing Bowl","floor":35},{"not_picked":["Consume","Capacitor","Chaos"],"picked":"Singing Bowl","floor":38},{"not_picked":["Turbo","Rebound+1"],"picked":"Scrape","floor":39},{"not_picked":["Hologram","Cold Snap+1","Capacitor"],"picked":"Singing Bowl","floor":41},{"not_picked":["Rebound","Leap+1"],"picked":"Coolheaded+1","floor":44},{"not_picked":["Flash of Steel","Good Instincts"],"picked":"Secret Weapon","floor":46}],"player_experience":534308,"relics_obtained":[{"floor":9,"key":"Mercury Hourglass"},{"floor":26,"key":"Bag of Marbles"},{"floor":43,"key":"Juzu Bracelet"}],"event_choices":[{"event_name":"The Cleric","player_choice":"Leave","floor":4,"damage_taken":0},{"event_name":"Dead Adventurer","player_choice":"Searched \u00271\u0027 times","floor":7,"damage_taken":0},{"event_name":"Beggar","player_choice":"Gave Gold","floor":19,"damage_taken":0},{"event_name":"The Library","player_choice":"Read","floor":24,"damage_taken":0},{"event_name":"Bonfire Elementals","player_choice":"RARE","floor":25,"damage_taken":0},{"event_name":"Back to Basics","player_choice":"Elegance","floor":28,"damage_taken":0},{"event_name":"Winding Halls","player_choice":"Embrace Madness","floor":37,"damage_taken":0},{"event_name":"SensoryStone","player_choice":"Memory 1","floor":46,"damage_taken":0},{"event_name":"Falling","player_choice":"Removed Skill","floor":48,"damage_taken":0}],"boss_relics":[{"not_picked":["Orrery","Tiny House"],"picked":"Astrolabe"},{"not_picked":["Philosopher\u0027s Stone","Runic Pyramid"],"picked":"Black Star"}],"items_purged_floors":[],"is_endless":false,"potions_floor_spawned":[3,5,8,16,18,29,41,44],"killed_by":"Donu and Deca","ascension_level":0}