{"gold_per_floor":[212,232,332,2,19,53,72,72,97,97,108,108,121,132,132,209,209,219,134,145,164,164,164,89,89,139,139,153,167,167,198,198,272,272,287,387,399,399,299,299,326,326,397,411,421,421,434,309,309,309],"floor_reached":51,"playtime":11707,"items_purged":["Strike_R","Strike_R","Strike_R"],"score":1146,"play_id":"3fa70fda-5536-49ee-b20d-cfa532648182","local_time":"20190227121814","is_ascension_mode":true,"campfire_choices":[{"floor":8,"key":"REST"},{"floor":10,"key":"REST"},{"data":"Armaments","floor":12,"key":"SMITH"},{"data":"Metallicize","floor":15,"key":"SMITH"},{"floor":23,"key":"REST"},{"data":"Demon Form","floor":25,"key":"SMITH"},{"data":"Shockwave","floor":27,"key":"SMITH"},{"floor":30,"key":"REST"},{"data":"True Grit","floor":32,"key":"SMITH"},{"floor":40,"key":"REST"},{"data":"Panacea","floor":42,"key":"SMITH"},{"floor":49,"key":"REST"}],"neow_cost":"NONE","seed_source_timestamp":169228979169000,"circlet_count":0,"master_deck":["AscendersBane","Strike_R","Strike_R","Defend_R","Defend_R","Defend_R","Defend_R","Bash","Clothesline","Metallicize+1","Armaments+1","Shockwave+1","Headbutt","Demon Form+1","Shrug It Off","Battle Trance+1","True Grit+1","Metallicize","Rampage","Panacea+1","Reaper"],"relics":["Burning Blood","Kunai","Omamori","Anchor","Velvet Choker","Strawberry","Regal Pillow","Du-Vu Doll","Mark of Pain","Champion Belt","Gremlin Horn","Letter Opener"],"potions_floor_usage":[7,20,22,33,36,47],"damage_taken":[{"damage":3,"enemies":"2 Louse","floor":1,"turns":4},{"damage":10,"enemies":"Cultist","floor":2,"turns":5},{"damage":15,"enemies":"Small Slimes","floor":5,"turns":3},{"damage":44,"enemies":"Lagavulin","floor":6,"turns":13},{"damage":14,"enemies":"3 Louse","floor":7,"turns":5},{"damage":7,"enemies":"Exordium Wildlife","floor":11,"turns":5},{"damage":0,"enemies":"Blue Slaver","floor":13,"turns":5},{"damage":8,"enemies":"Large Slime","floor":14,"turns":7},{"damage":55,"enemies":"Hexaghost","floor":16,"turns":15},{"damage":8,"enemies":"Shell Parasite","floor":18,"turns":5},{"damage":7,"enemies":"Spheric Guardian","floor":20,"turns":4},{"damage":11,"enemies":"Centurion and Healer","floor":21,"turns":5},{"damage":23,"enemies":"Colosseum Slavers","floor":22,"turns":6},{"damage":24,"enemies":"Snake Plant","floor":28,"turns":4},{"damage":13,"enemies":"Snecko","floor":29,"turns":5},{"damage":15,"enemies":"Book of Stabbing","floor":31,"turns":6},{"damage":44,"enemies":"Collector","floor":33,"turns":9},{"damage":0,"enemies":"3 Shapes","floor":35,"turns":9},{"damage":1,"enemies":"Mind Bloom Boss Battle","floor":36,"turns":7},{"damage":47,"enemies":"3 Darklings","floor":37,"turns":7},{"damage":23,"enemies":"Giant Head","floor":41,"turns":8},{"damage":14,"enemies":"Sphere and 2 Shapes","floor":44,"turns":7},{"damage":22,"enemies":"Writhing Mass","floor":45,"turns":7},{"damage":18,"enemies":"4 Shapes","floor":47,"turns":5},{"damage":83,"enemies":"Awakened One","floor":50,"turns":15}],"seed_played":"8793912312289812027","potions_obtained":[{"floor":6,"key":"Weak Potion"},{"floor":13,"key":"SpeedPotion"},{"floor":14,"key":"SpeedPotion"},{"floor":18,"key":"Block Potion"},{"floor":20,"key":"BloodPotion"},{"floor":21,"key":"Block Potion"},{"floor":35,"key":"Block Potion"},{"floor":44,"key":"SpeedPotion"}],"is_trial":false,"path_per_floor":["M","M","?","$","M","E","M","R","T","R","M","R","M","M","R","B",null,"M","?","M","M","?","R","$","R","T","R","M","M","R","E","R","B",null,"M","?","M","?","$","R","E","R","T","M","M","?","M","$","R","B",null],"character_chosen":"IRONCLAD","items_purchased":["Kunai","Metallicize"],"campfire_rested":6,"item_purchase_floors":[4,4],"current_hp_per_floor":[71,67,67,67,58,20,12,34,34,56,55,55,61,59,59,10,59,57,64,63,58,41,65,65,65,65,65,47,40,79,70,70,40,72,78,82,41,41,41,80,63,63,63,55,39,39,27,27,66,29],"gold":309,"neow_bonus":"HUNDRED_GOLD","is_prod":false,"is_daily":false,"chose_seed":false,"campfire_upgraded":6,"win_rate":0,"timestamp":1551287894,"path_taken":["M","M","?","$","M","E","?","R","T","R","M","R","M","M","R","BOSS","M","?","M","M","?","R","$","R","T","R","M","M","R","E","R","BOSS","M","?","M","?","$","R","E","R","T","M","M","?","M","?","R","BOSS"],"build_version":"2019-01-23","purchased_purges":3,"victory":true,"max_hp_per_floor":[75,75,75,75,75,75,75,75,75,75,75,75,75,75,75,75,75,75,82,82,82,82,82,82,82,82,82,82,82,82,82,82,82,82,82,82,82,82,82,82,82,82,82,82,82,82,82,82,82,82],"card_choices":[{"not_picked":["Havoc","Flex","Power Through"],"picked":"SKIP","floor":1},{"not_picked":["Burning Pact","Wild Strike"],"picked":"Clothesline","floor":2},{"not_picked":["Rupture","Pommel Strike"],"picked":"Armaments","floor":5},{"not_picked":["Hemokinesis","Dropkick"],"picked":"Shockwave","floor":6},{"not_picked":["Armaments","Thunderclap","Pommel Strike"],"picked":"SKIP","floor":7},{"not_picked":["Combust","Feel No Pain"],"picked":"Headbutt","floor":11},{"not_picked":["Armaments","Headbutt","Wild Strike"],"picked":"SKIP","floor":13},{"not_picked":["Bloodletting","Power Through","Heavy Blade"],"picked":"SKIP","floor":14},{"not_picked":["Brutality","Limit Break"],"picked":"Demon Form","floor":16},{"not_picked":["Anger","Warcry","Wild Strike"],"picked":"SKIP","floor":18},{"not_picked":["Clothesline","Sword Boomerang"],"picked":"Shrug It Off","floor":20},{"not_picked":["Burning Pact","Power Through"],"picked":"Battle Trance+1","floor":21},{"not_picked":["Anger","Clothesline"],"picked":"True Grit","floor":28},{"not_picked":["Flex","Headbutt"],"picked":"Metallicize","floor":29},{"not_picked":["Searing Blow","Perfected Strike"],"picked":"Rampage","floor":31},{"not_picked":["Perfected Strike","Whirlwind","Clash"],"picked":"SKIP","floor":35},{"not_picked":["Spot Weakness","Flex","Sword Boomerang"],"picked":"SKIP","floor":37},{"not_picked":["Impatience","Chrysalis"],"picked":"Panacea","floor":38},{"not_picked":["Bloodletting","Wild Strike","Carnage"],"picked":"SKIP","floor":41},{"not_picked":["Havoc","Cleave+1","Flex"],"picked":"SKIP","floor":44},{"not_picked":["Spot Weakness","Thunderclap"],"picked":"Sword Boomerang","floor":45},{"not_picked":["Fire Breathing","Shockwave"],"picked":"Reaper","floor":47}],"player_experience":1378203,"relics_obtained":[{"floor":6,"key":"Omamori"},{"floor":9,"key":"Anchor"},{"floor":26,"key":"Regal Pillow"},{"floor":31,"key":"Du-Vu Doll"},{"floor":36,"key":"Champion Belt"},{"floor":41,"key":"Gremlin Horn"},{"floor":43,"key":"Letter Opener"}],"event_choices":[{"damage_healed":0,"gold_gain":100,"player_choice":"Pray","damage_taken":0,"max_hp_gain":0,"max_hp_loss":0,"event_name":"Golden Shrine","floor":3,"gold_loss":0},{"damage_healed":0,"gold_gain":0,"player_choice":"Obtained Relic","damage_taken":0,"relics_obtained":["Strawberry"],"max_hp_gain":0,"max_hp_loss":0,"event_name":"Addict","floor":19,"gold_loss":85},{"damage_healed":0,"gold_gain":0,"player_choice":"Fight","damage_taken":0,"max_hp_gain":0,"max_hp_loss":0,"event_name":"Colosseum","floor":22,"gold_loss":0},{"damage_healed":0,"gold_gain":0,"player_choice":"Fled From Nobs","damage_taken":0,"max_hp_gain":0,"max_hp_loss":0,"event_name":"Colosseum","floor":22,"gold_loss":0},{"damage_healed":0,"gold_gain":0,"player_choice":"Fight","damage_taken":0,"max_hp_gain":0,"max_hp_loss":0,"event_name":"MindBloom","floor":36,"gold_loss":0},{"damage_healed":0,"gold_gain":0,"player_choice":"Memory 1","damage_taken":0,"max_hp_gain":0,"max_hp_loss":0,"event_name":"SensoryStone","floor":38,"gold_loss":0},{"cards_removed":["Sword Boomerang"],"damage_healed":0,"gold_gain":0,"player_choice":"Removed Attack","damage_taken":0,"max_hp_gain":0,"max_hp_loss":0,"event_name":"Falling","floor":46,"gold_loss":0}],"is_beta":false,"boss_relics":[{"not_picked":["Empty Cage","Cursed Key"],"picked":"Velvet Choker"},{"not_picked":["Lizard Tail","Snecko Eye"],"picked":"Mark of Pain"}],"items_purged_floors":[24,39,48],"is_endless":false,"potions_floor_spawned":[6,13,14,18,20,21,35,44],"ascension_level":14}