{"path_per_floor":["M","?","M","?","?","E","R","$","T","M","R","$","R","M","R"],"character_chosen":"THE_SILENT","items_purchased":["Ninja Scroll","Blood Vial"],"gold_per_floor":[119,194,213,213,213,546,546,69,69,88,88,88,88,106,106,106],"floor_reached":16,"campfire_rested":0,"playtime":813,"item_purchase_floors":[8,8],"current_hp_per_floor":[77,66,58,58,63,21,21,21,21,23,23,23,23,25,25,0],"items_purged":["Defend_G"],"gold":106,"score":167,"play_id":"8739da13-87fe-4721-a854-66b4b19b5c28","local_time":"20180531013522","is_prod":false,"is_daily":false,"chose_seed":false,"is_ascension_mode":true,"campfire_upgraded":4,"win_rate":0,"timestamp":1527698122,"campfire_choices":[{"data":"Neutralize","floor":7,"key":"SMITH"},{"data":"Accuracy","floor":11,"key":"SMITH"},{"data":"Cloak And Dagger","floor":13,"key":"SMITH"},{"data":"Well Laid Plans","floor":15,"key":"SMITH"}],"path_taken":["M","?","?","?","?","E","R","$","T","M","R","?","R","M","R","BOSS"],"build_version":"2018-05-24","seed_source_timestamp":619695844650024,"purchased_purges":1,"victory":false,"master_deck":["Defend_G","Defend_G","Defend_G","Defend_G","Strike_G","Strike_G","Strike_G","Strike_G","Strike_G","Survivor","Neutralize+1","Cloak And Dagger+1","Backstab","Well Laid Plans+1","Accuracy+1"],"max_hp_per_floor":[84,84,84,81,86,86,86,86,86,86,86,86,86,86,86,86],"relics":["Ring of the Snake","Old Coin","Ninja Scroll","Blood Vial","Kunai"],"card_choices":[{"not_picked":["Poisoned Stab","Finisher"],"picked":"Cloak And Dagger","floor":1},{"not_picked":["Prepared","Riddle With Holes"],"picked":"Backstab","floor":3},{"not_picked":["Leg Sweep","Setup"],"picked":"Well Laid Plans","floor":6},{"not_picked":["Underhanded Strike","Dagger Throw"],"picked":"Accuracy","floor":10},{"not_picked":["Corpse Explosion","Slice","Reflex"],"picked":"SKIP","floor":14}],"player_experience":700553,"potions_floor_usage":[6,16],"damage_taken":[{"damage":0,"enemies":"2 Louse","floor":1,"turns":3},{"damage":8,"enemies":"Small Slimes","floor":3,"turns":5},{"damage":42,"enemies":"Lagavulin","floor":6,"turns":7},{"damage":0,"enemies":"Cultist","floor":10,"turns":3},{"damage":0,"enemies":"Looter","floor":14,"turns":3},{"damage":30,"enemies":"Slime Boss","floor":16,"turns":15}],"relics_obtained":[{"floor":6,"key":"Old Coin"},{"floor":9,"key":"Kunai"}],"event_choices":[{"event_name":"World of Goop","player_choice":"Gather Gold","floor":2,"damage_taken":0},{"event_name":"Fountain of Cleansing","player_choice":"Removed Curse","floor":4,"damage_taken":0},{"event_name":"Big Fish","player_choice":"Donut","floor":5,"damage_taken":0}],"boss_relics":[],"items_purged_floors":[8],"potions_floor_spawned":[3,10],"seed_played":"-3526660198358571671","killed_by":"Slime Boss","ascension_level":9,"potions_obtained":[{"floor":3,"key":"Strength Potion"},{"floor":10,"key":"SneckoOil"}],"is_trial":false}