{"gold_per_floor":[118,37,37,52,52,52,77,77,126,147,147,183,195,278,290,432,444,469,500,512,524,560,572,615,402,402,420,461,474,474,490,490,490],"floor_reached":33,"playtime":909,"items_purged":["Strike_R"],"score":335,"play_id":"c8de1019-f47c-4652-bc22-199330572935","local_time":"20190223184245","is_ascension_mode":false,"campfire_choices":[{"data":"Searing Blow","floor":6,"key":"SMITH"},{"data":"Searing Blow+1","floor":8,"key":"SMITH"},{"data":"Searing Blow+2","floor":13,"key":"SMITH"},{"data":"Searing Blow+3","floor":15,"key":"SMITH"},{"data":"Searing Blow+4","floor":23,"key":"SMITH"},{"data":"Searing Blow+5","floor":30,"key":"SMITH"},{"data":"Searing Blow+6","floor":32,"key":"SMITH"}],"neow_cost":"NONE","seed_source_timestamp":689390191760354,"circlet_count":0,"master_deck":["Strike_R","Strike_R","Strike_R","Strike_R","Defend_R","Defend_R","Defend_R","Defend_R","Bash","Searing Blow+7"],"relics":["Burning Blood","NeowsBlessing","Golden Idol","Strawberry","Mercury Hourglass","MawBank","Paper Frog","Runic Pyramid","Singing Bowl","Art of War","Shuriken","Meat on the Bone"],"potions_floor_usage":[12,16,24,24,27,28,29],"damage_taken":[{"damage":0,"enemies":"Small Slimes","floor":1,"turns":1},{"damage":0,"enemies":"Jaw Worm","floor":4,"turns":1},{"damage":0,"enemies":"2 Louse","floor":7,"turns":1},{"damage":17,"enemies":"Exordium Thugs","floor":10,"turns":5},{"damage":26,"enemies":"Lagavulin","floor":12,"turns":5},{"damage":22,"enemies":"Slime Boss","floor":16,"turns":8},{"damage":10,"enemies":"Spheric Guardian","floor":18,"turns":3},{"damage":10,"enemies":"Chosen","floor":19,"turns":3},{"damage":10,"enemies":"Snecko","floor":22,"turns":3},{"damage":38,"enemies":"Slavers","floor":24,"turns":6},{"damage":21,"enemies":"Centurion and Healer","floor":27,"turns":4},{"damage":26,"enemies":"Gremlin Leader","floor":28,"turns":4},{"damage":1,"enemies":"Shelled Parasite and Fungi","floor":29,"turns":2},{"damage":0,"enemies":"Cultist and Chosen","floor":31,"turns":4},{"damage":76,"enemies":"Champ","floor":33,"turns":6}],"seed_played":"-8563751284261633844","potions_obtained":[{"floor":7,"key":"BloodPotion"},{"floor":10,"key":"Weak Potion"},{"floor":16,"key":"FearPotion"},{"floor":19,"key":"SteroidPotion"},{"floor":21,"key":"Weak Potion"},{"floor":21,"key":"LiquidBronze"},{"floor":24,"key":"Fire Potion"},{"floor":28,"key":"AttackPotion"}],"is_trial":false,"path_per_floor":["M","$","?","M","?","R","M","R","T","M","T","E","R","T","R","B",null,"M","M","?","?","M","R","E","$","T","M","E","M","R","M","R","B"],"character_chosen":"IRONCLAD","items_purchased":["Searing Blow","Art of War"],"campfire_rested":0,"item_purchase_floors":[2,25],"current_hp_per_floor":[80,80,60,66,66,66,72,72,79,68,68,48,48,48,48,40,87,83,79,79,79,75,75,45,45,45,32,14,33,33,53,53,0],"gold":490,"neow_bonus":"THREE_ENEMY_KILL","is_prod":false,"is_daily":false,"chose_seed":false,"campfire_upgraded":7,"win_rate":0,"timestamp":1550914965,"path_taken":["M","$","?","M","?","R","M","R","T","M","?","E","R","?","R","BOSS","M","M","?","?","M","R","E","$","T","M","E","?","R","M","R","BOSS"],"build_version":"2019-01-23","purchased_purges":1,"victory":false,"max_hp_per_floor":[80,80,80,80,80,80,80,80,87,87,87,87,87,87,87,87,87,87,87,87,87,87,87,89,89,89,91,93,95,95,97,97,97],"card_choices":[{"not_picked":["Clothesline","Rupture","Disarm"],"picked":"SKIP","floor":1},{"not_picked":["Heavy Blade","Hemokinesis","Body Slam"],"picked":"SKIP","floor":4},{"not_picked":["Inflame","Shrug It Off","Warcry"],"picked":"SKIP","floor":7},{"not_picked":["Infernal Blade","Iron Wave","Whirlwind"],"picked":"SKIP","floor":10},{"not_picked":["Rupture","Twin Strike","Cleave"],"picked":"SKIP","floor":12},{"not_picked":["Clash","Burning Pact","Sword Boomerang+1"],"picked":"SKIP","floor":18},{"not_picked":["Thunderclap+1","Clash","Flex"],"picked":"SKIP","floor":19},{"not_picked":["Perfected Strike+1","Clash","Whirlwind"],"picked":"SKIP","floor":22},{"not_picked":["Cleave","Offering","Ghostly Armor"],"picked":"Singing Bowl","floor":24},{"not_picked":["Hemokinesis+1","Anger+1","Pommel Strike"],"picked":"Singing Bowl","floor":27},{"not_picked":["Heavy Blade","Clash","Warcry"],"picked":"Singing Bowl","floor":28},{"not_picked":["Shrug It Off","Corruption","Pummel"],"picked":"Singing Bowl","floor":29},{"not_picked":["Body Slam","Searing Blow","Warcry+1"],"picked":"Singing Bowl","floor":31}],"player_experience":896531,"relics_obtained":[{"floor":9,"key":"Strawberry"},{"floor":11,"key":"Mercury Hourglass"},{"floor":12,"key":"MawBank"},{"floor":14,"key":"Paper Frog"},{"floor":24,"key":"Singing Bowl"},{"floor":26,"key":"Shuriken"},{"floor":28,"key":"Meat on the Bone"}],"event_choices":[{"damage_healed":0,"gold_gain":0,"player_choice":"Take Damage","damage_taken":20,"relics_obtained":["Golden Idol"],"max_hp_gain":0,"max_hp_loss":0,"event_name":"Golden Idol","floor":3,"gold_loss":0},{"damage_healed":0,"gold_gain":0,"player_choice":"Ignored","damage_taken":0,"max_hp_gain":0,"max_hp_loss":0,"event_name":"Liars Game","floor":5,"gold_loss":0},{"damage_healed":0,"gold_gain":0,"player_choice":"Ignored","damage_taken":0,"max_hp_gain":0,"max_hp_loss":0,"event_name":"The Mausoleum","floor":20,"gold_loss":0},{"damage_healed":0,"gold_gain":0,"player_choice":"Got Potions","damage_taken":0,"max_hp_gain":0,"max_hp_loss":0,"event_name":"Lab","floor":21,"gold_loss":0}],"is_beta":false,"boss_relics":[{"not_picked":["Runic Dome","Fusion Hammer"],"picked":"Runic Pyramid"}],"items_purged_floors":[25],"is_endless":false,"potions_floor_spawned":[7,10,16,19,24,28],"killed_by":"Champ","ascension_level":0}