{"gold_per_floor":[110,110,126,141,19,19,19,38,38,72,83,83,117,144,144,219,219,235,235,235,36,36,71,71,91,91,103,133,159,171,183,195,207],"floor_reached":33,"playtime":1203,"items_purged":["Strike_R"],"score":609,"play_id":"d851f685-a633-488d-bacd-c06e14c2ae25","local_time":"20190301220230","is_ascension_mode":true,"campfire_choices":[{"data":"Armaments","floor":6.0,"key":"SMITH"},{"data":"Armaments","floor":15.0,"key":"SMITH"},{"data":"Offering","floor":24.0,"key":"SMITH"},{"data":"Heavy Blade","floor":30.0,"key":"SMITH"},{"floor":32.0,"key":"REST"}],"neow_cost":"TEN_PERCENT_HP_LOSS","seed_source_timestamp":156932394183602,"circlet_count":0,"master_deck":["AscendersBane","Strike_R","Strike_R","Strike_R","Defend_R","Defend_R","Defend_R","Defend_R","Bash","Iron Wave+1","Armaments+1","Clothesline","Clash","Twin Strike","Cleave","Offering+1","Armaments+1","Parasite","Parasite","Clumsy","Heavy Blade+1","Shrug It Off","Warcry+1","Iron Wave","Offering"],"special_seed":0,"relics":["Burning Blood","FossilizedHelix","Bronze Scales","Centennial Puzzle","Du-Vu Doll","Incense Burner","Kunai","Odd Mushroom","Calling Bell","Juzu Bracelet","Darkstone Periapt","Charon\u0027s Ashes","Lee\u0027s Waffle","Matryoshka","MawBank","Vajra","Singing Bowl","The Courier"],"potions_floor_usage":[33,33],"damage_taken":[{"damage":0.0,"enemies":"2 Louse","floor":1.0,"turns":3.0},{"damage":0.0,"enemies":"Jaw Worm","floor":3.0,"turns":3.0},{"damage":0.0,"enemies":"Cultist","floor":4.0,"turns":3.0},{"damage":0.0,"enemies":"Large Slime","floor":8.0,"turns":5.0},{"damage":10.0,"enemies":"Lagavulin","floor":10.0,"turns":6.0},{"damage":0.0,"enemies":"Exordium Wildlife","floor":11.0,"turns":2.0},{"damage":0.0,"enemies":"Gremlin Nob","floor":13.0,"turns":3.0},{"damage":9.0,"enemies":"The Mushroom Lair","floor":14.0,"turns":4.0},{"damage":0.0,"enemies":"Slime Boss","floor":16.0,"turns":9.0},{"damage":5.0,"enemies":"2 Thieves","floor":18.0,"turns":3.0},{"damage":36.0,"enemies":"Slavers","floor":23.0,"turns":4.0},{"damage":7.0,"enemies":"Shell Parasite","floor":25.0,"turns":2.0},{"damage":12.0,"enemies":"Centurion and Healer","floor":28.0,"turns":4.0},{"damage":11.0,"enemies":"Sentry and Sphere","floor":29.0,"turns":5.0},{"damage":38,"enemies":"Collector","floor":33,"turns":9}],"seed_played":"-4647356362853323316","potions_obtained":[{"floor":3.0,"key":"GamblersBrew"},{"floor":4.0,"key":"BloodPotion"},{"floor":8.0,"key":"Regen Potion"},{"floor":14.0,"key":"SpeedPotion"},{"floor":25.0,"key":"Dexterity Potion"}],"is_trial":false,"path_per_floor":["M","?","M","M","$","R","T","M","T","E","M","?","E","?","R","B",null,"M","?","?","$","?","E","R","M","T","$","M","M","R","T","R","B"],"character_chosen":"IRONCLAD","items_purchased":["Clothesline","Lee\u0027s Waffle"],"campfire_rested":1,"item_purchase_floors":[5,21],"current_hp_per_floor":[68,57,63,68,68,68,68,68,68,64,68,68,68,65,65,68,68,68,68,68,75,75,57,57,56,56,56,50,45,45,45,67,29],"gold":207,"neow_bonus":"ONE_RARE_RELIC","is_prod":false,"is_daily":false,"chose_seed":false,"campfire_upgraded":4,"win_rate":0,"timestamp":1551499350,"path_taken":["M","?","M","M","$","R","?","M","T","E","M","?","E","?","R","BOSS","M","?","?","$","?","E","R","M","T","$","M","M","R","?","R","BOSS"],"build_version":"2019-01-23","purchased_purges":1,"victory":false,"max_hp_per_floor":[68,68,68,68,68,68,68,68,68,68,68,68,68,68,68,68,68,68,68,68,75,75,75,75,75,75,75,75,75,75,75,75,75],"card_choices":[{"not_picked":["Thunderclap","Havoc"],"picked":"Iron Wave","floor":1.0},{"not_picked":["Sever Soul","Twin Strike"],"picked":"Armaments","floor":3.0},{"not_picked":["Headbutt","Thunderclap","Armaments"],"picked":"SKIP","floor":4.0},{"not_picked":["Havoc","Flex"],"picked":"Clash","floor":8.0},{"not_picked":["Intimidate","Sentinel"],"picked":"Twin Strike","floor":10.0},{"not_picked":["Flex","Anger"],"picked":"Cleave","floor":11.0},{"not_picked":["Havoc","Shrug It Off"],"picked":"Offering","floor":13.0},{"not_picked":["Pommel Strike","Intimidate"],"picked":"Armaments","floor":14.0},{"not_picked":["Hemokinesis","Pommel Strike"],"picked":"Heavy Blade","floor":18.0},{"not_picked":["Dropkick","True Grit"],"picked":"Shrug It Off","floor":23.0},{"not_picked":["Havoc","Flex"],"picked":"Warcry+1","floor":25.0},{"not_picked":["Bloodletting","Armaments"],"picked":"Iron Wave","floor":28.0},{"not_picked":["Heavy Blade","Intimidate"],"picked":"Offering","floor":29.0}],"player_experience":628460,"relics_obtained":[{"floor":7.0,"key":"Centennial Puzzle"},{"floor":9.0,"key":"Du-Vu Doll"},{"floor":10.0,"key":"Incense Burner"},{"floor":13.0,"key":"Kunai"},{"floor":14.0,"key":"Odd Mushroom"},{"floor":17.0,"key":"Juzu Bracelet"},{"floor":17.0,"key":"Darkstone Periapt"},{"floor":17.0,"key":"Charon\u0027s Ashes"},{"floor":23.0,"key":"Matryoshka"},{"floor":26.0,"key":"MawBank"},{"floor":26.0,"key":"Vajra"},{"floor":31.0,"key":"Singing Bowl"},{"floor":31.0,"key":"The Courier"}],"event_choices":[{"damage_healed":0.0,"max_hp_gain":0.0,"max_hp_loss":0.0,"gold_gain":0.0,"event_name":"Scrap Ooze","player_choice":"Success","floor":2.0,"gold_loss":0.0,"damage_taken":11.0,"relics_obtained":["Bronze Scales"]},{"damage_healed":0.0,"max_hp_gain":0.0,"max_hp_loss":0.0,"gold_gain":0.0,"event_name":"Living Wall","player_choice":"Grow","floor":12.0,"gold_loss":0.0,"damage_taken":0.0,"cards_upgraded":["Iron Wave"]},{"damage_healed":0.0,"max_hp_gain":0.0,"max_hp_loss":0.0,"gold_gain":0.0,"event_name":"Mushrooms","player_choice":"Fought Mushrooms","floor":14.0,"gold_loss":0.0,"damage_taken":0.0},{"cards_removed":["Strike_R"],"damage_healed":0.0,"max_hp_gain":0.0,"max_hp_loss":0.0,"gold_gain":0.0,"event_name":"Purifier","player_choice":"Purged","floor":19.0,"gold_loss":0.0,"damage_taken":0.0},{"damage_healed":0.0,"max_hp_gain":0.0,"max_hp_loss":0.0,"gold_gain":0.0,"event_name":"Vampires","player_choice":"Ignored","floor":20.0,"gold_loss":0.0,"damage_taken":0.0},{"damage_healed":0.0,"max_hp_gain":0.0,"max_hp_loss":0.0,"gold_gain":0.0,"event_name":"Beggar","player_choice":"Ignored","floor":22.0,"gold_loss":0.0,"damage_taken":0.0}],"is_beta":false,"boss_relics":[{"not_picked":["Ectoplasm","Tiny House"],"picked":"Calling Bell"}],"items_purged_floors":[5],"is_endless":false,"potions_floor_spawned":[3,4,8,14,25,29],"killed_by":"Collector","ascension_level":15}