{"gold_per_floor":[115,130,144,144,144,173,173,186,237,140,172,192,192,202,202,303,303,320,235,235,251,271,300,300,300,300,300,210,236,43,58,58,157,157,173,173,183,183,32,62,78,104,129,129],"floor_reached":44,"playtime":1969,"items_purged":["Decay"],"score":704,"play_id":"0a0c0057-edd5-4107-ae51-7e7b3ba187b9","local_time":"20190113010735","is_ascension_mode":true,"campfire_choices":[{"data":"Metallicize","floor":7.0,"key":"SMITH"},{"floor":15.0,"key":"REST"},{"data":"Bite","floor":25.0,"key":"SMITH"},{"data":"Bite","floor":27.0,"key":"SMITH"},{"data":"Demon Form","floor":32.0,"key":"SMITH"}],"neow_cost":"NONE","seed_source_timestamp":196928281187082,"circlet_count":0,"master_deck":["Defend_R","Defend_R","Defend_R","Bash","Pommel Strike","Infernal Blade+1","Metallicize+1","Sword Boomerang","Armaments+1","Body Slam+1","Battle Trance","Pummel+1","Demon Form+1","Necronomicurse","Shrug It Off+1","Spot Weakness","Sword Boomerang+1","Bite+1","Bite+1","Bite","Bite","Bite","Entrench","Brutality","Demon Form","Shrug It Off","Sword Boomerang+1"],"special_seed":0,"relics":["Black Blood","Mummified Hand","Bag of Marbles","War Paint","Self Forming Clay","Necronomicon","Omamori","Question Card","Art of War","Lee\u0027s Waffle","Busted Crown","Bag of Preparation","Whetstone","Vajra","Lantern","Juzu Bracelet"],"potions_floor_usage":[],"damage_taken":[{"damage":9.0,"enemies":"2 Louse","floor":1.0,"turns":3.0},{"damage":11.0,"enemies":"Small Slimes","floor":2.0,"turns":4.0},{"damage":0.0,"enemies":"Cultist","floor":3.0,"turns":3.0},{"damage":37.0,"enemies":"Gremlin Nob","floor":6.0,"turns":5.0},{"damage":20.0,"enemies":"Lots of Slimes","floor":8.0,"turns":4.0},{"damage":17.0,"enemies":"3 Sentries","floor":11.0,"turns":12.0},{"damage":0.0,"enemies":"3 Louse","floor":12.0,"turns":1.0},{"damage":0.0,"enemies":"2 Fungi Beasts","floor":14.0,"turns":3.0},{"damage":0.0,"enemies":"Slime Boss","floor":16.0,"turns":6.0},{"damage":25.0,"enemies":"Spheric Guardian","floor":18.0,"turns":4.0},{"damage":0.0,"enemies":"Chosen","floor":21.0,"turns":3.0},{"damage":10.0,"enemies":"Shelled Parasite and Fungi","floor":22.0,"turns":3.0},{"damage":26.0,"enemies":"Slavers","floor":23.0,"turns":6.0},{"damage":28.0,"enemies":"Book of Stabbing","floor":29.0,"turns":5.0},{"damage":22.0,"enemies":"Sentry and Sphere","floor":31.0,"turns":5.0},{"damage":47.0,"enemies":"Champ","floor":33.0,"turns":7.0},{"damage":29.0,"enemies":"3 Shapes","floor":35.0,"turns":3.0},{"damage":2.0,"enemies":"Orb Walker","floor":37.0,"turns":3.0},{"damage":42.0,"enemies":"Reptomancer","floor":40.0,"turns":5.0},{"damage":21.0,"enemies":"4 Shapes","floor":41.0,"turns":6.0},{"damage":52.0,"enemies":"Nemesis","floor":42.0,"turns":7.0}],"seed_played":"9207828653541607823","potions_obtained":[{"floor":2.0,"key":"SpeedPotion"},{"floor":6.0,"key":"BloodPotion"},{"floor":8.0,"key":"FearPotion"},{"floor":11.0,"key":"Explosive Potion"},{"floor":23.0,"key":"Block Potion"},{"floor":31.0,"key":"Ancient Potion"}],"is_trial":false,"path_per_floor":["M","M","M","?","?","E","R","M","T","$","E","M","?","M","R","B",null,"M","?","?","M","M","E","?","R","T","R","?","E","$","M","R","B",null,"M","T","M","?","$","E","M","E","T","M"],"character_chosen":"IRONCLAD","items_purchased":["Armaments","Lee\u0027s Waffle","Whetstone"],"campfire_rested":1,"item_purchase_floors":[10,30,39],"current_hp_per_floor":[77,72,78,78,78,47,47,41,41,41,30,36,41,47,72,78,85,70,70,54,64,64,48,48,48,48,48,48,35,66,59,59,29,66,52,52,63,63,63,43,44,22,22,0],"gold":129,"neow_bonus":"REMOVE_CARD","is_prod":false,"is_daily":false,"chose_seed":false,"campfire_upgraded":4,"win_rate":0,"timestamp":1547370455,"path_taken":["M","M","M","?","?","E","R","?","T","$","E","?","?","M","R","BOSS","M","?","?","M","M","E","?","R","T","R","?","E","$","?","R","BOSS","M","?","?","?","$","E","M","E","T","M"],"build_version":"2019-01-10","purchased_purges":1,"victory":false,"max_hp_per_floor":[80,80,80,80,80,80,80,80,80,80,80,80,85,85,85,85,85,85,85,85,85,85,85,59,59,59,59,59,59,66,66,66,66,66,66,66,66,66,66,66,66,66,66,66],"card_choices":[{"not_picked":["Combust","Cleave"],"picked":"Pommel Strike","floor":1.0},{"not_picked":["Seeing Red","Anger"],"picked":"Infernal Blade","floor":2.0},{"not_picked":["Inflame","Entrench"],"picked":"Metallicize","floor":3.0},{"not_picked":["Rupture","Clash"],"picked":"Sword Boomerang","floor":6.0},{"not_picked":["Clash","Heavy Blade"],"picked":"Exhume","floor":8.0},{"not_picked":["Headbutt","Fiend Fire"],"picked":"Body Slam","floor":11.0},{"not_picked":["Wild Strike","Havoc"],"picked":"Battle Trance","floor":12.0},{"not_picked":["Sword Boomerang","Headbutt"],"picked":"Pummel","floor":14.0},{"not_picked":["Feed","Brutality"],"picked":"Demon Form","floor":16.0},{"not_picked":["Wild Strike","Clothesline","Perfected Strike"],"picked":"SKIP","floor":18.0},{"not_picked":["Body Slam+1","Power Through+1"],"picked":"Shrug It Off","floor":21.0},{"not_picked":["Armaments","Sword Boomerang"],"picked":"Spot Weakness","floor":22.0},{"not_picked":["Reckless Charge","Infernal Blade"],"picked":"Sword Boomerang+1","floor":23.0},{"not_picked":["Fire Breathing","Feel No Pain","Armaments+1"],"picked":"Entrench","floor":29.0},{"not_picked":["Sword Boomerang","Intimidate","Iron Wave+1"],"picked":"Brutality","floor":31.0},{"not_picked":["Berserk","Immolate","Dark Embrace"],"picked":"Demon Form","floor":33.0},{"not_picked":["Ghostly Armor"],"picked":"Shrug It Off","floor":35.0},{"not_picked":["Whirlwind+1","Sentinel"],"picked":"SKIP","floor":37.0},{"not_picked":["Pommel Strike","Armaments+1"],"picked":"SKIP","floor":40.0},{"not_picked":["Headbutt"],"picked":"Sword Boomerang+1","floor":41.0},{"not_picked":["Iron Wave","Twin Strike"],"picked":"SKIP","floor":42.0}],"player_experience":157345,"relics_obtained":[{"floor":6.0,"key":"Mummified Hand"},{"floor":9.0,"key":"Bag of Marbles"},{"floor":11.0,"key":"War Paint"},{"floor":20.0,"key":"Necronomicon"},{"floor":23.0,"key":"Omamori"},{"floor":26.0,"key":"Question Card"},{"floor":29.0,"key":"Art of War"},{"floor":36.0,"key":"Bag of Preparation"},{"floor":40.0,"key":"Vajra"},{"floor":42.0,"key":"Lantern"},{"floor":43.0,"key":"Juzu Bracelet"}],"event_choices":[{"damage_healed":0.0,"max_hp_gain":0.0,"max_hp_loss":0.0,"gold_gain":0.0,"event_name":"The Cleric","player_choice":"Leave","floor":4.0,"gold_loss":0.0,"damage_taken":0.0},{"damage_healed":0.0,"max_hp_gain":0.0,"max_hp_loss":0.0,"gold_gain":0.0,"event_name":"Wheel of Change","player_choice":"Cursed","floor":5.0,"gold_loss":0.0,"damage_taken":0.0,"cards_obtained":["Decay"]},{"damage_healed":0.0,"max_hp_gain":5.0,"max_hp_loss":0.0,"gold_gain":0.0,"event_name":"Big Fish","player_choice":"Donut","floor":13.0,"gold_loss":0.0,"damage_taken":0.0},{"damage_healed":0.0,"max_hp_gain":0.0,"max_hp_loss":0.0,"gold_gain":0.0,"event_name":"Addict","player_choice":"Obtained Relic","floor":19.0,"gold_loss":85.0,"damage_taken":0.0,"relics_obtained":["Self Forming Clay"]},{"damage_healed":0.0,"max_hp_gain":0.0,"max_hp_loss":0.0,"gold_gain":0.0,"event_name":"Cursed Tome","player_choice":"Obtained Book","floor":20.0,"gold_loss":0.0,"damage_taken":16.0},{"damage_healed":0.0,"max_hp_gain":0.0,"max_hp_loss":26.0,"gold_gain":0.0,"event_name":"Vampires","player_choice":"Became a vampire","floor":24.0,"gold_loss":0.0,"damage_taken":0.0,"cards_obtained":["Bite","Bite","Bite","Bite","Bite"]},{"cards_removed":["Exhume"],"damage_healed":0.0,"max_hp_gain":0.0,"max_hp_loss":0.0,"gold_gain":0.0,"event_name":"Designer","player_choice":"Upgrade and Remove","floor":28.0,"gold_loss":90.0,"damage_taken":0.0,"cards_upgraded":["Shrug It Off"]},{"cards_removed":["Defend_R"],"damage_healed":0.0,"max_hp_gain":0.0,"max_hp_loss":0.0,"gold_gain":0.0,"event_name":"Falling","player_choice":"Removed Skill","floor":38.0,"gold_loss":0.0,"damage_taken":0.0}],"is_beta":false,"boss_relics":[{"not_picked":["Orrery","Cursed Key"],"picked":"Black Blood"},{"not_picked":["Runic Dome","Lizard Tail"],"picked":"Busted Crown"}],"items_purged_floors":[10],"is_endless":false,"potions_floor_spawned":[2,6,8,11,14,18,23,31,33,40,41],"killed_by":"Sphere and 2 Shapes","ascension_level":4}