{"gold_per_floor":[115,115,115,135,149,192,192,230,283,303,346,346,370,403,403,497,497,516,516,125,125,145,176,176,211,211,235,274,292,325,349,349,438,438,462,462,477,545,515,856,875,909,909,933,933,977,448,488,488,488,488,488,488,38,74,74],"floor_reached":57,"playtime":6560,"items_purged":["Strike_B","Shame"],"score":3591,"play_id":"429808f1-882b-43d3-b114-45840f33f324","local_time":"20181230160940","is_ascension_mode":true,"campfire_choices":[{"floor":7,"key":"REST"},{"floor":12,"key":"REST"},{"data":"Static Discharge","floor":15,"key":"SMITH"},{"data":"Seek","floor":24,"key":"SMITH"},{"data":"Defragment","floor":32,"key":"SMITH"},{"floor":49,"key":"RECALL"},{"data":"Amplify","floor":53,"key":"SMITH"}],"neow_cost":"NONE","seed_source_timestamp":761330165784269,"circlet_count":0,"master_deck":["AscendersBane","Strike_B+1","Strike_B+1","Defend_B+1","Defend_B+1","Defend_B+1","Defend_B+1","Zap","Dualcast","Gash","Ball Lightning","Cold Snap","Seek+1","Static Discharge+1","Echo Form","Defragment+1","Ghostly","Ghostly","Ghostly","Heatsinks","Self Repair","Reinforced Body","Coolheaded","Glacier","Loop","BootSequence","Leap+1","Amplify+1","Coolheaded","Echo Form","Blizzard","Hologram+1","Coolheaded","Capacitor","Coolheaded","Panache","White Noise","Hologram+1"],"relics":["Cracked Core","Lantern","Golden Idol","Symbiotic Virus","Smiling Mask","DataDisk","Whetstone","Mummified Hand","Cursed Key","Cables","Ancient Tea Set","Meat on the Bone","Bottled Lightning","Bottled Tornado","Inserter","Letter Opener","Nunchaku","Old Coin","Bag of Preparation","MawBank","OrangePellets","Dodecahedron","Shuriken","Pear"],"potions_floor_usage":[6,10,23,25,33,56,56],"damage_taken":[{"damage":2,"enemies":"Cultist","floor":1,"turns":4},{"damage":0,"enemies":"2 Louse","floor":4,"turns":2},{"damage":7,"enemies":"Jaw Worm","floor":5,"turns":3},{"damage":21,"enemies":"3 Sentries","floor":6,"turns":6},{"damage":4,"enemies":"Gremlin Nob","floor":8,"turns":3},{"damage":11,"enemies":"3 Louse","floor":10,"turns":3},{"damage":5,"enemies":"3 Sentries","floor":11,"turns":7},{"damage":1,"enemies":"Exordium Wildlife","floor":13,"turns":2},{"damage":7,"enemies":"Lagavulin","floor":14,"turns":5},{"damage":15,"enemies":"The Guardian","floor":16,"turns":8},{"damage":2,"enemies":"3 Byrds","floor":18,"turns":3},{"damage":0,"enemies":"Spheric Guardian","floor":22,"turns":3},{"damage":6,"enemies":"Book of Stabbing","floor":23,"turns":2},{"damage":0,"enemies":"Gremlin Leader","floor":25,"turns":6},{"damage":0,"enemies":"Shelled Parasite and Fungi","floor":27,"turns":5},{"damage":3,"enemies":"Slavers","floor":28,"turns":4},{"damage":0,"enemies":"Snecko","floor":29,"turns":4},{"damage":5,"enemies":"Gremlin Leader","floor":30,"turns":7},{"damage":0,"enemies":"Chosen and Byrds","floor":31,"turns":7},{"damage":2,"enemies":"Automaton","floor":33,"turns":14},{"damage":0,"enemies":"3 Darklings","floor":35,"turns":6},{"damage":0,"enemies":"Orb Walker","floor":37,"turns":3},{"damage":0,"enemies":"2 Orb Walkers","floor":38,"turns":5},{"damage":0,"enemies":"Nemesis","floor":40,"turns":7},{"damage":0,"enemies":"4 Shapes","floor":41,"turns":5},{"damage":0,"enemies":"Reptomancer","floor":42,"turns":6},{"damage":0,"enemies":"3 Darklings","floor":44,"turns":4},{"damage":0,"enemies":"Giant Head","floor":46,"turns":9},{"damage":0,"enemies":"Reptomancer","floor":48,"turns":6},{"damage":0,"enemies":"Donu and Deca","floor":50,"turns":8},{"damage":0,"enemies":"Awakened One","floor":51,"turns":19},{"damage":0,"enemies":"Shield and Spear","floor":55,"turns":5},{"damage":19,"enemies":"The Heart","floor":56,"turns":9}],"seed_played":"7081946143931922893","potions_obtained":[{"floor":4,"key":"Strength Potion"},{"floor":5,"key":"GamblersBrew"},{"floor":10,"key":"Poison Potion"},{"floor":16,"key":"SteroidPotion"},{"floor":23,"key":"Explosive Potion"},{"floor":30,"key":"Fire Potion"},{"floor":39,"key":"Energy Potion"},{"floor":39,"key":"Regen Potion"},{"floor":41,"key":"Strength Potion"},{"floor":42,"key":"EssenceOfSteel"}],"is_trial":false,"path_per_floor":["M","?","?","M","M","E","R","E","T","M","E","R","M","E","R","B",null,"M","?","$","?","M","E","R","E","T","M","E","M","E","M","R","B",null,"M","?","M","?","?","E","M","E","T","M","?","E","$","E","R","B","B",null,"R","$","E","B",null],"character_chosen":"DEFECT","items_purchased":["Cables","Heatsinks","OrangePellets","Dodecahedron","PowerPotion","Capacitor","Coolheaded","Panache","White Noise"],"campfire_rested":2,"item_purchase_floors":[20,20,47,47,54,54,54,54,54],"current_hp_per_floor":[62,62,55,55,48,27,46,42,42,31,26,45,44,37,37,22,54,52,32,32,32,32,26,26,32,32,32,32,32,32,32,32,32,32,32,32,32,32,32,32,32,32,32,32,32,32,32,32,32,32,32,32,32,32,42,37],"gold":74,"neow_bonus":"RANDOM_COMMON_RELIC","is_prod":false,"is_daily":false,"chose_seed":false,"campfire_upgraded":4,"win_rate":0,"timestamp":1546214980,"path_taken":["M","?","?","M","M","E","R","E","T","M","E","R","M","E","R","BOSS","M","?","$","?","M","E","R","E","T","M","E","M","E","M","R","BOSS","M","?","?","?","?","E","?","E","T","M","?","E","$","E","R","BOSS","BOSS","R","$","E","BOSS"],"build_version":"2018-12-25","purchased_purges":2,"victory":true,"max_hp_per_floor":[71,64,64,64,64,64,64,64,64,64,64,64,64,64,64,64,64,64,32,32,32,32,32,32,32,32,32,32,32,32,32,32,32,32,32,32,32,32,32,32,32,32,32,32,32,32,32,32,32,32,32,32,32,32,42,42],"card_choices":[{"not_picked":["Consume","Loop"],"picked":"Gash","floor":1},{"not_picked":["Capacitor","Conserve Battery"],"picked":"Ball Lightning","floor":4},{"not_picked":["Redo","Auto Shields"],"picked":"Cold Snap","floor":5},{"not_picked":["Gash","Double Energy"],"picked":"Cold Snap","floor":6},{"not_picked":["Redo","Leap"],"picked":"Seek","floor":8},{"not_picked":["Rebound","Streamline","Ball Lightning"],"picked":"SKIP","floor":10},{"not_picked":["Chaos","Rebound"],"picked":"Static Discharge","floor":11},{"not_picked":["Go for the Eyes","Stack","Ball Lightning"],"picked":"SKIP","floor":13},{"not_picked":["Barrage","Chaos","Rip and Tear"],"picked":"SKIP","floor":14},{"not_picked":["Seek","Hyperbeam"],"picked":"Echo Form","floor":16},{"not_picked":["Gash","Static Discharge"],"picked":"Defragment","floor":18},{"not_picked":["Cold Snap","Sunder","Leap"],"picked":"SKIP","floor":22},{"not_picked":["Coolheaded","Reinforced Body"],"picked":"Self Repair","floor":23},{"not_picked":["Go for the Eyes","Cold Snap"],"picked":"Reinforced Body","floor":25},{"not_picked":["Hello World","Lockon"],"picked":"Coolheaded","floor":27},{"not_picked":["Hologram","White Noise"],"picked":"Glacier","floor":28},{"not_picked":["Compile Driver","Redo"],"picked":"Loop","floor":29},{"not_picked":["Streamline+1","Multi-Cast"],"picked":"BootSequence","floor":30},{"not_picked":["Streamline","Conserve Battery"],"picked":"Leap+1","floor":31},{"not_picked":["Reboot","Meteor Strike"],"picked":"Amplify","floor":33},{"not_picked":["Stack+1","Redo","Rebound"],"picked":"SKIP","floor":35},{"not_picked":["Redo","Hello World"],"picked":"Coolheaded","floor":37},{"not_picked":["Tempest","Lockon+1"],"picked":"Echo Form","floor":40},{"not_picked":["Streamline","Steam+1","Self Repair"],"picked":"SKIP","floor":41},{"not_picked":["Turbo+1","Rip and Tear"],"picked":"Blizzard","floor":42},{"not_picked":["Beam Cell","Go for the Eyes+1"],"picked":"Hologram+1","floor":44},{"not_picked":["Sweeping Beam","All For One","Reinforced Body"],"picked":"SKIP","floor":46},{"not_picked":["Sweeping Beam","Cold Snap"],"picked":"Coolheaded","floor":48},{"not_picked":["Hello World","Lockon"],"picked":"Hologram+1","floor":55}],"player_experience":4115763,"relics_obtained":[{"floor":6,"key":"Symbiotic Virus"},{"floor":8,"key":"Smiling Mask"},{"floor":9,"key":"DataDisk"},{"floor":11,"key":"Whetstone"},{"floor":14,"key":"Mummified Hand"},{"floor":23,"key":"Ancient Tea Set"},{"floor":25,"key":"Meat on the Bone"},{"floor":28,"key":"Bottled Lightning"},{"floor":30,"key":"Bottled Tornado"},{"floor":38,"key":"Nunchaku"},{"floor":40,"key":"Old Coin"},{"floor":42,"key":"Bag of Preparation"},{"floor":46,"key":"MawBank"},{"floor":48,"key":"Shuriken"},{"floor":55,"key":"Pear"}],"event_choices":[{"damage_healed":0,"gold_gain":0,"player_choice":"Lose Max HP","damage_taken":0,"relics_obtained":["Golden Idol"],"max_hp_gain":0,"max_hp_loss":7,"event_name":"Golden Idol","floor":2,"gold_loss":0},{"cards_removed":["Strike_B"],"damage_healed":0,"gold_gain":0,"player_choice":"Card Removal","damage_taken":7,"max_hp_gain":0,"max_hp_loss":0,"event_name":"Golden Wing","floor":3,"gold_loss":0},{"damage_healed":0,"gold_gain":0,"player_choice":"Became a Ghost","damage_taken":0,"max_hp_gain":0,"max_hp_loss":32,"event_name":"Ghosts","floor":19,"gold_loss":0,"cards_obtained":["Ghostly","Ghostly","Ghostly"]},{"damage_healed":0,"gold_gain":0,"player_choice":"Simplicity","damage_taken":0,"max_hp_gain":0,"max_hp_loss":0,"event_name":"Back to Basics","floor":21,"gold_loss":0,"cards_upgraded":["Strike_B","Defend_B","Defend_B","Defend_B","Defend_B"]},{"damage_healed":0,"gold_gain":0,"player_choice":"Gave Potion","damage_taken":0,"relics_obtained":["Letter Opener"],"max_hp_gain":0,"max_hp_loss":0,"event_name":"WeMeetAgain","floor":36,"gold_loss":0},{"damage_healed":0,"gold_gain":0,"player_choice":"Fight","damage_taken":0,"max_hp_gain":0,"max_hp_loss":0,"event_name":"Mysterious Sphere","floor":38,"gold_loss":0},{"damage_healed":0,"gold_gain":0,"player_choice":"Bought 2 Potions","damage_taken":0,"max_hp_gain":0,"max_hp_loss":0,"event_name":"The Woman in Blue","floor":39,"gold_loss":0},{"cards_removed":["Cold Snap"],"damage_healed":0,"gold_gain":0,"player_choice":"Removed Attack","damage_taken":0,"max_hp_gain":0,"max_hp_loss":0,"event_name":"Falling","floor":45,"gold_loss":0}],"is_beta":true,"boss_relics":[{"not_picked":["White Beast Statue","Snecko Eye"],"picked":"Cursed Key"},{"not_picked":["Coffee Dripper","Tiny House"],"picked":"Inserter"}],"items_purged_floors":[20,47],"is_endless":false,"potions_floor_spawned":[4,5,10,16,23,30,31,41,42,44,48],"ascension_level":20}