{"gold_per_floor":[114,124,143,154,154,154,170,170,170,204,204,204],"floor_reached":12,"playtime":663,"items_purged":[],"score":132,"play_id":"3339fa11-b835-45c6-936b-9e0a3476f9cd","local_time":"20190303134731","is_ascension_mode":true,"campfire_choices":[{"data":"Dash","floor":6,"key":"SMITH"},{"data":"Dagger Spray","floor":8,"key":"SMITH"}],"neow_cost":"NONE","seed_source_timestamp":325840507785847,"circlet_count":0,"master_deck":["AscendersBane","Defend_G","Defend_G","Defend_G","Defend_G","Defend_G","Strike_G","Strike_G","Strike_G","Strike_G","Strike_G","Survivor","Neutralize","Dash+1","PiercingWail","Quick Slash","Dagger Spray+1","Adrenaline"],"relics":["Ring of the Snake","Pantograph","Bottled Flame","Dodecahedron"],"potions_floor_usage":[10,12],"damage_taken":[{"damage":3,"enemies":"Cultist","floor":1,"turns":5},{"damage":8,"enemies":"Jaw Worm","floor":2,"turns":6},{"damage":0,"enemies":"2 Louse","floor":3,"turns":2},{"damage":1,"enemies":"Blue Slaver","floor":4,"turns":5},{"damage":0,"enemies":"2 Fungi Beasts","floor":7,"turns":4},{"damage":29,"enemies":"Gremlin Nob","floor":10,"turns":5},{"damage":52,"enemies":"Lagavulin","floor":12,"turns":5}],"seed_played":"-1500172444402830700","potions_obtained":[{"floor":4,"key":"Ancient Potion"},{"floor":7,"key":"Regen Potion"}],"is_trial":false,"path_per_floor":["M","M","M","M","?","R","M","R","T","E","T","E"],"character_chosen":"THE_SILENT","items_purchased":[],"campfire_rested":0,"item_purchase_floors":[],"current_hp_per_floor":[60,52,52,51,51,51,51,51,51,36,36,0],"gold":204,"neow_bonus":"THREE_CARDS","is_prod":false,"is_daily":false,"chose_seed":false,"campfire_upgraded":2,"win_rate":0,"timestamp":1551638851,"path_taken":["M","M","M","M","?","R","M","R","T","E","?","E"],"build_version":"2019-01-23","purchased_purges":0,"victory":false,"max_hp_per_floor":[70,70,70,70,70,70,70,70,70,70,70,70],"card_choices":[{"not_picked":["Flying Knee","Prepared"],"picked":"Dash","floor":0},{"not_picked":["Slice","Cloak And Dagger","Flying Knee"],"picked":"SKIP","floor":1},{"not_picked":["Cloak And Dagger","Deflect"],"picked":"PiercingWail","floor":2},{"not_picked":["Sucker Punch","Bane"],"picked":"Quick Slash","floor":3},{"not_picked":["Slice","Eviscerate","Cloak And Dagger"],"picked":"SKIP","floor":4},{"not_picked":["Prepared","Flying Knee"],"picked":"Dagger Spray","floor":7},{"not_picked":["Sucker Punch","Dodge and Roll"],"picked":"Adrenaline","floor":10}],"player_experience":378453,"relics_obtained":[{"floor":9,"key":"Pantograph"},{"floor":10,"key":"Bottled Flame"},{"floor":11,"key":"Dodecahedron"}],"event_choices":[{"damage_healed":0,"gold_gain":0,"player_choice":"Ignored","damage_taken":0,"max_hp_gain":0,"max_hp_loss":0,"event_name":"Liars Game","floor":5,"gold_loss":0}],"is_beta":false,"boss_relics":[],"items_purged_floors":[],"is_endless":false,"potions_floor_spawned":[4,7],"killed_by":"Lagavulin","ascension_level":13}