{"path_per_floor":["M","?","M","M","M","R","?","M","T","R","?","?","M","$","R"],"character_chosen":"THE_SILENT","items_purchased":["Omamori"],"gold_per_floor":[119,119,135,150,171,171,171,192,192,192,192,192,215,69,69,69],"floor_reached":16,"campfire_rested":0,"playtime":659,"item_purchase_floors":[14],"current_hp_per_floor":[68,51,44,44,39,39,39,31,31,31,31,31,31,31,31,0],"items_purged":[],"gold":69,"score":92,"play_id":"fc8bf5ee-f479-41b6-a94b-09bc9d2ccaaf","local_time":"20180601022900","is_prod":false,"is_daily":false,"chose_seed":false,"is_ascension_mode":false,"campfire_upgraded":3,"win_rate":0,"timestamp":1527787740,"campfire_choices":[{"data":"Dagger Spray","floor":6,"key":"SMITH"},{"data":"Neutralize","floor":10,"key":"SMITH"},{"data":"Survivor","floor":15,"key":"SMITH"}],"path_taken":["M","?","?","M","M","R","?","M","T","R","?","?","M","$","R","BOSS"],"build_version":"2018-05-24","seed_source_timestamp":709429199789389,"purchased_purges":0,"victory":false,"master_deck":["Defend_G","Defend_G","Defend_G","Strike_G","Strike_G","Strike_G","Strike_G","Strike_G","Survivor+1","Neutralize+1","Escape Plan","Dagger Spray+1"],"max_hp_per_floor":[70,70,70,70,70,70,70,70,70,70,70,70,70,70,70,70],"relics":["Ring of the Snake","Golden Idol","Darkstone Periapt","Omamori"],"card_choices":[{"not_picked":["Slice","Poisoned Stab"],"picked":"Escape Plan","floor":1},{"not_picked":["Deflect","Catalyst","Quick Slash"],"picked":"SKIP","floor":3},{"not_picked":["Underhanded Strike","Concentrate"],"picked":"Dagger Spray","floor":5},{"not_picked":["Poisoned Stab","Caltrops","Underhanded Strike"],"picked":"SKIP","floor":8},{"not_picked":["Acrobatics","Prepared","Bane"],"picked":"SKIP","floor":13}],"player_experience":727125,"potions_floor_usage":[16,16],"damage_taken":[{"damage":2,"enemies":"Small Slimes","floor":1,"turns":6},{"damage":7,"enemies":"Jaw Worm","floor":3,"turns":6},{"damage":0,"enemies":"2 Louse","floor":4,"turns":3},{"damage":5,"enemies":"Gremlin Gang","floor":5,"turns":6},{"damage":8,"enemies":"Large Slime","floor":8,"turns":7},{"damage":0,"enemies":"2 Fungi Beasts","floor":13,"turns":2},{"damage":31,"enemies":"Hexaghost","floor":16,"turns":11}],"relics_obtained":[{"floor":9,"key":"Darkstone Periapt"}],"event_choices":[{"event_name":"Golden Idol","player_choice":"Take Damage","floor":2,"damage_taken":0},{"event_name":"Living Wall","player_choice":"Forget","floor":7,"damage_taken":0},{"event_name":"Purifier","player_choice":"One Purge","floor":11,"damage_taken":0},{"event_name":"The Lab","player_choice":"Got Potions","floor":12,"damage_taken":0}],"boss_relics":[],"items_purged_floors":[],"potions_floor_spawned":[3,13],"seed_played":"739226077860774295","killed_by":"Hexaghost","ascension_level":0,"potions_obtained":[{"floor":3,"key":"Swift Potion"},{"floor":12,"key":"Ancient Potion"},{"floor":12,"key":"SkillPotion"}],"is_trial":false}