{"path_per_floor":["M","M","?","M","$","E","T","$","T","M","M","M","?","M","R"],"character_chosen":"THE_SILENT","items_purchased":["Footwork","Backflip","Slice","Backflip"],"gold_per_floor":[117,127,127,140,56,91,91,16,39,58,77,90,90,103,103],"floor_reached":16,"campfire_rested":1,"playtime":1585,"current_hp_per_floor":[70,66,66,66,66,16,16,16,16,14,14,14,11,11,32],"items_purged":[],"gold":103,"play_id":"cc9bfe3d-0ba4-49bd-9088-bb2c8c7441bd","is_prod":false,"is_daily":false,"is_ascension_mode":false,"campfire_upgraded":0,"path_taken":["M","M","?","M","$","E","?","$","T","M","M","?","?","M","R","BOSS"],"build_version":"2018-02-01-PROD3","purchased_purges":0,"victory":false,"master_deck":["Defend_G","Defend_G","Defend_G","Defend_G","Defend_G","Strike_G","Strike_G","Strike_G","Strike_G","Survivor","Neutralize+1","Backstab","Endless Agony","Deflect","Footwork","Backflip","Backflip","Slice","Backflip","Blade Dance","Flechettes","Prepared"],"max_hp_per_floor":[70,70,70,70,70,70,70,70,70,70,70,70,70,70,70],"relics":["Ring of the Snake","Happy Flower","Tingsha","Pen Nib","Oddly Smooth Stone"],"card_choices":[{"not_picked":["Catalyst","Riddle With Holes"],"picked":"Backstab"},{"not_picked":["Prepared","Outmaneuver"],"picked":"Endless Agony"},{"not_picked":["Reflex","Outmaneuver"],"picked":"Deflect"},{"not_picked":["Bullet Time","Flying Knee"],"picked":"Backflip"},{"not_picked":["Flying Knee","Venomology"],"picked":"Blade Dance"},{"not_picked":["Dodge and Roll","Slice"],"picked":"Flechettes"},{"not_picked":["Dodge and Roll","Sucker Punch"],"picked":"Prepared"}],"player_experience":54394,"potions_floor_usage":[12,16],"damage_taken":[{"damage":0,"enemies":"2 Louse","floor":1,"turns":2},{"damage":4,"enemies":"Blue Slaver","floor":2,"turns":5},{"damage":0,"enemies":"Jaw Worm","floor":4,"turns":4},{"damage":50,"enemies":"Gremlin Nob","floor":6,"turns":7},{"damage":2,"enemies":"Exordium Thugs","floor":10,"turns":7},{"damage":0,"enemies":"Large Slime","floor":11,"turns":4},{"damage":0,"enemies":"Exordium Wildlife","floor":12,"turns":4},{"damage":0,"enemies":"Exordium Thugs","floor":14,"turns":4},{"damage":34,"enemies":"Hexaghost","floor":16,"turns":14}],"event_choices":[{"event_name":"Purifier","player_choice":"One Purge","floor":3,"damage_taken":0},{"event_name":"Scrap Ooze","player_choice":"success","floor":13,"damage_taken":3}],"boss_relics":[],"potions_floor_spawned":[1,4,6,14],"seed_played":"8969257166920889447","killed_by":"Hexaghost","ascension_level":0,"is_trial":false}