{"gold_per_floor":[111,127,127,139,152,177,23,40,40,40,59,59,123,148,148,249,249,261,281,299,309,319,319,334,19,19,19,33,33,53,53,53,53],"floor_reached":33,"playtime":4350,"items_purged":["Defend_G","Defend_G"],"score":278,"play_id":"cd6e6cdf-23d0-4014-bc93-41b963bd8a0c","local_time":"20190201220341","is_ascension_mode":true,"campfire_choices":[{"data":"Noxious Fumes","floor":10,"key":"SMITH"},{"floor":15,"key":"REST"},{"floor":23,"key":"REST"},{"floor":32,"key":"REST"}],"neow_cost":"NONE","seed_source_timestamp":1071789753979791,"circlet_count":0,"master_deck":["Defend_G","Defend_G","Defend_G","Strike_G","Survivor","Neutralize","Purity","Backflip","Cloak And Dagger","Flying Knee","Noxious Fumes+1","Backflip","Expertise","Infinite Blades","Dagger Spray+1","Dagger Spray+1","Poisoned Stab+1","Glass Knife+1","Glass Knife+1","Deadly Poison+1","Slice+1","After Image+1","Prepared+1","Infinite Blades","Blade Dance","Dash+1","PiercingWail","Accuracy","Dagger Spray+1","Sucker Punch+1","Finesse","Distraction"],"relics":["Ring of the Snake","Molten Egg 2","Ninja Scroll","Sundial","Odd Mushroom","Astrolabe","Bronze Scales","Bottled Flame"],"potions_floor_usage":[6,13,14,16,20,21,24,33],"damage_taken":[{"damage":0,"enemies":"2 Louse","floor":1,"turns":4},{"damage":6,"enemies":"Cultist","floor":2,"turns":5},{"damage":7,"enemies":"Small Slimes","floor":4,"turns":5},{"damage":0,"enemies":"Blue Slaver","floor":5,"turns":5},{"damage":17,"enemies":"Lagavulin","floor":6,"turns":8},{"damage":13,"enemies":"Lots of Slimes","floor":8,"turns":5},{"damage":5,"enemies":"Gremlin Gang","floor":11,"turns":3},{"damage":15,"enemies":"Gremlin Nob","floor":13,"turns":4},{"damage":0,"enemies":"The Mushroom Lair","floor":14,"turns":2},{"damage":26,"enemies":"The Guardian","floor":16,"turns":11},{"damage":11,"enemies":"2 Thieves","floor":18,"turns":4},{"damage":0,"enemies":"Spheric Guardian","floor":19,"turns":3},{"damage":0,"enemies":"Centurion and Healer","floor":20,"turns":5},{"damage":23,"enemies":"Shelled Parasite and Fungi","floor":21,"turns":5},{"damage":24,"enemies":"Snake Plant","floor":22,"turns":4},{"damage":1,"enemies":"Centurion and Healer","floor":24,"turns":6},{"damage":2,"enemies":"Snecko","floor":28,"turns":4},{"damage":2,"enemies":"Cultist and Chosen","floor":30,"turns":5},{"damage":50,"enemies":"Champ","floor":33,"turns":10}],"seed_played":"-5264933201580221710","potions_obtained":[{"floor":1,"key":"Energy Potion"},{"floor":8,"key":"SpeedPotion"},{"floor":11,"key":"LiquidBronze"},{"floor":13,"key":"AttackPotion"},{"floor":14,"key":"FearPotion"},{"floor":16,"key":"Poison Potion"},{"floor":18,"key":"Fire Potion"},{"floor":20,"key":"SkillPotion"},{"floor":30,"key":"GamblersBrew"}],"is_trial":false,"path_per_floor":["M","M","?","M","M","E","$","M","T","R","M","?","?","?","R","B",null,"M","M","M","M","M","R","M","$","T","?","M","$","M","?","R","B"],"character_chosen":"THE_SILENT","items_purchased":["Infinite Blades","Accuracy","Bronze Scales"],"campfire_rested":3,"item_purchase_floors":[7,25,25],"current_hp_per_floor":[70,64,64,57,57,40,40,27,27,27,22,45,30,30,51,25,70,59,59,59,36,12,33,32,32,32,32,30,30,28,28,49,0],"gold":53,"neow_bonus":"RANDOM_COLORLESS","is_prod":false,"is_daily":false,"chose_seed":false,"campfire_upgraded":1,"win_rate":0,"timestamp":1549058621,"path_taken":["M","M","?","M","M","E","$","?","T","R","M","?","?","?","R","BOSS","M","M","M","M","M","R","M","$","T","?","M","$","?","?","R","BOSS"],"build_version":"2019-01-23","purchased_purges":2,"victory":false,"max_hp_per_floor":[70,70,70,70,70,70,70,70,70,70,70,70,70,70,70,70,70,70,70,70,70,70,70,70,70,70,70,70,70,70,70,70,70],"card_choices":[{"not_picked":["Underhanded Strike","Dagger Throw"],"picked":"Backflip","floor":1},{"not_picked":["Skewer","Tools of the Trade"],"picked":"Cloak And Dagger","floor":2},{"not_picked":["Flying Knee","Sucker Punch"],"picked":"Noxious Fumes","floor":4},{"not_picked":["Quick Slash","Reflex"],"picked":"Backflip","floor":5},{"not_picked":["PiercingWail","Heel Hook"],"picked":"Expertise","floor":6},{"not_picked":["PiercingWail","Acrobatics"],"picked":"Dagger Spray+1","floor":8},{"not_picked":["Outmaneuver","Underhanded Strike+1"],"picked":"Dagger Spray+1","floor":11},{"not_picked":["Deflect","Flying Knee+1"],"picked":"Poisoned Stab+1","floor":13},{"not_picked":["Endless Agony+1","Skewer+1"],"picked":"Glass Knife+1","floor":14},{"not_picked":["Die Die Die+1","Bullet Time"],"picked":"Glass Knife+1","floor":16},{"not_picked":["Terror","Heel Hook+1"],"picked":"Prepared+1","floor":18},{"not_picked":["Deflect+1","Flying Knee+1"],"picked":"Infinite Blades","floor":19},{"not_picked":["Acrobatics+1","PiercingWail"],"picked":"Blade Dance","floor":20},{"not_picked":["Endless Agony+1","Bouncing Flask"],"picked":"Dash+1","floor":21},{"not_picked":["Tactician","Backstab+1"],"picked":"PiercingWail","floor":22},{"not_picked":["Deadly Poison","PiercingWail+1","Acrobatics"],"picked":"SKIP","floor":24},{"not_picked":["Poisoned Stab+1","Night Terror"],"picked":"Sucker Punch+1","floor":28},{"not_picked":["Flying Knee+1","Backflip+1","Sucker Punch+1"],"picked":"SKIP","floor":30}],"player_experience":411894,"relics_obtained":[{"floor":6,"key":"Molten Egg 2"},{"floor":9,"key":"Ninja Scroll"},{"floor":13,"key":"Sundial"},{"floor":14,"key":"Odd Mushroom"},{"floor":26,"key":"Bottled Flame"}],"event_choices":[{"damage_healed":0,"gold_gain":0,"player_choice":"1 cards matched","damage_taken":0,"max_hp_gain":0,"max_hp_loss":0,"event_name":"Match and Keep!","floor":3,"gold_loss":0,"cards_obtained":["Flying Knee"]},{"damage_healed":23,"gold_gain":0,"player_choice":"Banana","damage_taken":0,"max_hp_gain":0,"max_hp_loss":0,"event_name":"Big Fish","floor":12,"gold_loss":0},{"damage_healed":0,"gold_gain":0,"player_choice":"Searched \u00272\u0027 times","damage_taken":0,"max_hp_gain":0,"max_hp_loss":0,"event_name":"Dead Adventurer","floor":13,"gold_loss":0},{"damage_healed":0,"gold_gain":0,"player_choice":"Fought Mushrooms","damage_taken":0,"max_hp_gain":0,"max_hp_loss":0,"event_name":"Mushrooms","floor":14,"gold_loss":0},{"damage_healed":0,"gold_gain":0,"cards_transformed":["Strike_G"],"player_choice":"Transformed","damage_taken":0,"max_hp_gain":0,"max_hp_loss":0,"event_name":"Transmorgrifier","floor":27,"gold_loss":0,"cards_obtained":["Dagger Spray"]},{"damage_healed":0,"gold_gain":0,"player_choice":"2 cards matched","damage_taken":0,"max_hp_gain":0,"max_hp_loss":0,"event_name":"Match and Keep!","floor":31,"gold_loss":0,"cards_obtained":["Finesse","Distraction"]}],"is_beta":false,"boss_relics":[{"not_picked":["Runic Dome","Pandora\u0027s Box"],"picked":"Astrolabe"}],"items_purged_floors":[7,25],"is_endless":false,"potions_floor_spawned":[1,8,11,13,14,16,18,20,30],"killed_by":"Champ","ascension_level":2}