{"gold_per_floor":[109,129,140,152,172,172,203,221,301,95,95,114,148,148,148,251,251,267,16,35,48,59,92,110,110],"floor_reached":25,"playtime":1869,"items_purged":[],"score":287,"play_id":"b33403b8-057a-4248-bf73-d6decd691514","local_time":"20181208204039","is_ascension_mode":true,"campfire_choices":[{"floor":6,"key":"REST"},{"floor":11,"key":"REST"},{"data":"Adrenaline","floor":15,"key":"SMITH"}],"neow_cost":"NONE","seed_source_timestamp":1289671550245230,"circlet_count":0,"master_deck":["Defend_G","Defend_G","Defend_G","Defend_G","Defend_G","Strike_G","Strike_G","Survivor","Neutralize","Deadly Poison","Deadly Poison","Bouncing Flask","Deadly Poison","PiercingWail","Distraction","Footwork","Sucker Punch","Adrenaline+1","Tools of the Trade","Night Terror+1","Choke+1","Quick Slash+1","Distraction+1","Expertise","Dagger Spray+1","Expertise","Leg Sweep+1"],"relics":["Ring of the Snake","Anchor","FossilizedHelix","Blue Candle","Art of War","Ninja Scroll","Astrolabe","Mercury Hourglass","Nunchaku"],"potions_floor_usage":[7,13,16,22,22,22,25],"damage_taken":[{"damage":0,"enemies":"Cultist","floor":1,"turns":4},{"damage":0,"enemies":"Small Slimes","floor":2,"turns":3},{"damage":0,"enemies":"2 Louse","floor":3,"turns":2},{"damage":39,"enemies":"Gremlin Gang","floor":4,"turns":5},{"damage":4,"enemies":"Red Slaver","floor":5,"turns":4},{"damage":24,"enemies":"3 Sentries","floor":7,"turns":9},{"damage":0,"enemies":"Large Slime","floor":8,"turns":6},{"damage":0,"enemies":"Blue Slaver","floor":12,"turns":3},{"damage":16,"enemies":"Gremlin Nob","floor":13,"turns":4},{"damage":16,"enemies":"Hexaghost","floor":16,"turns":8},{"damage":0,"enemies":"3 Byrds","floor":18,"turns":2},{"damage":22,"enemies":"2 Thieves","floor":20,"turns":3},{"damage":0,"enemies":"Snecko","floor":21,"turns":3},{"damage":9,"enemies":"Snake Plant","floor":22,"turns":3},{"damage":8,"enemies":"Gremlin Leader","floor":23,"turns":6},{"damage":15,"enemies":"3 Cultists","floor":24,"turns":6},{"damage":18,"enemies":"Book of Stabbing","floor":25,"turns":6}],"seed_played":"-8979457959690812589","potions_obtained":[{"floor":5,"key":"GamblersBrew"},{"floor":7,"key":"Weak Potion"},{"floor":12,"key":"Regen Potion"},{"floor":16,"key":"Swift Potion"},{"floor":21,"key":"PowerPotion"},{"floor":24,"key":"Explosive Potion"}],"is_trial":false,"path_per_floor":["M","M","M","M","M","R","E","M","T","$","R","M","E","?","R","B",null,"M","$","M","M","M","E","M","E"],"character_chosen":"THE_SILENT","items_purchased":["Art of War","Swift Potion","Mercury Hourglass"],"campfire_rested":2,"item_purchase_floors":[10,10,19],"current_hp_per_floor":[70,70,70,31,27,48,24,24,24,24,45,45,43,43,43,27,70,70,70,48,48,39,31,16,0],"gold":110,"neow_bonus":"RANDOM_COMMON_RELIC","is_prod":false,"is_daily":false,"chose_seed":false,"campfire_upgraded":1,"win_rate":0,"timestamp":1544319639,"path_taken":["M","M","?","?","M","R","E","M","T","$","R","M","E","?","R","BOSS","M","$","M","M","M","E","?","E"],"build_version":"2018-12-06","purchased_purges":0,"victory":false,"max_hp_per_floor":[70,70,70,70,70,70,70,70,70,70,70,70,70,70,70,70,70,70,70,70,70,70,70,70,70],"card_choices":[{"not_picked":["PiercingWail","Quick Slash"],"picked":"Deadly Poison","floor":1},{"not_picked":["All Out Attack","Blade Dance"],"picked":"Deadly Poison","floor":2},{"not_picked":["Eviscerate","Escape Plan"],"picked":"Bouncing Flask","floor":3},{"not_picked":["Slice","Adrenaline"],"picked":"Deadly Poison","floor":4},{"not_picked":["Blade Dance","Dodge and Roll"],"picked":"PiercingWail","floor":5},{"not_picked":["Prepared","PiercingWail"],"picked":"Distraction","floor":7},{"not_picked":["Outmaneuver","PiercingWail"],"picked":"Footwork","floor":8},{"not_picked":["Unload","Deflect"],"picked":"Sucker Punch","floor":12},{"not_picked":["Reflex","Flechettes"],"picked":"Adrenaline","floor":13},{"not_picked":["Grand Finale","Storm of Steel"],"picked":"Tools of the Trade","floor":16},{"not_picked":["Setup","Sucker Punch","Outmaneuver"],"picked":"SKIP","floor":18},{"not_picked":["Leg Sweep+1","Deadly Poison"],"picked":"Distraction+1","floor":20},{"not_picked":["Backflip","Endless Agony+1"],"picked":"Expertise","floor":21},{"not_picked":["Caltrops","Dagger Throw+1"],"picked":"Dagger Spray+1","floor":22},{"not_picked":["Flechettes","Leg Sweep"],"picked":"Expertise","floor":23},{"not_picked":["Reflex+1","Quick Slash+1"],"picked":"Leg Sweep+1","floor":24}],"player_experience":256171,"relics_obtained":[{"floor":7,"key":"FossilizedHelix"},{"floor":9,"key":"Blue Candle"},{"floor":13,"key":"Ninja Scroll"},{"floor":23,"key":"Nunchaku"}],"event_choices":[{"damage_healed":0,"gold_gain":0,"player_choice":"0 cards matched","damage_taken":0,"max_hp_gain":0,"max_hp_loss":0,"event_name":"Match and Keep!","floor":14,"gold_loss":0,"cards_obtained":[]}],"is_beta":false,"boss_relics":[{"not_picked":["Runic Dome","WristBlade"],"picked":"Astrolabe"}],"items_purged_floors":[],"is_endless":false,"potions_floor_spawned":[5,7,12,16,21,24],"killed_by":"Book of Stabbing","ascension_level":4}