{"path_per_floor":["M","$","?","M","M","E","M","E","T","E","M","?","?","E","R","B",null,"M","M","$","?","M","R","M","R","T","M","R","E","?","?","R","B",null,"M","?","M","M","?","R","M","R","T","R","T","M","?","M","R","B"],"character_chosen":"IRONCLAD","items_purchased":["Pommel Strike","Perfected Strike","Toxic Egg 2","Lantern"],"gold_per_floor":[110,34,34,52,72,100,115,141,219,253,271,271,271,309,309,429,429,429,429,25,25,25,25,25,25,25,25,25,25,25,25,25,25,25,25,25,25,25,0,0,0,0,0,0,0,0,0,0,0,0],"floor_reached":51,"campfire_rested":1,"playtime":2135,"current_hp_per_floor":[80,80,68,74,80,64,72,56,56,39,44,49,49,36,36,23,85,85,72,72,72,57,57,49,74,74,74,74,84,75,59,59,50,99,99,99,99,81,81,81,82,82,82,82,82,90,90,86,86,55],"items_purged":[],"gold":0,"score":572,"play_id":"5a73d1be-9e17-4c80-9741-dbc81feb03e2","is_prod":false,"is_daily":false,"is_ascension_mode":false,"campfire_upgraded":8,"path_taken":["M","$","?","M","M","E","?","E","T","E","M","?","?","E","R","BOSS","M","M","$","?","M","R","?","R","T","M","R","E","?","?","R","BOSS","M","?","M","M","?","R","M","R","T","R","?","?","?","M","R","BOSS"],"build_version":"2018-02-12-BETA1","purchased_purges":0,"victory":true,"master_deck":["Strike_R","Strike_R","Strike_R","Strike_R","Strike_R","Defend_R","Defend_R+1","Defend_R+1","Defend_R+1","Perfected Strike","Pommel Strike+1","Perfected Strike","Whirlwind+1","Inflame","Demon Form+1","Iron Wave+1","Metallicize+1","Iron Wave+1","Offering+1","Metallicize+1","Offering+1","True Grit+1","Offering+1","Whirlwind+1","Necronomicurse","Impervious+1","Flame Barrier+1","Battle Trance+1","Shrug It Off+1"],"max_hp_per_floor":[80,80,80,80,80,80,80,87,87,87,87,92,85,85,85,85,85,85,85,85,85,85,85,85,85,85,85,85,99,99,99,99,99,99,99,99,99,99,99,99,99,99,99,99,99,99,99,99,99,99],"relics":["Burning Blood","Blood Vial","Molten Egg 2","Strawberry","Letter Opener","Ancient Tea Set","Golden Idol","Self Forming Clay","Ectoplasm","Toxic Egg 2","Lantern","Ginger","Mango","Necronomicon","Sozu","Red Mask","Frozen Egg 2","Bag of Preparation","Torii"],"card_choices":[{"not_picked":["True Grit","Warcry"],"picked":"Perfected Strike"},{"not_picked":["Iron Wave","Bloodletting"],"picked":"Whirlwind"},{"not_picked":["Sever Soul","Thunderclap"],"picked":"Inflame"},{"not_picked":["Rupture","Shockwave"],"picked":"Demon Form"},{"not_picked":["Thunderclap","Twin Strike"],"picked":"Iron Wave"},{"not_picked":["Flame Barrier","Cleave"],"picked":"Metallicize"},{"not_picked":["Shockwave","Rampage"],"picked":"Iron Wave"},{"not_picked":["Fiend Fire","Dark Embrace"],"picked":"Offering"},{"not_picked":["Headbutt","Cleave"],"picked":"Metallicize"},{"not_picked":["Warcry","Flex"],"picked":"True Grit"},{"not_picked":["Clothesline","Perfected Strike"],"picked":"Offering"},{"not_picked":["Feel No Pain","True Grit"],"picked":"Whirlwind"},{"not_picked":["Double Tap","Bludgeon"],"picked":"Impervious"},{"not_picked":["Shockwave","Inflame"],"picked":"Flame Barrier"},{"not_picked":["Twin Strike","Thunderclap"],"picked":"Battle Trance"},{"not_picked":["Twin Strike","Metallicize"],"picked":"Shrug It Off"}],"player_experience":0,"potions_floor_usage":[],"damage_taken":[{"damage":2,"enemies":"Small Slimes","floor":1,"turns":4},{"damage":2,"enemies":"Jaw Worm","floor":4,"turns":3},{"damage":0,"enemies":"Cultist","floor":5,"turns":2},{"damage":22,"enemies":"3 Sentries","floor":6,"turns":6},{"damage":0,"enemies":"Gremlin Gang","floor":7,"turns":1},{"damage":31,"enemies":"Lagavulin","floor":8,"turns":5},{"damage":25,"enemies":"3 Sentries","floor":10,"turns":6},{"damage":3,"enemies":"Large Slime","floor":11,"turns":4},{"damage":21,"enemies":"Gremlin Nob","floor":14,"turns":4},{"damage":21,"enemies":"The Guardian","floor":16,"turns":10},{"damage":4,"enemies":"Chosen","floor":18,"turns":3},{"damage":19,"enemies":"3 Byrds","floor":19,"turns":4},{"damage":23,"enemies":"Snake Plant","floor":22,"turns":4},{"damage":16,"enemies":"Snecko","floor":24,"turns":6},{"damage":8,"enemies":"Chosen and Byrds","floor":27,"turns":2},{"damage":12,"enemies":"Slavers","floor":29,"turns":4},{"damage":17,"enemies":"Champ","floor":33,"turns":4},{"damage":4,"enemies":"3 Shapes","floor":35,"turns":1},{"damage":4,"enemies":"Orb Walker","floor":37,"turns":2},{"damage":24,"enemies":"Spire Growth","floor":38,"turns":3},{"damage":7,"enemies":"4 Shapes","floor":41,"turns":1},{"damage":0,"enemies":"3 Darklings","floor":46,"turns":1},{"damage":8,"enemies":"Mysterious Sphere","floor":47,"turns":1},{"damage":12,"enemies":"Sphere and 2 Shapes","floor":48,"turns":1},{"damage":39,"enemies":"Awakened One","floor":50,"turns":8}],"event_choices":[{"event_name":"Scrap Ooze","player_choice":"success","floor":3,"damage_taken":12},{"event_name":"Big Fish","player_choice":"Donut","floor":12,"damage_taken":0},{"event_name":"Golden Idol","player_choice":"Lose Max HP","floor":13,"damage_taken":0},{"event_name":"Duplicator","player_choice":"One dupe","floor":21,"damage_taken":0},{"event_name":"Wheel of Change","player_choice":"Damage","floor":30,"damage_taken":0},{"event_name":"Cursed Tome","player_choice":"Obtained Book","floor":31,"damage_taken":0},{"event_name":"Bonfire Elementals","player_choice":"BASIC","floor":36,"damage_taken":0},{"event_name":"Tomb of Lord Red Mask","player_choice":"Paid","floor":39,"damage_taken":0},{"event_name":"Mysterious Sphere","player_choice":"Fight","floor":47,"damage_taken":0}],"boss_relics":[{"not_picked":["Orrery","Lizard Tail"],"picked":"Ectoplasm"},{"not_picked":["Eternal Feather","Black Blood"],"picked":"Sozu"}],"potions_floor_spawned":[5,6,11,14,19,29,37,41,46,47],"seed_played":"4242039138259213437","ascension_level":0,"is_trial":false}