{"gold_per_floor":[110,126,126,126,126,152,32,61,61,61,81,22,22,41,41,143,143,155,155,165,165,90,117,14,14,87,87,107,107,47,62,62,166,216,229,229,329,53,71,71,17,37,64,64,64,83,83,96,96,96],"floor_reached":50,"playtime":1816,"items_purged":["Strike_R+1","Strike_R+1"],"score":642,"play_id":"2bbba688-1dea-43c7-bbd4-ce7afb61d989","local_time":"20190217213819","is_ascension_mode":true,"campfire_choices":[{"floor":10.0,"key":"REST"},{"data":"Armaments","floor":15.0,"key":"SMITH"},{"data":"Limit Break","floor":25.0,"key":"SMITH"},{"data":"Flex","floor":27.0,"key":"SMITH"},{"data":"Heavy Blade","floor":29.0,"key":"SMITH"},{"floor":32.0,"key":"REST"},{"data":"Flex","floor":40,"key":"SMITH"},{"data":"Disarm","floor":44,"key":"SMITH"},{"data":"Disarm","floor":47,"key":"SMITH"},{"floor":49,"key":"REST"}],"neow_cost":"NONE","seed_source_timestamp":262753898596967,"circlet_count":0,"master_deck":["Strike_R+1","Defend_R","Defend_R","Bash+1","Disarm","Heavy Blade","Shrug It Off","Dramatic Entrance","Flex+1","Heavy Blade+1","Flex+1","Sword Boomerang","Armaments+1","Limit Break+1","Sword Boomerang","Disarm+1","J.A.X.","Pummel","Flex+1","Flex","Reaper","Shrug It Off","Sword Boomerang+1","Flex","Disarm+1","Spot Weakness","Flex+1","Sword Boomerang","Flex+1"],"special_seed":0,"relics":["Burning Blood","NeowsBlessing","The Courier","Bronze Scales","Whetstone","Runic Cube","Mango","Mercury Hourglass","Tiny House","Shovel","Blood Vial","PreservedInsect"],"potions_floor_usage":[37,42,46,48,50],"damage_taken":[{"damage":0.0,"enemies":"Small Slimes","floor":1.0,"turns":1.0},{"damage":0.0,"enemies":"2 Louse","floor":2.0,"turns":1.0},{"damage":0.0,"enemies":"3 Sentries","floor":6.0,"turns":2.0},{"damage":44.0,"enemies":"Lagavulin","floor":8.0,"turns":7.0},{"damage":6.0,"enemies":"Jaw Worm","floor":11.0,"turns":2.0},{"damage":5.0,"enemies":"Large Slime","floor":14.0,"turns":4.0},{"damage":12.0,"enemies":"The Guardian","floor":16.0,"turns":10.0},{"damage":21.0,"enemies":"Spheric Guardian","floor":18.0,"turns":3.0},{"damage":5.0,"enemies":"3 Byrds","floor":20.0,"turns":4.0},{"damage":32.0,"enemies":"Book of Stabbing","floor":23.0,"turns":4.0},{"damage":18.0,"enemies":"Snake Plant","floor":28.0,"turns":2.0},{"damage":17.0,"enemies":"Cultist and Chosen","floor":31.0,"turns":5.0},{"damage":52.0,"enemies":"Champ","floor":33.0,"turns":7.0},{"damage":27,"enemies":"Orb Walker","floor":35,"turns":4},{"damage":11,"enemies":"Mind Bloom Boss Battle","floor":37,"turns":5},{"damage":36,"enemies":"3 Darklings","floor":39,"turns":4},{"damage":47,"enemies":"Sphere and 2 Shapes","floor":42,"turns":5},{"damage":15,"enemies":"Transient","floor":46,"turns":5},{"damage":33,"enemies":"Jaw Worm Horde","floor":48,"turns":3},{"damage":70,"enemies":"Awakened One","floor":50,"turns":4}],"seed_played":"-7220069625222881593","potions_obtained":[{"floor":1.0,"key":"SkillPotion"},{"floor":8.0,"key":"SkillPotion"},{"floor":11.0,"key":"SkillPotion"},{"floor":14.0,"key":"FearPotion"},{"floor":18.0,"key":"Block Potion"},{"floor":28.0,"key":"Strength Potion"},{"floor":33,"key":"Explosive Potion"},{"floor":34,"key":"Block Potion"},{"floor":39,"key":"SkillPotion"},{"floor":48,"key":"Explosive Potion"}],"is_trial":false,"path_per_floor":["M","M","$","?","?","E","$","E","T","R","M","$","?","M","R","B",null,"M","?","M","?","?","E","$","R","T","R","M","R","$","M","R","B",null,"M","?","?","$","M","R","$","M","T","R","?","M","R","M","R","B"],"character_chosen":"IRONCLAD","items_purchased":["Shrug It Off","Dramatic Entrance","Flex","Sword Boomerang","Flex","Metallicize","Blood Vial","Flex","Disarm","Spot Weakness"],"campfire_rested":3,"item_purchase_floors":[7,7,12,12,24,24,38,38,38,41],"current_hp_per_floor":[80,80,80,73,57,63,63,25,25,49,49,49,49,50,50,44,80,65,65,66,66,66,54,54,54,54,54,42,42,42,31,59,13,99,78,78,73,73,69,69,69,49,49,49,49,42,42,17,46,0],"gold":96,"neow_bonus":"THREE_ENEMY_KILL","is_prod":false,"is_daily":false,"chose_seed":false,"campfire_upgraded":7,"win_rate":0,"timestamp":1550457499,"path_taken":["M","M","$","?","?","E","$","E","T","R","M","?","?","?","R","BOSS","M","?","?","?","?","E","$","R","T","R","M","R","?","M","R","BOSS","BOSS","M","?","?","$","M","R","?","?","T","R","?","M","R","M","R","BOSS"],"build_version":"2019-01-23","purchased_purges":2,"victory":false,"max_hp_per_floor":[80,80,80,80,80,80,80,80,80,80,80,80,80,80,80,80,80,80,80,80,80,80,94,94,94,94,94,94,94,94,94,94,94,99,99,99,99,99,99,99,99,99,99,99,99,99,99,99,99,99],"card_choices":[{"not_picked":["Second Wind","Entrench"],"picked":"Disarm","floor":1.0},{"not_picked":["Warcry","Clash","Pommel Strike"],"picked":"SKIP","floor":2.0},{"not_picked":["Bloodletting","Whirlwind"],"picked":"Heavy Blade","floor":6.0},{"not_picked":["Clothesline","Armaments"],"picked":"Flex","floor":8.0},{"not_picked":["Warcry","Wild Strike"],"picked":"Heavy Blade","floor":11.0},{"not_picked":["Perfected Strike","Pommel Strike"],"picked":"Armaments","floor":14.0},{"not_picked":["Barricade","Fiend Fire"],"picked":"Limit Break","floor":16.0},{"not_picked":["Iron Wave","Uppercut"],"picked":"Sword Boomerang","floor":18.0},{"not_picked":["Hemokinesis+1","Cleave"],"picked":"Disarm","floor":20.0},{"not_picked":["Warcry","Corruption"],"picked":"Pummel","floor":23.0},{"not_picked":["Shockwave","Warcry"],"picked":"Flex","floor":28.0},{"not_picked":["Combust+1","Searing Blow","Wild Strike"],"picked":"SKIP","floor":31.0},{"not_picked":["Impervious","Demon Form"],"picked":"Reaper","floor":33},{"not_picked":["Wild Strike","Armaments"],"picked":"Shrug It Off","floor":35},{"not_picked":["Cleave","Thunderclap"],"picked":"Sword Boomerang+1","floor":37},{"not_picked":["Headbutt+1","Evolve","Rage"],"picked":"SKIP","floor":39},{"not_picked":["Fiend Fire","Shrug It Off+1"],"picked":"Flex+1","floor":42},{"not_picked":["Cleave+1","Clothesline","Warcry+1"],"picked":"SKIP","floor":46},{"not_picked":["Power Through","Pummel"],"picked":"Flex+1","floor":48}],"player_experience":1055226,"relics_obtained":[{"floor":6.0,"key":"The Courier"},{"floor":8.0,"key":"Bronze Scales"},{"floor":9.0,"key":"Whetstone"},{"floor":23.0,"key":"Mango"},{"floor":26.0,"key":"Mercury Hourglass"},{"floor":37,"key":"Shovel"},{"floor":43,"key":"PreservedInsect"}],"event_choices":[{"cards_removed":["Strike_R"],"damage_healed":0.0,"max_hp_gain":0.0,"max_hp_loss":0.0,"gold_gain":0.0,"event_name":"Golden Wing","player_choice":"Card Removal","floor":4.0,"gold_loss":0.0,"damage_taken":7.0},{"damage_healed":0.0,"max_hp_gain":0.0,"max_hp_loss":0.0,"gold_gain":0.0,"event_name":"Shining Light","player_choice":"Entered Light","floor":5.0,"gold_loss":0.0,"damage_taken":16.0,"cards_upgraded":["Strike_R","Bash"]},{"cards_removed":["Strike_R"],"damage_healed":0.0,"max_hp_gain":0.0,"max_hp_loss":0.0,"gold_gain":0.0,"event_name":"Bonfire Elementals","player_choice":"Offered Basic","floor":13.0,"gold_loss":0.0,"damage_taken":0.0},{"damage_healed":0.0,"max_hp_gain":0.0,"max_hp_loss":0.0,"gold_gain":0.0,"event_name":"NoteForYourself","player_choice":"Ignored","floor":19.0,"gold_loss":0.0,"damage_taken":0.0},{"damage_healed":0.0,"max_hp_gain":0.0,"max_hp_loss":0.0,"gold_gain":0.0,"event_name":"Drug Dealer","player_choice":"Obtain J.A.X.","floor":21.0,"gold_loss":0.0,"damage_taken":0.0,"cards_obtained":["J.A.X."]},{"cards_removed":["Defend_R"],"damage_healed":0.0,"max_hp_gain":0.0,"max_hp_loss":0.0,"gold_gain":0.0,"event_name":"Beggar","player_choice":"Gave Gold","floor":22.0,"gold_loss":75.0,"damage_taken":0.0},{"cards_removed":["Metallicize"],"damage_healed":0,"gold_gain":0,"player_choice":"Removed Power","damage_taken":0,"max_hp_gain":0,"max_hp_loss":0,"event_name":"Falling","floor":36,"gold_loss":0},{"damage_healed":0,"gold_gain":0,"player_choice":"Fight","damage_taken":0,"max_hp_gain":0,"max_hp_loss":0,"event_name":"MindBloom","floor":37,"gold_loss":0},{"damage_healed":0,"gold_gain":0,"cards_transformed":["Defend_R"],"player_choice":"Transformed","damage_taken":0,"max_hp_gain":0,"max_hp_loss":0,"event_name":"Transmorgrifier","floor":45,"gold_loss":0,"cards_obtained":["Sword Boomerang"]}],"is_beta":false,"boss_relics":[{"not_picked":["Calling Bell","Busted Crown"],"picked":"Runic Cube"},{"not_picked":["Fusion Hammer","Velvet Choker"],"picked":"Tiny House"}],"items_purged_floors":[30,38],"is_endless":false,"potions_floor_spawned":[1,8,11,14,18,28,33,39,48],"killed_by":"Awakened One","ascension_level":1}