{"path_per_floor":["M","?","M","M","M","R","M","M","T","E","R"],"character_chosen":"THE_SILENT","items_purchased":[],"gold_per_floor":[113,113,132,150,165,165,181,194,194,237,237,237],"floor_reached":12,"campfire_rested":1,"playtime":572,"item_purchase_floors":[],"current_hp_per_floor":[63,46,46,45,13,13,12,11,11,6,27,0],"items_purged":[],"gold":237,"score":131,"play_id":"1877ea83-1217-48a4-a6b7-18ecf520de42","local_time":"20180606020217","is_prod":false,"is_daily":false,"chose_seed":false,"is_ascension_mode":true,"campfire_upgraded":1,"win_rate":0,"timestamp":1528218137,"campfire_choices":[{"data":"Dagger Throw","floor":6,"key":"SMITH"},{"floor":11,"key":"REST"}],"path_taken":["M","?","M","?","M","R","?","M","T","E","R","E"],"build_version":"2018-05-31","seed_source_timestamp":1139948789527286,"purchased_purges":0,"victory":false,"master_deck":["Defend_G","Defend_G","Defend_G","Defend_G","Defend_G","Strike_G","Strike_G","Strike_G","Strike_G","Strike_G","Survivor","Neutralize","AscendersBane","Dagger Throw+1","Dagger Throw","Well Laid Plans","Backstab"],"max_hp_per_floor":[70,70,70,70,70,70,70,70,70,70,70,70],"relics":["Ring of the Snake","Golden Idol","Dodecahedron","Calipers"],"card_choices":[{"not_picked":["Flying Knee","Expertise"],"picked":"Dagger Throw","floor":1},{"not_picked":["Malaise","Acrobatics","Flechettes"],"picked":"SKIP","floor":3},{"not_picked":["PiercingWail","Skewer"],"picked":"Dagger Throw","floor":4},{"not_picked":["Acrobatics","Calculated Gamble","Endless Agony"],"picked":"SKIP","floor":5},{"not_picked":["Reflex","Deadly Poison"],"picked":"Well Laid Plans","floor":7},{"not_picked":["Prepared","Flying Knee"],"picked":"Backstab","floor":8},{"not_picked":["Deadly Poison","Malaise","Noxious Fumes"],"picked":"SKIP","floor":10}],"player_experience":777817,"potions_floor_usage":[10,10,12],"damage_taken":[{"damage":0,"enemies":"2 Louse","floor":1,"turns":3},{"damage":0,"enemies":"Jaw Worm","floor":3,"turns":5},{"damage":1,"enemies":"Small Slimes","floor":4,"turns":4},{"damage":32,"enemies":"Gremlin Gang","floor":5,"turns":6},{"damage":1,"enemies":"Large Slime","floor":7,"turns":5},{"damage":1,"enemies":"Exordium Wildlife","floor":8,"turns":3},{"damage":5,"enemies":"Gremlin Nob","floor":10,"turns":4},{"damage":27,"enemies":"Lagavulin","floor":12,"turns":6}],"relics_obtained":[{"floor":9,"key":"Dodecahedron"},{"floor":10,"key":"Calipers"}],"event_choices":[{"event_name":"Golden Idol","player_choice":"Take Damage","floor":2,"damage_taken":0}],"boss_relics":[],"items_purged_floors":[],"potions_floor_spawned":[4,5,10],"seed_played":"-3537377365384734043","killed_by":"Lagavulin","ascension_level":12,"potions_obtained":[{"floor":4,"key":"EssenceOfSteel"},{"floor":5,"key":"EssenceOfSteel"},{"floor":10,"key":"SkillPotion"}],"is_trial":false}