{"gold_per_floor":[117,117,133,6,6,6,26,26,98,98,98,25,41,41,41,170,170,189,203,223,44,44,44,63,9,32,32],"floor_reached":27,"playtime":1258,"items_purged":[],"score":226,"play_id":"1a288bbb-03ec-4a67-a8f9-10d179b6e179","local_time":"20180627222637","is_ascension_mode":false,"campfire_choices":[{"data":"Capacitor","floor":6,"key":"SMITH"},{"data":"Scrape","floor":11,"key":"SMITH"},{"data":"Gash","floor":15,"key":"SMITH"},{"floor":23,"key":"REST"}],"neow_cost":"NONE","seed_source_timestamp":1225924003126527,"circlet_count":0,"master_deck":["Defend_B","Defend_B","Defend_B","Defend_B","Zap","Dualcast","Darkness","Capacitor+1","Go for the Eyes","Scrape+1","Gash+1","Steam","BootSequence","All For One","Go for the Eyes","Cold Snap+1","Coolheaded","Flash of Steel","Sunder","Bite","Bite","Bite","Bite","Bite","Redo","Stack"],"relics":["Cracked Core","Golden Idol","Bottled Lightning","Mummified Hand","Black Star","Happy Flower"],"potions_floor_usage":[20,20,20],"damage_taken":[{"damage":2,"enemies":"Small Slimes","floor":1,"turns":3},{"damage":0,"enemies":"Cultist","floor":3,"turns":4},{"damage":6,"enemies":"Jaw Worm","floor":7,"turns":4},{"damage":4,"enemies":"2 Fungi Beasts","floor":13,"turns":4},{"damage":33,"enemies":"The Guardian","floor":16,"turns":10},{"damage":37,"enemies":"3 Byrds","floor":18,"turns":7},{"damage":16,"enemies":"Spheric Guardian","floor":19,"turns":5},{"damage":31,"enemies":"3 Cultists","floor":20,"turns":6},{"damage":41,"enemies":"Snecko","floor":24,"turns":7},{"damage":14,"enemies":"Chosen and Byrds","floor":27,"turns":3}],"seed_played":"-1379124491835998600","potions_obtained":[{"floor":1,"key":"GamblersBrew"},{"floor":7,"key":"SkillPotion"},{"floor":16,"key":"Poison Potion"},{"floor":18,"key":"Strength Potion"},{"floor":20,"key":"FairyPotion"}],"is_trial":false,"path_per_floor":["M","?","M","$","?","R","M","T","T","?","R","$","M","?","R","B",null,"M","M","M","$","?","R","M","$","T"],"character_chosen":"DEFECT","items_purchased":["Capacitor","Go for the Eyes","Gash","Steam","Flash of Steel","Sunder","Stack"],"campfire_rested":1,"item_purchase_floors":[4,4,12,12,21,21,25],"current_hp_per_floor":[80,80,80,80,60,60,54,54,54,54,54,54,50,55,55,22,87,50,34,3,3,3,21,4,4,4,0],"gold":32,"neow_bonus":"TEN_PERCENT_HP_BONUS","is_prod":false,"is_daily":false,"chose_seed":false,"campfire_upgraded":3,"win_rate":0,"timestamp":1530152797,"path_taken":["M","?","M","$","?","R","?","?","T","?","R","?","?","?","R","BOSS","M","M","M","$","?","R","M","$","T","M"],"build_version":"2018-06-21v2","purchased_purges":0,"victory":false,"max_hp_per_floor":[82,82,82,82,82,82,82,82,82,82,82,82,82,87,87,87,87,87,87,87,87,60,60,60,60,60,60],"card_choices":[{"not_picked":["Turbo","Sweeping Beam"],"picked":"Darkness","floor":1},{"not_picked":["Recycle","Sweeping Beam","Fusion"],"picked":"SKIP","floor":3},{"not_picked":["Turbo","Double Energy"],"picked":"Scrape","floor":7},{"not_picked":["Steam","Go for the Eyes"],"picked":"BootSequence","floor":13},{"not_picked":["Meteor Strike","Thunder Strike"],"picked":"All For One","floor":16},{"not_picked":["Stack","Barrage+1"],"picked":"Go for the Eyes","floor":18},{"not_picked":["Stack","Leap+1"],"picked":"Cold Snap+1","floor":19},{"not_picked":["Aggregate","Force Field"],"picked":"Coolheaded","floor":20},{"not_picked":["Streamline","Barrage+1"],"picked":"Redo","floor":24}],"player_experience":533050,"relics_obtained":[{"floor":8,"key":"Bottled Lightning"},{"floor":9,"key":"Mummified Hand"},{"floor":26,"key":"Happy Flower"}],"event_choices":[{"event_name":"The Woman in Blue","player_choice":"Bought 0 Potions","floor":2,"damage_taken":0},{"event_name":"Golden Idol","player_choice":"Take Damage","floor":5,"damage_taken":0},{"event_name":"Purifier","player_choice":"One Purge","floor":10,"damage_taken":0},{"event_name":"Big Fish","player_choice":"Donut","floor":14,"damage_taken":0},{"event_name":"Vampires","player_choice":"Became a vampire","floor":22,"damage_taken":0}],"boss_relics":[{"not_picked":["Fusion Hammer","Busted Crown"],"picked":"Black Star"}],"items_purged_floors":[],"is_endless":false,"potions_floor_spawned":[1,7,16,18,20],"killed_by":"Chosen and Byrds","ascension_level":0}