{"gold_per_floor":[110,110,124,124,49,75,75,91,91,91,102,102,52,64,64,139,139,154,169,169,186,42,42,76,76,124,140,140,65,75,175,175,248,248,262,279,296,344,46,46,78,78,132,157,157,182,201,229,229,229,229,229,3,34,34],"floor_reached":56,"playtime":12515,"items_purged":["Regret","Strike_G","Strike_G"],"score":1963,"play_id":"d7b2aebc-4a26-46d5-99b4-fda7e2917679","local_time":"20190221152125","is_ascension_mode":true,"campfire_choices":[{"floor":7,"key":"REST"},{"floor":12,"key":"REST"},{"data":"Catalyst","floor":15,"key":"SMITH"},{"floor":23,"key":"REST"},{"floor":25,"key":"REST"},{"floor":32,"key":"REST"},{"floor":40,"key":"REST"},{"floor":42,"key":"RECALL"},{"floor":45,"key":"REST"},{"data":"Well Laid Plans","floor":49,"key":"SMITH"},{"data":"Footwork","floor":52,"key":"SMITH"}],"neow_cost":"CURSE","seed_source_timestamp":85448622903400,"circlet_count":0,"master_deck":["AscendersBane","Defend_G","Defend_G","Defend_G","Defend_G","Defend_G","Strike_G","Strike_G","Strike_G","Survivor","Neutralize+1","Cloak And Dagger","Deadly Poison","Deadly Poison","Dash","Catalyst+1","Adrenaline","Backflip","Leg Sweep+1","Deadly Poison","Noxious Fumes","Well Laid Plans+1","PiercingWail","Adrenaline","Crippling Poison","Footwork+1","PiercingWail+1","Deadly Poison","Finesse","Bouncing Flask","Injury","Corpse Explosion","Leg Sweep+1","Adrenaline","Footwork","Backflip"],"relics":["Ring of the Serpent","Ice Cream","Paper Crane","Calipers","Smiling Mask","Cursed Key","Happy Flower","Juzu Bracelet","Potion Belt","Incense Burner","Bottled Lightning","Bird Faced Urn","Bronze Scales","Anchor","Art of War","Dream Catcher","Question Card","Snake Skull","Blue Candle"],"potions_floor_usage":[6,6,14,16,19,24,24,31,33,38,46,50],"damage_taken":[{"damage":0,"enemies":"2 Louse","floor":1,"turns":2},{"damage":2,"enemies":"Jaw Worm","floor":3,"turns":5},{"damage":51,"enemies":"3 Sentries","floor":6,"turns":11},{"damage":2,"enemies":"Small Slimes","floor":8,"turns":3},{"damage":1,"enemies":"Looter","floor":11,"turns":3},{"damage":0,"enemies":"Exordium Thugs","floor":14,"turns":5},{"damage":22,"enemies":"Hexaghost","floor":16,"turns":11},{"damage":10,"enemies":"Spheric Guardian","floor":18,"turns":6},{"damage":4,"enemies":"Shell Parasite","floor":19,"turns":3},{"damage":4,"enemies":"Shelled Parasite and Fungi","floor":21,"turns":4},{"damage":30,"enemies":"Gremlin Leader","floor":24,"turns":9},{"damage":0,"enemies":"Snake Plant","floor":27,"turns":4},{"damage":6,"enemies":"Sentry and Sphere","floor":30,"turns":7},{"damage":7,"enemies":"Colosseum Slavers","floor":31,"turns":4},{"damage":16,"enemies":"Colosseum Nobs","floor":31,"turns":7},{"damage":10,"enemies":"Champ","floor":33,"turns":13},{"damage":0,"enemies":"3 Shapes","floor":35,"turns":6},{"damage":0,"enemies":"3 Darklings","floor":36,"turns":6},{"damage":0,"enemies":"Jaw Worm Horde","floor":37,"turns":6},{"damage":21,"enemies":"2 Orb Walkers","floor":38,"turns":8},{"damage":6,"enemies":"Nemesis","floor":41,"turns":7},{"damage":19,"enemies":"Giant Head","floor":44,"turns":8},{"damage":3,"enemies":"Nemesis","floor":46,"turns":7},{"damage":3,"enemies":"Transient","floor":47,"turns":5},{"damage":0,"enemies":"Giant Head","floor":48,"turns":8},{"damage":36,"enemies":"Awakened One","floor":50,"turns":14},{"damage":23,"enemies":"Shield and Spear","floor":54,"turns":4},{"damage":34,"enemies":"The Heart","floor":55,"turns":10}],"seed_played":"-7107313732635545256","potions_obtained":[{"floor":1,"key":"FearPotion"},{"floor":3,"key":"Weak Potion"},{"floor":11,"key":"Ancient Potion"},{"floor":14,"key":"Block Potion"},{"floor":16,"key":"Dexterity Potion"},{"floor":18,"key":"SpeedPotion"},{"floor":21,"key":"Block Potion"},{"floor":24,"key":"SkillPotion"},{"floor":27,"key":"GhostInAJar"},{"floor":36,"key":"Weak Potion"},{"floor":37,"key":"SpeedPotion"},{"floor":38,"key":"Strength Potion"},{"floor":48,"key":"SkillPotion"},{"floor":54,"key":"SpeedPotion"}],"is_trial":false,"path_per_floor":["M","?","M","?","$","E","R","M","T","?","M","R","$","M","R","B",null,"M","M","?","M","$","R","E","R","T","M","?","?","M","?","R","B",null,"M","M","M","?","$","R","E","R","T","E","R","E","M","E","R","B",null,"R","$","E","B",null],"character_chosen":"THE_SILENT","items_purchased":["Happy Flower","Bronze Scales","Finesse","Snake Skull","Footwork"],"campfire_rested":7,"item_purchase_floors":[22,39,39,53,53],"current_hp_per_floor":[63,56,54,54,54,3,24,22,22,22,21,42,42,42,42,20,58,48,44,44,40,40,61,31,52,52,52,52,52,46,23,44,34,61,61,61,61,40,40,61,61,61,61,48,69,70,69,70,70,38,62,62,62,47,21],"gold":34,"neow_bonus":"ONE_RARE_RELIC","is_prod":false,"is_daily":false,"chose_seed":false,"campfire_upgraded":3,"win_rate":0,"timestamp":1550780485,"path_taken":["M","?","M","?","$","E","R","M","T","?","M","R","$","M","R","BOSS","M","M","?","M","$","R","E","R","T","M","?","?","M","?","R","BOSS","M","M","M","?","$","R","E","R","T","E","R","E","M","E","R","BOSS","R","$","E","BOSS"],"build_version":"2019-01-23","purchased_purges":3,"victory":true,"max_hp_per_floor":[70,70,70,70,70,70,70,70,70,70,70,70,70,70,70,70,70,70,70,70,70,70,70,70,70,70,70,70,70,70,70,70,70,70,70,70,70,70,70,70,70,70,70,70,70,70,70,70,70,70,70,70,70,70,70],"card_choices":[{"not_picked":["Sucker Punch","Finisher"],"picked":"Cloak And Dagger","floor":1},{"not_picked":["All Out Attack","Outmaneuver"],"picked":"Deadly Poison","floor":3},{"not_picked":["Choke","Poisoned Stab"],"picked":"Deadly Poison","floor":6},{"not_picked":["Dagger Throw","Doppelganger","Flechettes"],"picked":"SKIP","floor":8},{"not_picked":["Poisoned Stab","Setup"],"picked":"Dash","floor":11},{"not_picked":["Choke","Backflip"],"picked":"Catalyst","floor":14},{"not_picked":["Doppelganger","Storm of Steel"],"picked":"Adrenaline","floor":16},{"not_picked":["All Out Attack","Dodge and Roll"],"picked":"Backflip","floor":18},{"not_picked":["Dash+1","Dodge and Roll"],"picked":"Leg Sweep+1","floor":19},{"not_picked":["Flechettes","Prepared","Outmaneuver"],"picked":"SKIP","floor":21},{"not_picked":["Dash","Eviscerate"],"picked":"Deadly Poison","floor":24},{"not_picked":["Prepared","Acrobatics"],"picked":"Noxious Fumes","floor":27},{"not_picked":["Prepared+1","Flying Knee"],"picked":"PiercingWail","floor":30},{"not_picked":["Unload","Malaise"],"picked":"Adrenaline","floor":33},{"not_picked":["Finisher","Slice"],"picked":"Crippling Poison","floor":35},{"not_picked":["Eviscerate","Dagger Spray+1"],"picked":"Footwork","floor":36},{"not_picked":["Slice+1","Expertise"],"picked":"PiercingWail+1","floor":37},{"not_picked":["Outmaneuver+1","Slice"],"picked":"Deadly Poison","floor":38},{"not_picked":["PiercingWail","Deflect+1"],"picked":"Bouncing Flask","floor":41},{"not_picked":["Backflip","Dodge and Roll"],"picked":"Corpse Explosion","floor":44},{"not_picked":["Dagger Throw","Prepared","Skewer"],"picked":"SKIP","floor":46},{"not_picked":["All Out Attack","Quick Slash"],"picked":"Leg Sweep+1","floor":47},{"not_picked":["Flechettes+1","Sucker Punch"],"picked":"Adrenaline","floor":48},{"not_picked":["Backstab","Flying Knee","Slice"],"picked":"Backflip","floor":54}],"player_experience":1275063,"relics_obtained":[{"floor":6,"key":"Calipers"},{"floor":9,"key":"Smiling Mask"},{"floor":24,"key":"Juzu Bracelet"},{"floor":26,"key":"Potion Belt"},{"floor":31,"key":"Incense Burner"},{"floor":31,"key":"Bottled Lightning"},{"floor":38,"key":"Bird Faced Urn"},{"floor":41,"key":"Anchor"},{"floor":44,"key":"Art of War"},{"floor":46,"key":"Dream Catcher"},{"floor":48,"key":"Question Card"},{"floor":54,"key":"Blue Candle"}],"event_choices":[{"cards_removed":["Normality"],"damage_healed":0,"gold_gain":0,"player_choice":"Card Removal","damage_taken":7,"max_hp_gain":0,"max_hp_loss":0,"event_name":"Golden Wing","floor":2,"gold_loss":0},{"damage_healed":0,"gold_gain":0,"player_choice":"Box","damage_taken":0,"relics_obtained":["Paper Crane"],"max_hp_gain":0,"max_hp_loss":0,"event_name":"Big Fish","floor":4,"gold_loss":0,"cards_obtained":["Regret"]},{"damage_healed":0,"gold_gain":0,"player_choice":"Grow","damage_taken":0,"max_hp_gain":0,"max_hp_loss":0,"event_name":"Living Wall","floor":10,"gold_loss":0,"cards_upgraded":["Neutralize"]},{"damage_healed":0,"gold_gain":0,"player_choice":"Ignored","damage_taken":0,"max_hp_gain":0,"max_hp_loss":0,"event_name":"Ghosts","floor":20,"gold_loss":0},{"damage_healed":0,"gold_gain":0,"player_choice":"Read","damage_taken":0,"max_hp_gain":0,"max_hp_loss":0,"event_name":"The Library","floor":28,"gold_loss":0,"cards_obtained":["Well Laid Plans"]},{"cards_removed":["Injury"],"damage_healed":0,"gold_gain":0,"player_choice":"Gave Gold","damage_taken":0,"max_hp_gain":0,"max_hp_loss":0,"event_name":"Beggar","floor":29,"gold_loss":75},{"damage_healed":0,"gold_gain":0,"player_choice":"Fight","damage_taken":0,"max_hp_gain":0,"max_hp_loss":0,"event_name":"Colosseum","floor":31,"gold_loss":0},{"damage_healed":0,"gold_gain":0,"player_choice":"Fought Nobs","damage_taken":0,"max_hp_gain":0,"max_hp_loss":0,"event_name":"Colosseum","floor":31,"gold_loss":0},{"damage_healed":0,"gold_gain":0,"player_choice":"Fight","damage_taken":0,"max_hp_gain":0,"max_hp_loss":0,"event_name":"Mysterious Sphere","floor":38,"gold_loss":0}],"is_beta":false,"boss_relics":[{"not_picked":["Sozu","Runic Pyramid"],"picked":"Cursed Key"},{"not_picked":["Black Star","Orrery"],"picked":"Ring of the Serpent"}],"items_purged_floors":[5,13,39],"is_endless":false,"potions_floor_spawned":[1,3,11,14,16,18,21,24,27,36,37,38,48,54],"ascension_level":13}