{"gold_per_floor":[364,379,154,165,182,182,132,167,167,185,185,185,185,205,205,282,282,299,309,329,0,0],"floor_reached":22,"playtime":2006,"items_purged":["Regret"],"score":320,"play_id":"781255bc-0ede-4733-b199-e96985c04913","local_time":"20190227134209","is_ascension_mode":true,"campfire_choices":[{"data":"Zap","floor":6,"key":"SMITH"},{"floor":15,"key":"REST"}],"neow_cost":"CURSE","seed_source_timestamp":184017393654700,"circlet_count":0,"master_deck":["AscendersBane","Strike_B","Strike_B","Strike_B","Defend_B","Defend_B","Defend_B","Defend_B","Zap+1","Dualcast","Gash","Coolheaded","Sweeping Beam","BootSequence","Hyperbeam","Go for the Eyes","Zap","Cold Snap","Creative AI","Glacier","Recycle"],"relics":["Cracked Core","PreservedInsect","Shovel","Darkstone Periapt","Orichalcum","Cursed Key"],"potions_floor_usage":[14,16,16,19],"damage_taken":[{"damage":0,"enemies":"2 Louse","floor":1,"turns":3},{"damage":9,"enemies":"Jaw Worm","floor":2,"turns":3},{"damage":3,"enemies":"Small Slimes","floor":4,"turns":3},{"damage":7,"enemies":"2 Fungi Beasts","floor":5,"turns":3},{"damage":31,"enemies":"Gremlin Nob","floor":8,"turns":4},{"damage":0,"enemies":"Blue Slaver","floor":10,"turns":2},{"damage":8,"enemies":"Exordium Thugs","floor":14,"turns":4},{"damage":24,"enemies":"Hexaghost","floor":16,"turns":13},{"damage":17,"enemies":"Chosen","floor":18,"turns":7},{"damage":8,"enemies":"3 Byrds","floor":19,"turns":4},{"damage":26,"enemies":"Snake Plant","floor":20,"turns":7},{"damage":9,"enemies":"Snecko","floor":22,"turns":2}],"seed_played":"-2689432864107546463","potions_obtained":[{"floor":5,"key":"Dexterity Potion"},{"floor":8,"key":"PowerPotion"},{"floor":14,"key":"Regen Potion"},{"floor":16,"key":"LiquidBronze"},{"floor":19,"key":"SpeedPotion"},{"floor":20,"key":"SteroidPotion"}],"is_trial":false,"path_per_floor":["M","M","$","M","M","R","?","E","T","M","?","T","?","M","R","B",null,"M","M","M","?","M"],"character_chosen":"DEFECT","items_purchased":["PreservedInsect"],"campfire_rested":1,"item_purchase_floors":[3],"current_hp_per_floor":[64,55,55,52,45,45,45,14,14,14,14,14,14,6,27,18,58,41,33,7,7,0],"gold":0,"neow_bonus":"TWO_FIFTY_GOLD","is_prod":false,"is_daily":false,"chose_seed":false,"campfire_upgraded":1,"win_rate":0,"timestamp":1551292929,"path_taken":["M","M","$","M","M","R","?","E","T","M","?","?","?","M","R","BOSS","M","M","?","?","M"],"build_version":"2019-01-23","purchased_purges":1,"victory":false,"max_hp_per_floor":[71,71,71,71,71,71,71,71,71,71,71,71,71,71,71,71,71,71,71,71,71,71],"card_choices":[{"not_picked":["Turbo","Hello World"],"picked":"Gash","floor":1},{"not_picked":["Steam","Scrape"],"picked":"Coolheaded","floor":2},{"not_picked":["Stack","Chaos"],"picked":"Sweeping Beam","floor":4},{"not_picked":["Sweeping Beam","Scrape"],"picked":"BootSequence","floor":5},{"not_picked":["White Noise","Leap"],"picked":"Hyperbeam","floor":8},{"not_picked":["Steam","Scrape"],"picked":"Go for the Eyes","floor":10},{"not_picked":["Reprogram","Coolheaded"],"picked":"Cold Snap","floor":14},{"not_picked":["Machine Learning","Fission"],"picked":"Creative AI","floor":16},{"not_picked":["Sunder","Consume"],"picked":"Glacier","floor":18},{"not_picked":["Coolheaded+1","Ball Lightning"],"picked":"Recycle","floor":19},{"not_picked":["Blizzard","Barrage","Cold Snap"],"picked":"SKIP","floor":20}],"player_experience":1389910,"relics_obtained":[{"floor":8,"key":"Shovel"},{"floor":9,"key":"Darkstone Periapt"},{"floor":12,"key":"Orichalcum"}],"event_choices":[{"cards_removed":["Strike_B"],"damage_healed":0,"gold_gain":0,"player_choice":"Card Removal","damage_taken":0,"max_hp_gain":0,"max_hp_loss":0,"event_name":"The Cleric","floor":7,"gold_loss":50},{"damage_healed":0,"gold_gain":0,"player_choice":"Ignored","damage_taken":0,"max_hp_gain":0,"max_hp_loss":0,"event_name":"Liars Game","floor":11,"gold_loss":0},{"damage_healed":0,"gold_gain":0,"player_choice":"1 cards matched","damage_taken":0,"max_hp_gain":0,"max_hp_loss":0,"event_name":"Match and Keep!","floor":13,"gold_loss":0,"cards_obtained":["Zap"]},{"damage_healed":0,"gold_gain":0,"player_choice":"Paid Fearfully","damage_taken":0,"max_hp_gain":0,"max_hp_loss":0,"event_name":"Masked Bandits","floor":21,"gold_loss":329}],"is_beta":false,"boss_relics":[{"not_picked":["Calling Bell","Philosopher\u0027s Stone"],"picked":"Cursed Key"}],"items_purged_floors":[3],"is_endless":false,"potions_floor_spawned":[5,8,14,16,19,20],"killed_by":"Snecko","ascension_level":14}