{"path_per_floor":["M","?","$","M","?","E","R","?","T","$","?","M","M","M","R","B",null,"M","M","$","?"],"character_chosen":"THE_SILENT","items_purchased":["Caltrops","Accuracy","Membership Card","Infinite Blades","Art of War"],"gold_per_floor":[116,116,47,71,71,115,115,290,341,41,41,59,77,100,100,224,262,285,304,45,45,45],"floor_reached":22,"campfire_rested":0,"playtime":1101,"current_hp_per_floor":[63,63,63,63,63,63,63,63,63,63,63,65,56,50,50,10,60,10,6,6,6,0],"items_purged":["Decay","Doubt"],"gold":45,"score":272,"play_id":"9e378848-7538-4892-9726-cac0c3194a4e","local_time":"20180414184009","is_prod":false,"is_daily":false,"chose_seed":false,"is_ascension_mode":true,"campfire_upgraded":2,"timestamp":1523745609,"path_taken":["M","?","$","M","?","E","R","?","T","?","?","M","M","M","R","BOSS","M","M","$","?","M"],"build_version":"2018-04-12","seed_source_timestamp":12959345089033,"purchased_purges":2,"victory":false,"master_deck":["Defend_G","Defend_G","Defend_G","Defend_G","Defend_G","Strike_G","Strike_G","Strike_G+1","Strike_G","Strike_G","Survivor","Neutralize","Cloak And Dagger+1","Injury","Caltrops+1","Accuracy","Accuracy","Cloak And Dagger","Backflip","Venomology","Backflip","Backflip","Accuracy","Infinite Blades"],"max_hp_per_floor":[70,70,70,70,70,70,70,70,70,70,70,70,70,70,70,70,75,75,75,75,75,75],"relics":["Ring of the Snake","NeowsBlessing","Golden Idol","Ancient Tea Set","Blood Vial","Membership Card","Tiny House","Art of War"],"card_choices":[{"not_picked":["Backflip","Dagger Throw"],"picked":"Cloak And Dagger","floor":1.0},{"not_picked":["Outmaneuver","Slice"],"picked":"Accuracy","floor":6.0},{"not_picked":["Bane","Quick Slash"],"picked":"Cloak And Dagger","floor":12},{"not_picked":["Sucker Punch","Underhanded Strike"],"picked":"Backflip","floor":14},{"not_picked":["Grand Finale","Unload"],"picked":"Venomology","floor":16},{"not_picked":["Underhanded Strike","Bouncing Flask"],"picked":"Backflip","floor":17},{"not_picked":["Flying Knee","Deadly Poison"],"picked":"Backflip","floor":18},{"not_picked":["Flechettes","Dagger Throw"],"picked":"Accuracy","floor":19}],"player_experience":448384,"potions_floor_usage":[16,19,19,22],"damage_taken":[{"damage":0.0,"enemies":"Cultist","floor":1.0,"turns":1.0},{"damage":0.0,"enemies":"Small Slimes","floor":4.0,"turns":1.0},{"damage":0.0,"enemies":"Gremlin Nob","floor":6.0,"turns":1.0},{"damage":0,"enemies":"Jaw Worm","floor":12,"turns":4},{"damage":11,"enemies":"Looter","floor":13,"turns":4},{"damage":8,"enemies":"Blue Slaver","floor":14,"turns":4},{"damage":42,"enemies":"Hexaghost","floor":16,"turns":11},{"damage":52,"enemies":"Spheric Guardian","floor":18,"turns":9},{"damage":21,"enemies":"3 Byrds","floor":19,"turns":7},{"damage":22,"enemies":"Snake Plant","floor":22,"turns":4}],"event_choices":[{"event_name":"Golden Idol","player_choice":"Take Wound","floor":2.0,"damage_taken":0.0},{"event_name":"Wheel of Change","player_choice":"Curse","floor":5.0,"damage_taken":0.0},{"event_name":"Liars Game","player_choice":"agreed","floor":8.0,"damage_taken":0.0},{"event_name":"The Cleric","player_choice":"Leave","floor":11,"damage_taken":0},{"event_name":"Addict","player_choice":"Ignored","floor":21,"damage_taken":0}],"boss_relics":[{"not_picked":["Eternal Feather","Lizard Tail"],"picked":"Tiny House"}],"potions_floor_spawned":[4,13,16],"seed_played":"4972757107398973886","killed_by":"Snake Plant","ascension_level":6,"is_trial":false}