{"gold_per_floor":[116,132,62,62,79,79,90,105,105,105,125,144,219,219,219,219],"floor_reached":16,"playtime":1015,"items_purged":[],"score":119,"play_id":"d77360b1-7fb2-4cca-8c3c-647686d95f0d","local_time":"20190113002430","is_ascension_mode":false,"campfire_choices":[{"data":"True Grit","floor":6,"key":"SMITH"},{"data":"Bash","floor":10,"key":"SMITH"},{"data":"Dark Embrace","floor":15,"key":"SMITH"}],"neow_cost":"NONE","seed_source_timestamp":327644378747085,"circlet_count":0,"master_deck":["Strike_R","Strike_R","Strike_R","Strike_R","Strike_R","Defend_R","Defend_R","Defend_R","Defend_R","Bash+1","Feed","Metallicize","True Grit+1","Dropkick","Thunderclap","True Grit+1","Dark Embrace+1"],"relics":["Burning Blood","Toxic Egg 2","Omamori"],"potions_floor_usage":[16,16],"damage_taken":[{"damage":3,"enemies":"2 Louse","floor":1,"turns":3},{"damage":13,"enemies":"Cultist","floor":2,"turns":6},{"damage":2,"enemies":"Small Slimes","floor":5,"turns":5},{"damage":9,"enemies":"3 Louse","floor":7,"turns":3},{"damage":20,"enemies":"Large Slime","floor":8,"turns":8},{"damage":9,"enemies":"Lots of Slimes","floor":11,"turns":4},{"damage":6,"enemies":"2 Fungi Beasts","floor":12,"turns":6},{"damage":82,"enemies":"The Guardian","floor":16,"turns":19}],"seed_played":"3287812239981853437","potions_obtained":[{"floor":7,"key":"GamblersBrew"},{"floor":11,"key":"EssenceOfSteel"},{"floor":12,"key":"SmokeBomb"}],"is_trial":false,"path_per_floor":["M","M","$","?","M","R","M","M","T","R","M","M","?","?","R","B"],"character_chosen":"IRONCLAD","items_purchased":["Dropkick"],"campfire_rested":0,"item_purchase_floors":[3],"current_hp_per_floor":[83,79,79,79,86,86,86,75,75,75,75,78,67,60,60,0],"gold":219,"neow_bonus":"ONE_RANDOM_RARE_CARD","is_prod":false,"is_daily":false,"chose_seed":false,"campfire_upgraded":3,"win_rate":0,"timestamp":1547357070,"path_taken":["M","M","$","?","M","R","?","M","T","R","M","?","?","?","R","BOSS"],"build_version":"2019-01-10","purchased_purges":0,"victory":false,"max_hp_per_floor":[83,86,86,86,89,89,92,95,95,95,98,101,101,101,101,101],"card_choices":[{"not_picked":["Thunderclap","Battle Trance"],"picked":"Metallicize","floor":1},{"not_picked":["Headbutt","Thunderclap"],"picked":"True Grit","floor":2},{"not_picked":["Clothesline","Sentinel"],"picked":"Thunderclap","floor":5},{"not_picked":["Clash","Reckless Charge","Thunderclap"],"picked":"SKIP","floor":7},{"not_picked":["Ghostly Armor","Whirlwind","Clothesline"],"picked":"SKIP","floor":8},{"not_picked":["Twin Strike","Cleave"],"picked":"True Grit+1","floor":11},{"not_picked":["Armaments+1","Shrug It Off+1"],"picked":"Dark Embrace","floor":12}],"player_experience":927358,"relics_obtained":[{"floor":9,"key":"Toxic Egg 2"}],"event_choices":[{"damage_healed":0,"gold_gain":0,"player_choice":"Bought 0 Potions","damage_taken":0,"max_hp_gain":0,"max_hp_loss":0,"event_name":"The Woman in Blue","floor":4,"gold_loss":0},{"damage_healed":0,"gold_gain":75,"player_choice":"Gather Gold","damage_taken":11,"max_hp_gain":0,"max_hp_loss":0,"event_name":"World of Goop","floor":13,"gold_loss":0},{"damage_healed":0,"gold_gain":0,"player_choice":"Success","damage_taken":7,"relics_obtained":["Omamori"],"max_hp_gain":0,"max_hp_loss":0,"event_name":"Scrap Ooze","floor":14,"gold_loss":0}],"is_beta":false,"boss_relics":[],"items_purged_floors":[],"is_endless":false,"potions_floor_spawned":[7,11,12],"killed_by":"The Guardian","ascension_level":0}