{"path_per_floor":["M","$","?","M","M","R","$","?","T","M","R","E","?","?","R","B",null,"M","?","M","T","?","R","M","?","T","?","R","M","M","$","R","B",null,"M","?","M","M","?","R","M","M","T","R","?","?","?","?","R","B"],"character_chosen":"IRONCLAD","items_purchased":["Whirlwind","Dexterity Potion","Kunai"],"gold_per_floor":[117,42,42,53,73,73,73,173,173,192,192,220,250,250,250,352,352,363,363,377,377,377,377,387,387,439,439,439,450,462,31,31,132,132,144,144,163,182,0,0,14,26,50,50,50,50,50,50,50,50],"floor_reached":51,"campfire_rested":4,"playtime":1134,"current_hp_per_floor":[86,83,83,80,83,83,83,83,83,83,83,68,68,83,83,66,79,71,71,67,67,51,51,45,45,45,29,55,53,36,36,62,53,79,82,82,60,42,42,68,42,15,15,41,77,77,77,77,77,44],"items_purged":["Parasite","Writhe"],"gold":50,"score":990,"play_id":"2776af50-78f8-497f-89b7-c8cbbd9cb9f0","local_time":"20180321005124","is_prod":false,"is_daily":false,"is_ascension_mode":true,"campfire_upgraded":5,"timestamp":1521611484,"path_taken":["M","$","?","?","M","R","$","?","T","M","R","E","?","?","R","BOSS","M","?","M","?","?","R","M","?","T","?","R","M","M","$","R","BOSS","M","?","M","M","?","R","M","M","T","R","?","?","?","?","R","BOSS"],"build_version":"2018-03-15v3","purchased_purges":2,"victory":true,"master_deck":["Strike_R","Strike_R","Strike_R","Strike_R","Strike_R","Defend_R","Defend_R","Defend_R","Defend_R","Bash","Flex+1","Demon Form+1","Sword Boomerang+1","Offering","Shrug It Off","Uppercut+1","Shrug It Off","Thunderclap","Shrug It Off","Whirlwind+1","Limit Break","Shrug It Off"],"max_hp_per_floor":[86,83,83,83,83,83,83,83,83,83,83,83,83,83,83,83,83,83,83,83,83,83,83,83,83,83,88,88,88,88,88,88,88,88,88,88,88,88,88,88,88,88,88,88,77,77,77,77,77,77],"relics":["Burning Blood","Mango","Mercury Hourglass","Pen Nib","Juzu Bracelet","Velvet Choker","Ice Cream","Enchiridion","Anchor","Bag of Preparation","Kunai","Lizard Tail","Red Mask","Ancient Tea Set","Spirit Poop"],"card_choices":[{"not_picked":["Wild Strike","Corruption"],"picked":"Flex"},{"not_picked":["Warcry","Pommel Strike"],"picked":"Demon Form"},{"not_picked":["Feel No Pain","Spot Weakness"],"picked":"Sword Boomerang"},{"not_picked":["Fiend Fire","Berserk"],"picked":"Offering"},{"not_picked":["Disarm","Anger"],"picked":"Shrug It Off"},{"not_picked":["Iron Wave","Headbutt"],"picked":"Shrug It Off"},{"not_picked":["Juggernaut","Wild Strike"],"picked":"Thunderclap"},{"not_picked":["Anger","Warcry"],"picked":"Shrug It Off"},{"not_picked":["Brutality","Juggernaut"],"picked":"Limit Break"},{"not_picked":["Warcry","Feel No Pain"],"picked":"Shrug It Off"}],"player_experience":326532,"potions_floor_usage":[10,16,24,33,33,33,37,42,50,50],"damage_taken":[{"damage":4,"enemies":"Small Slimes","floor":1,"turns":4},{"damage":9,"enemies":"2 Louse","floor":4,"turns":3},{"damage":2,"enemies":"Jaw Worm","floor":5,"turns":3},{"damage":0,"enemies":"Lots of Slimes","floor":10,"turns":1},{"damage":21,"enemies":"3 Sentries","floor":12,"turns":6},{"damage":23,"enemies":"Slime Boss","floor":16,"turns":6},{"damage":14,"enemies":"3 Byrds","floor":18,"turns":4},{"damage":10,"enemies":"Spheric Guardian","floor":20,"turns":3},{"damage":24,"enemies":"Cultist and Chosen","floor":24,"turns":5},{"damage":8,"enemies":"Centurion and Healer","floor":29,"turns":5},{"damage":23,"enemies":"Slaver and Parasite","floor":30,"turns":4},{"damage":15,"enemies":"Champ","floor":33,"turns":7},{"damage":3,"enemies":"Orb Walker","floor":35,"turns":3},{"damage":28,"enemies":"3 Darklings","floor":37,"turns":3},{"damage":24,"enemies":"Maw","floor":38,"turns":5},{"damage":32,"enemies":"Sphere and 2 Shapes","floor":41,"turns":3},{"damage":33,"enemies":"4 Shapes","floor":42,"turns":3},{"damage":96,"enemies":"Awakened One","floor":50,"turns":8}],"event_choices":[{"event_name":"The Cleric","player_choice":"Leave","floor":3,"damage_taken":0},{"event_name":"Golden Shrine","player_choice":"Pray","floor":8,"damage_taken":0},{"event_name":"Dead Adventurer","player_choice":"Searched \u00272\u0027 times","floor":13,"damage_taken":0},{"event_name":"Big Fish","player_choice":"Banana","floor":14,"damage_taken":0},{"event_name":"The Library","player_choice":"Read","floor":19,"damage_taken":0},{"event_name":"Cursed Tome","player_choice":"Obtained Book","floor":22,"damage_taken":0},{"event_name":"The Mausoleum","player_choice":"Yes","floor":25,"damage_taken":0},{"event_name":"Forgotten Altar","player_choice":"Shed Blood","floor":27,"damage_taken":0},{"event_name":"Mysterious Sphere","player_choice":"Ignore","floor":36,"damage_taken":0},{"event_name":"Tomb of Lord Red Mask","player_choice":"Paid","floor":39,"damage_taken":0},{"event_name":"The Moai Head","player_choice":"Heal","floor":45,"damage_taken":0},{"event_name":"The Lab","player_choice":"Got Potions","floor":46,"damage_taken":0},{"event_name":"Winding Halls","player_choice":"Writhe","floor":47,"damage_taken":0},{"event_name":"Bonfire Elementals","player_choice":"CURSE","floor":48,"damage_taken":0}],"boss_relics":[{"not_picked":["White Beast Statue","Runic Pyramid"],"picked":"Velvet Choker"},{"not_picked":["Mark of Pain","Snecko Eye"],"picked":"Lizard Tail"}],"potions_floor_spawned":[5,12,16,20,30,33,35,38],"seed_played":"2511788745551757706","ascension_level":10,"is_trial":false}