{"gold_per_floor":[216,141,153,53,65,65,65,75,75,75,86,86,86,86,86,163,163,176,193,68,68,68,68,68],"floor_reached":24,"playtime":878,"items_purged":["Strike_R","Strike_R","Defend_R"],"score":340,"play_id":"6d29cf3d-e6a7-4720-9d4f-1ecfc701a542","local_time":"20190227204520","is_ascension_mode":true,"campfire_choices":[{"data":"Rampage","floor":6,"key":"SMITH"},{"data":"Demon Form","floor":10,"key":"SMITH"},{"data":"Bash","floor":15,"key":"SMITH"}],"neow_cost":"NONE","seed_source_timestamp":2566580024193,"circlet_count":0,"master_deck":["AscendersBane","Strike_R","Strike_R","Defend_R","Defend_R","Defend_R","Bash+1","Rampage+1","Thunderclap","Demon Form+1","Reaper","Heavy Blade","Flex+1","RitualDagger"],"relics":["Burning Blood","Question Card","Velvet Choker"],"potions_floor_usage":[16],"damage_taken":[{"damage":1,"enemies":"Cultist","floor":1,"turns":3},{"damage":4,"enemies":"Small Slimes","floor":3,"turns":4},{"damage":0,"enemies":"2 Louse","floor":5,"turns":2},{"damage":34,"enemies":"Exordium Wildlife","floor":8,"turns":6},{"damage":12,"enemies":"Looter","floor":11,"turns":4},{"damage":38,"enemies":"Hexaghost","floor":16,"turns":7},{"damage":49,"enemies":"Shell Parasite","floor":18,"turns":6},{"damage":19,"enemies":"Spheric Guardian","floor":19,"turns":4},{"damage":33,"enemies":"Book of Stabbing","floor":24,"turns":2}],"seed_played":"6634419626151223244","potions_obtained":[{"floor":3,"key":"Energy Potion"},{"floor":8,"key":"Strength Potion"},{"floor":16,"key":"EssenceOfSteel"}],"is_trial":false,"path_per_floor":["M","$","M","$","M","R","?","M","T","R","M","?","$","?","R","B",null,"M","M","$","?","$","?","E"],"character_chosen":"IRONCLAD","items_purchased":[],"campfire_rested":0,"item_purchase_floors":[],"current_hp_per_floor":[73,73,75,75,75,75,75,47,47,47,41,46,46,39,39,7,62,43,30,30,24,24,24,0],"gold":68,"neow_bonus":"HUNDRED_GOLD","is_prod":false,"is_daily":false,"chose_seed":false,"campfire_upgraded":3,"win_rate":0,"timestamp":1551267920,"path_taken":["M","$","M","?","?","R","?","M","T","R","M","?","?","?","R","BOSS","M","M","$","?","?","?","E"],"build_version":"2019-01-23","purchased_purges":3,"victory":false,"max_hp_per_floor":[75,75,75,75,75,75,75,75,75,75,75,80,80,80,80,80,80,80,80,80,80,80,80,80],"card_choices":[{"not_picked":["Sword Boomerang","Uppercut"],"picked":"Rampage","floor":1},{"not_picked":["Fire Breathing","Armaments"],"picked":"Thunderclap","floor":3},{"not_picked":["Ghostly Armor","Wild Strike","Fire Breathing"],"picked":"SKIP","floor":5},{"not_picked":["Clash","Havoc"],"picked":"Demon Form","floor":8},{"not_picked":["Power Through","Spot Weakness","Pommel Strike","Corruption"],"picked":"SKIP","floor":11},{"not_picked":["Bludgeon","Feed","Berserk"],"picked":"Reaper","floor":16},{"not_picked":["Clothesline","Second Wind","Sword Boomerang"],"picked":"Heavy Blade","floor":18},{"not_picked":["Sentinel","Havoc","Intimidate"],"picked":"Flex+1","floor":19}],"player_experience":937498,"relics_obtained":[{"floor":9,"key":"Question Card"}],"event_choices":[{"damage_healed":0,"gold_gain":0,"player_choice":"Leave","damage_taken":0,"max_hp_gain":0,"max_hp_loss":0,"event_name":"The Cleric","floor":7,"gold_loss":0},{"damage_healed":0,"gold_gain":0,"player_choice":"Donut","damage_taken":0,"max_hp_gain":5,"max_hp_loss":0,"event_name":"Big Fish","floor":12,"gold_loss":0},{"cards_removed":["Strike_R"],"damage_healed":0,"gold_gain":0,"player_choice":"Card Removal","damage_taken":7,"max_hp_gain":0,"max_hp_loss":0,"event_name":"Golden Wing","floor":14,"gold_loss":0},{"damage_healed":0,"gold_gain":0,"player_choice":"Joined the Cult","damage_taken":6,"max_hp_gain":0,"max_hp_loss":0,"event_name":"Nest","floor":21,"gold_loss":0,"cards_obtained":["RitualDagger"]},{"damage_healed":0,"gold_gain":0,"player_choice":"Ignored","damage_taken":0,"max_hp_gain":0,"max_hp_loss":0,"event_name":"Beggar","floor":23,"gold_loss":0}],"is_beta":false,"boss_relics":[{"not_picked":["Lizard Tail","Pandora\u0027s Box"],"picked":"Velvet Choker"}],"items_purged_floors":[2,4,20],"is_endless":false,"potions_floor_spawned":[3,8,16],"killed_by":"Book of Stabbing","ascension_level":17}