{"path_per_floor":["M","M","$","?","T","E","M","?","T","$","?","M","R","M","R","B",null,"M","M","$","?","M","R","M","R","T","R","?","M","$","M","R","B",null,"M","M","$","M","?","R","M","?","T","M","?","R","M","M","R","B"],"character_chosen":"THE_SILENT","items_purchased":["Flash of Steel","Caltrops","Dagger Throw","Footwork","Prepared","Snake Skull"],"gold_per_floor":[115,130,40,40,94,123,137,137,187,78,78,90,90,106,106,208,208,224,244,51,51,63,63,77,77,77,77,77,93,67,87,87,187,187,206,217,68,86,86,86,100,100,123,137,137,137,148,166,166,166],"floor_reached":51,"campfire_rested":2,"playtime":7219,"current_hp_per_floor":[75,73,73,73,73,62,62,62,62,62,62,60,60,59,59,54,77,56,51,51,51,47,47,41,41,41,41,41,31,31,31,54,38,77,70,70,70,37,67,67,59,64,71,65,65,65,48,48,70,45],"items_purged":["Strike_G","Strike_G"],"gold":166,"play_id":"72855102-e812-4d59-a65d-e6ebe56487e3","is_prod":false,"is_daily":false,"is_ascension_mode":false,"campfire_upgraded":7,"path_taken":["M","M","$","?","?","E","M","?","T","$","?","M","R","M","R","BOSS","M","M","$","?","M","R","M","R","T","R","?","M","$","M","R","BOSS","M","M","$","M","?","R","M","?","T","M","?","R","M","M","R","BOSS"],"build_version":"2018-02-01-PROD3","purchased_purges":2,"victory":true,"master_deck":["Defend_G","Defend_G","Defend_G","Defend_G","Defend_G","Strike_G","Strike_G","Survivor","Neutralize","Endless Agony","Infinite Blades+1","Flash of Steel+1","Acrobatics+1","After Image+1","Backflip+1","Good Instincts+1","Caltrops+1","Deadly Poison+1","Endless Agony+1","Envenom+1","Well Laid Plans+1","Backflip+1","Dagger Throw","Footwork+1","Flash of Steel+1","Blur+1","Deflect+1","Deflect+1","Prepared+1","Flying Knee+1","Acrobatics+1","Terror+1","Backflip+1","Catalyst+1","Catalyst+1","Escape Plan+1","Deflect+1"],"max_hp_per_floor":[77,77,77,77,77,77,77,77,77,77,77,77,77,77,77,77,77,77,77,77,77,77,77,77,77,77,77,77,77,77,77,77,77,77,77,77,77,77,67,67,67,67,74,74,74,74,74,74,74,74],"relics":["Ring of the Snake","Bronze Scales","Toxic Egg 2","Pen Nib","Question Card","Bag of Marbles","Sozu","Snake Skull","Strawberry"],"card_choices":[{"not_picked":["Backflip","Poisoned Stab"],"picked":"Endless Agony"},{"not_picked":["Malaise","PiercingWail"],"picked":"Infinite Blades"},{"not_picked":["Poisoned Stab","Bane"],"picked":"Acrobatics"},{"not_picked":["All Out Attack","Deadly Poison"],"picked":"After Image"},{"not_picked":["Underhanded Strike","Heel Hook"],"picked":"Deadly Poison"},{"not_picked":["Dagger Throw","Deadly Poison"],"picked":"Endless Agony"},{"not_picked":["Phantasmal Killer","Corpse Explosion"],"picked":"Envenom"},{"not_picked":["Acrobatics","Underhanded Strike","Endless Agony"],"picked":"Well Laid Plans"},{"not_picked":["Dagger Spray","Caltrops","Dodge and Roll"],"picked":"Backflip"},{"not_picked":["Quick Slash","Noxious Fumes","Riddle With Holes"],"picked":"Blur"},{"not_picked":["Endless Agony","Sucker Punch","Reflex"],"picked":"Deflect"},{"not_picked":["Crippling Poison","Flying Knee","Eviscerate"],"picked":"Deflect"},{"not_picked":["Underhanded Strike","Corpse Explosion","Deadly Poison"],"picked":"Flying Knee"},{"not_picked":["Prepared","Choke","Underhanded Strike"],"picked":"Acrobatics"},{"not_picked":["Eviscerate","Underhanded Strike","Bane"],"picked":"Terror"},{"not_picked":["Poisoned Stab","Flying Knee","Leg Sweep"],"picked":"Backflip"},{"not_picked":["PiercingWail","All Out Attack","Blur"],"picked":"Catalyst"},{"not_picked":["Deadly Poison","Predator","Flying Knee"],"picked":"Catalyst"},{"not_picked":["Bane","All Out Attack","Distraction"],"picked":"Escape Plan"},{"not_picked":["Dagger Spray","Infinite Blades","Dodge and Roll"],"picked":"Deflect"}],"player_experience":40848,"potions_floor_usage":[16,18,29,33,33],"damage_taken":[{"damage":2,"enemies":"Blue Slaver","floor":1,"turns":7},{"damage":2,"enemies":"Small Slimes","floor":2,"turns":5},{"damage":11,"enemies":"3 Sentries","floor":6,"turns":8},{"damage":0,"enemies":"Cultist","floor":7,"turns":4},{"damage":2,"enemies":"Exordium Thugs","floor":12,"turns":5},{"damage":1,"enemies":"Looter","floor":14,"turns":3},{"damage":5,"enemies":"The Guardian","floor":16,"turns":10},{"damage":21,"enemies":"2 Thieves","floor":18,"turns":3},{"damage":5,"enemies":"Chosen","floor":19,"turns":5},{"damage":4,"enemies":"Sentry and Sphere","floor":22,"turns":7},{"damage":6,"enemies":"Snecko","floor":24,"turns":7},{"damage":10,"enemies":"Centurion and Healer","floor":29,"turns":7},{"damage":0,"enemies":"3 Cultists","floor":31,"turns":6},{"damage":16,"enemies":"Collector","floor":33,"turns":11},{"damage":7,"enemies":"Orb Walker","floor":35,"turns":4},{"damage":0,"enemies":"3 Shapes","floor":36,"turns":6},{"damage":33,"enemies":"3 Darklings","floor":38,"turns":5},{"damage":8,"enemies":"4 Shapes","floor":41,"turns":7},{"damage":6,"enemies":"Sphere and 2 Shapes","floor":44,"turns":7},{"damage":17,"enemies":"3 Darklings","floor":47,"turns":5},{"damage":0,"enemies":"4 Shapes","floor":48,"turns":5},{"damage":25,"enemies":"Donu and Deca","floor":50,"turns":11}],"event_choices":[{"event_name":"Living Wall","player_choice":"Grow","floor":4,"damage_taken":0},{"event_name":"Match and Keep!","player_choice":"2 cards matched","floor":8,"damage_taken":0},{"event_name":"Transmorgrifier","player_choice":"Transform","floor":11,"damage_taken":0},{"event_name":"Duplicator","player_choice":"One dupe","floor":21,"damage_taken":0},{"event_name":"Vampires","player_choice":"Ignored","floor":28,"damage_taken":0},{"event_name":"The Moai Head","player_choice":"Heal","floor":39,"damage_taken":0},{"event_name":"Bonfire Elementals","player_choice":"COMMON","floor":42,"damage_taken":0},{"event_name":"Mysterious Sphere","player_choice":"Ignore","floor":45,"damage_taken":0}],"boss_relics":[{"not_picked":["Ectoplasm","Eternal Feather"],"picked":"Question Card"},{"not_picked":["Philosopher\u0027s Stone","Lizard Tail"],"picked":"Sozu"}],"potions_floor_spawned":[2,6,14,18,22,29,33,35,38,41,48],"seed_played":"-958167467368075893","ascension_level":0,"is_trial":false}