{"gold_per_floor":[118,138,313,31,71,71,71,71,71,88,106,135,161,179,179,278,278,297,297,314,330,344,373,373,373,373,373,392,411,330,343,343,448,448,460,475,491,122,176,176,176,176,176,191,221,236,261,281,281,281],"floor_reached":51,"playtime":5682,"items_purged":["Doubt"],"score":818,"play_id":"3e9937b0-a6ff-4a60-b3cb-ced0065306eb","local_time":"20190226222827","daily_mods":["Draft","Vintage","Allstar","Diverse","Heirloom","DeadlyEvents","Uncertain Future"],"is_ascension_mode":false,"campfire_choices":[{"data":"1","floor":6,"key":"LIFT"},{"data":"2","floor":8,"key":"LIFT"},{"data":"3","floor":15,"key":"LIFT"},{"floor":24,"key":"DIG"},{"floor":27,"key":"DIG"},{"floor":32,"key":"DIG"},{"floor":40,"key":"DIG"},{"floor":42,"key":"DIG"},{"floor":49,"key":"DIG"}],"neow_cost":"","seed_source_timestamp":0,"circlet_count":0,"master_deck":["Flex","Beam Cell","Cold Snap","White Noise","Whirlwind+1","Poisoned Stab","Flying Knee","Shrug It Off","Acrobatics","Heavy Blade","Sweeping Beam","Melter","Leap","Tempest+1","Shrug It Off","Infernal Blade+1","Reboot","Capacitor+1","Envenom+1","Inflame+1","Storm+1"],"relics":["Ring of the Serpent","Girya","Bag of Preparation","Snake Skull","Oddly Smooth Stone","Tiny Chest","Darkstone Periapt","Meat on the Bone","Ornamental Fan","Art of War","Frozen Egg 2","PreservedInsect","Bird Faced Urn","Orichalcum","Omamori","Shovel","Shuriken","Blue Candle","StoneCalendar","Pear","War Paint","Torii","Letter Opener","Bottled Flame","Ancient Tea Set","Sozu","Dream Catcher","Gremlin Horn","Bronze Scales","Incense Burner","Vajra","Blood Vial","The Courier","Mummified Hand","Pen Nib","Anchor","Centennial Puzzle","Regal Pillow","Ginger","Toxic Egg 2","Du-Vu Doll"],"potions_floor_usage":[],"damage_taken":[{"damage":0,"enemies":"2 Louse","floor":1,"turns":2},{"damage":0,"enemies":"Small Slimes","floor":2,"turns":2},{"damage":0,"enemies":"Cultist","floor":5,"turns":2},{"damage":0,"enemies":"2 Fungi Beasts","floor":10,"turns":1},{"damage":0,"enemies":"Exordium Wildlife","floor":11,"turns":2},{"damage":9,"enemies":"3 Sentries","floor":12,"turns":3},{"damage":0,"enemies":"Lagavulin","floor":13,"turns":4},{"damage":0,"enemies":"3 Louse","floor":14,"turns":2},{"damage":17,"enemies":"The Guardian","floor":16,"turns":9},{"damage":2,"enemies":"Shell Parasite","floor":18,"turns":3},{"damage":0,"enemies":"Spheric Guardian","floor":20,"turns":1},{"damage":5,"enemies":"Centurion and Healer","floor":21,"turns":4},{"damage":18,"enemies":"Snake Plant","floor":22,"turns":3},{"damage":6,"enemies":"Book of Stabbing","floor":23,"turns":3},{"damage":4,"enemies":"Cultist and Chosen","floor":28,"turns":3},{"damage":1,"enemies":"Centurion and Healer","floor":29,"turns":4},{"damage":0,"enemies":"3 Cultists","floor":31,"turns":2},{"damage":36,"enemies":"Collector","floor":33,"turns":7},{"damage":0,"enemies":"Orb Walker","floor":35,"turns":3},{"damage":8,"enemies":"3 Darklings","floor":36,"turns":5},{"damage":0,"enemies":"Sphere and 2 Shapes","floor":37,"turns":5},{"damage":3,"enemies":"Spire Growth","floor":44,"turns":2},{"damage":0,"enemies":"Reptomancer","floor":45,"turns":2},{"damage":0,"enemies":"Transient","floor":46,"turns":5},{"damage":0,"enemies":"Nemesis","floor":47,"turns":1},{"damage":0,"enemies":"Sphere and 2 Shapes","floor":48,"turns":1},{"damage":20,"enemies":"Donu and Deca","floor":50,"turns":4}],"seed_played":"4708339143833814886","potions_obtained":[{"floor":5,"key":"EssenceOfSteel"},{"floor":11,"key":"Block Potion"},{"floor":12,"key":"AttackPotion"},{"floor":28,"key":"Regen Potion"}],"is_trial":true,"path_per_floor":["M","M","?","$","M","R","?","R","T","M","M","E","E","M","R","B",null,"M","?","M","M","M","E","R","?","T","R","M","M","$","M","R","B",null,"M","M","M","$","T","R","T","R","T","M","E","M","E","M","R","B",null],"character_chosen":"THE_SILENT","items_purchased":["Oddly Smooth Stone","Shrug It Off","Capacitor+1","Incense Burner","Inflame+1"],"campfire_rested":0,"item_purchase_floors":[4,4,30,38,38],"current_hp_per_floor":[70,70,70,70,70,70,70,70,70,70,70,61,61,61,61,44,70,68,68,68,63,45,39,39,39,49,49,45,46,46,46,46,24,80,80,72,78,78,78,78,78,78,78,77,80,80,80,80,80,60],"gold":281,"neow_bonus":"","is_prod":false,"is_daily":false,"chose_seed":false,"campfire_upgraded":0,"win_rate":0,"timestamp":1551216507,"path_taken":["M","M","?","$","M","R","?","R","T","M","M","?","E","M","R","BOSS","M","?","M","?","M","E","R","?","T","R","M","M","$","M","R","BOSS","M","M","M","$","?","R","?","R","T","M","E","M","?","M","R","BOSS"],"build_version":"2019-01-23","purchased_purges":1,"victory":true,"max_hp_per_floor":[70,70,70,70,70,70,70,70,70,70,70,70,70,70,70,70,70,70,70,70,70,70,70,70,70,80,80,80,80,80,80,80,80,80,80,80,80,80,80,80,80,80,80,80,80,80,80,80,80,80],"card_choices":[{"not_picked":["Heel Hook","Carnage"],"picked":"Flex","floor":0},{"not_picked":["Feel No Pain","Power Through"],"picked":"Beam Cell","floor":0},{"not_picked":["Slice","True Grit"],"picked":"Cold Snap","floor":0},{"not_picked":["Deflect","Havoc"],"picked":"White Noise","floor":0},{"not_picked":["Stack","Redo"],"picked":"Whirlwind","floor":0},{"not_picked":["Steam","Streamline"],"picked":"Poisoned Stab","floor":0},{"not_picked":["Bloodletting","Perfected Strike"],"picked":"Flying Knee","floor":0},{"not_picked":["Dual Wield","Setup"],"picked":"Shrug It Off","floor":0},{"not_picked":["True Grit","Entrench"],"picked":"Acrobatics","floor":0},{"not_picked":["Beam Cell","True Grit"],"picked":"Heavy Blade","floor":0},{"not_picked":["Flex","Hologram"],"picked":"Sweeping Beam","floor":0},{"not_picked":["Outmaneuver","Recycle"],"picked":"Melter","floor":0},{"not_picked":["Reprogram","Sword Boomerang"],"picked":"Rebound","floor":0},{"not_picked":["Blade Dance","Quick Slash"],"picked":"Leap","floor":0},{"not_picked":["Combust","Outmaneuver"],"picked":"Tempest","floor":0},{"not_picked":["Anger","Warcry","Sword Boomerang"],"picked":"SKIP","floor":12},{"not_picked":["Dodge and Roll","Eviscerate"],"picked":"Infernal Blade","floor":13},{"not_picked":["Fission","Unload"],"picked":"Reboot","floor":16},{"not_picked":["Chaos+1","Compile Driver","Flying Knee+1"],"picked":"SKIP","floor":23},{"not_picked":["Phantasmal Killer","Core Surge"],"picked":"Envenom+1","floor":33},{"not_picked":["Hello World+1","Slice","Dagger Spray"],"picked":"SKIP","floor":45},{"not_picked":["Darkness","Perfected Strike"],"picked":"Storm+1","floor":47}],"player_experience":368043,"relics_obtained":[{"floor":1,"key":"Bag of Preparation"},{"floor":2,"key":"Snake Skull"},{"floor":5,"key":"Tiny Chest"},{"floor":9,"key":"Darkstone Periapt"},{"floor":10,"key":"Meat on the Bone"},{"floor":11,"key":"Ornamental Fan"},{"floor":12,"key":"Art of War"},{"floor":13,"key":"Frozen Egg 2"},{"floor":14,"key":"PreservedInsect"},{"floor":18,"key":"Bird Faced Urn"},{"floor":20,"key":"Omamori"},{"floor":21,"key":"Shovel"},{"floor":22,"key":"Shuriken"},{"floor":23,"key":"Blue Candle"},{"floor":24,"key":"StoneCalendar"},{"floor":26,"key":"Pear"},{"floor":27,"key":"War Paint"},{"floor":28,"key":"Torii"},{"floor":29,"key":"Letter Opener"},{"floor":31,"key":"Bottled Flame"},{"floor":32,"key":"Ancient Tea Set"},{"floor":35,"key":"Dream Catcher"},{"floor":36,"key":"Gremlin Horn"},{"floor":37,"key":"Bronze Scales"},{"floor":39,"key":"Vajra"},{"floor":40,"key":"Blood Vial"},{"floor":41,"key":"The Courier"},{"floor":42,"key":"Mummified Hand"},{"floor":43,"key":"Pen Nib"},{"floor":44,"key":"Anchor"},{"floor":45,"key":"Centennial Puzzle"},{"floor":46,"key":"Regal Pillow"},{"floor":47,"key":"Ginger"},{"floor":48,"key":"Toxic Egg 2"},{"floor":49,"key":"Du-Vu Doll"}],"event_choices":[{"damage_healed":0,"gold_gain":175,"player_choice":"AGREE","damage_taken":0,"max_hp_gain":0,"max_hp_loss":0,"event_name":"Liars Game","floor":3,"gold_loss":0,"cards_obtained":["Doubt"]},{"damage_healed":0,"gold_gain":0,"player_choice":"Upgraded","damage_taken":0,"max_hp_gain":0,"max_hp_loss":0,"event_name":"Upgrade Shrine","floor":7,"gold_loss":0,"cards_upgraded":["Whirlwind"]},{"damage_healed":0,"gold_gain":0,"player_choice":"Opened","damage_taken":0,"relics_obtained":["Orichalcum"],"max_hp_gain":0,"max_hp_loss":0,"event_name":"The Mausoleum","floor":19,"gold_loss":0},{"cards_removed":["Rebound"],"damage_healed":0,"gold_gain":0,"player_choice":"Purged","damage_taken":0,"max_hp_gain":0,"max_hp_loss":0,"event_name":"Purifier","floor":25,"gold_loss":0}],"is_beta":false,"boss_relics":[{"not_picked":["Snecko Eye","Calling Bell"],"picked":"Ring of the Serpent"},{"not_picked":["Black Star","Lizard Tail"],"picked":"Sozu"}],"items_purged_floors":[4],"is_endless":false,"potions_floor_spawned":[5,11,12,14,18,23,28,29,31,35,36,44,47],"ascension_level":0}