{"gold_per_floor":[99,99,72,72,72,72,72,72,72,72,72,3,3,0,0,0,0,0,0,0,0,0,0,0,0,0,0,0,0,0,0,0,0],"floor_reached":33,"playtime":2401,"items_purged":[],"score":321,"play_id":"91fe0487-2d1e-474b-af06-d7df74debd12","local_time":"20190221210804","is_ascension_mode":true,"campfire_choices":[{"data":"Neutralize","floor":6,"key":"SMITH"},{"data":"Noxious Fumes","floor":13,"key":"SMITH"},{"floor":15,"key":"REST"},{"data":"Footwork","floor":23,"key":"SMITH"},{"floor":29,"key":"REST"},{"data":"Leg Sweep","floor":32,"key":"SMITH"}],"neow_cost":"NONE","seed_source_timestamp":93616565000310,"circlet_count":0,"master_deck":["Defend_G","Defend_G","Defend_G","Defend_G","Defend_G","Strike_G","Strike_G","Strike_G","Strike_G","Strike_G","Survivor","Neutralize+1","Finisher","Dagger Spray","Footwork+1","Dash","Acrobatics","Adrenaline","Noxious Fumes+1","Dash","Deflect","Well Laid Plans","Quick Slash","Flying Knee+1","Leg Sweep+1"],"special_seed":0,"relics":["Ectoplasm","Tiny Chest","Centennial Puzzle","Eternal Feather","Oddly Smooth Stone","Ancient Tea Set","Nloth\u0027s Gift"],"potions_floor_usage":[11,18,18,25,33],"damage_taken":[{"damage":2.0,"enemies":"Small Slimes","floor":1.0,"turns":4.0},{"damage":3.0,"enemies":"2 Louse","floor":2.0,"turns":2.0},{"damage":4,"enemies":"Jaw Worm","floor":5,"turns":3},{"damage":7,"enemies":"Lagavulin","floor":7,"turns":7},{"damage":4,"enemies":"Red Slaver","floor":8,"turns":4},{"damage":20,"enemies":"Gremlin Nob","floor":11,"turns":5},{"damage":1,"enemies":"Looter","floor":14,"turns":3},{"damage":24,"enemies":"Slime Boss","floor":16,"turns":10},{"damage":8,"enemies":"3 Byrds","floor":18,"turns":4},{"damage":17,"enemies":"Chosen","floor":19,"turns":6},{"damage":5,"enemies":"Centurion and Healer","floor":20,"turns":7},{"damage":10,"enemies":"Colosseum Slavers","floor":24,"turns":5},{"damage":10,"enemies":"3 Cultists","floor":25,"turns":6},{"damage":10,"enemies":"Cultist and Chosen","floor":28,"turns":6},{"damage":0,"enemies":"Centurion and Healer","floor":31,"turns":5},{"damage":60,"enemies":"Collector","floor":33,"turns":7}],"seed_played":"1964949180991337043","potions_obtained":[{"floor":1.0,"key":"Weak Potion"},{"floor":5,"key":"Energy Potion"},{"floor":11,"key":"Strength Potion"},{"floor":16,"key":"Strength Potion"},{"floor":20,"key":"Dexterity Potion"},{"floor":31,"key":"SkillPotion"}],"is_trial":false,"path_per_floor":["M","M","?","?","M","R","E","M","T","?","E","$","R","M","R","B",null,"M","M","M","T","$","R","?","M","T","?","M","R","$","M","R","B"],"character_chosen":"THE_SILENT","items_purchased":["Noxious Fumes"],"campfire_rested":2,"item_purchase_floors":[12],"current_hp_per_floor":[68,65,65,65,61,61,54,50,50,50,30,30,30,29,50,26,59,51,34,29,29,29,41,31,21,21,21,11,44,44,44,59,0],"gold":0,"neow_bonus":"BOSS_RELIC","is_prod":false,"is_daily":false,"chose_seed":false,"campfire_upgraded":4,"win_rate":0,"timestamp":1550783284,"path_taken":["M","M","?","?","M","R","E","M","T","?","E","?","R","M","R","BOSS","M","M","M","?","$","R","?","?","T","?","M","R","$","M","R","BOSS"],"build_version":"2019-01-23","purchased_purges":0,"victory":false,"max_hp_per_floor":[70,70,70,70,70,70,70,70,70,70,70,70,70,70,70,70,70,70,70,70,70,70,70,70,70,70,70,70,70,70,70,70,70],"card_choices":[{"not_picked":["Choke","Quick Slash"],"picked":"Finisher","floor":1.0},{"not_picked":["Terror","Skewer"],"picked":"Dagger Spray","floor":2.0},{"not_picked":["Choke","Dodge and Roll"],"picked":"Footwork","floor":5},{"not_picked":["Blade Dance","Caltrops"],"picked":"Dash","floor":7},{"not_picked":["Deadly Poison","Bane"],"picked":"Acrobatics","floor":8},{"not_picked":["Venomology","Outmaneuver"],"picked":"Adrenaline","floor":11},{"not_picked":["PiercingWail","Footwork"],"picked":"Dash","floor":14},{"not_picked":["Poisoned Stab","Underhanded Strike+1"],"picked":"Deflect","floor":18},{"not_picked":["All Out Attack","Endless Agony"],"picked":"Well Laid Plans","floor":19},{"not_picked":["Blade Dance","Slice"],"picked":"Quick Slash","floor":20},{"not_picked":["Cloak And Dagger+1","Accuracy"],"picked":"Flying Knee+1","floor":25},{"not_picked":["Storm of Steel","Dagger Spray","Quick Slash"],"picked":"SKIP","floor":28},{"not_picked":["Dodge and Roll","Acrobatics"],"picked":"Leg Sweep","floor":31}],"player_experience":540619,"relics_obtained":[{"floor":7,"key":"Dodecahedron"},{"floor":9,"key":"Tiny Chest"},{"floor":11,"key":"Centennial Puzzle"},{"floor":21,"key":"Oddly Smooth Stone"},{"floor":26,"key":"Ancient Tea Set"}],"event_choices":[{"damage_healed":0.0,"max_hp_gain":0.0,"max_hp_loss":0.0,"gold_gain":0.0,"event_name":"World of Goop","player_choice":"Left Gold","floor":3.0,"gold_loss":27.0,"damage_taken":0.0},{"damage_healed":0,"gold_gain":0,"player_choice":"Fled","damage_taken":0,"max_hp_gain":0,"max_hp_loss":0,"event_name":"Scrap Ooze","floor":4,"gold_loss":0},{"damage_healed":0,"gold_gain":0,"player_choice":"Ignored","damage_taken":0,"max_hp_gain":0,"max_hp_loss":0,"event_name":"Liars Game","floor":10,"gold_loss":0},{"damage_healed":0,"gold_gain":0,"player_choice":"Fight","damage_taken":0,"max_hp_gain":0,"max_hp_loss":0,"event_name":"Colosseum","floor":24,"gold_loss":0},{"damage_healed":0,"gold_gain":0,"player_choice":"Fled From Nobs","damage_taken":0,"max_hp_gain":0,"max_hp_loss":0,"event_name":"Colosseum","floor":24,"gold_loss":0},{"damage_healed":0,"gold_gain":0,"player_choice":"Traded Relic","damage_taken":0,"relics_obtained":["Nloth\u0027s Gift"],"max_hp_gain":0,"max_hp_loss":0,"event_name":"N\u0027loth","floor":27,"relics_lost":["Dodecahedron"],"gold_loss":0}],"is_beta":false,"boss_relics":[{"not_picked":["White Beast Statue","Black Star"],"picked":"Eternal Feather"}],"items_purged_floors":[],"is_endless":false,"potions_floor_spawned":[1,5,11,16,20,24,31],"killed_by":"Collector","ascension_level":5}