{"path_per_floor":["M","M","?","?","?","R","E","R","T","$","M","M","M","M","R","B",null,"M","?","M","?","$","R","?","R","T","R","M","M","M","M","R"],"character_chosen":"IRONCLAD","items_purchased":["Tiny Chest","Thunderclap","Bag of Preparation"],"gold_per_floor":[110,128,128,128,128,128,164,164,164,24,39,64,83,107,107,226,226,251,251,270,270,43,43,43,43,43,43,54,68,79,92,92],"floor_reached":33,"campfire_rested":2,"playtime":1006,"current_hp_per_floor":[60,56,56,56,74,74,42,42,42,42,48,50,53,56,74,47,67,37,37,35,35,35,57,57,57,57,57,74,65,72,74,74],"items_purged":["Strike_R"],"gold":92,"score":336,"play_id":"2c4f4422-d505-4e54-b483-de3859661dca","local_time":"20180309030337","is_prod":false,"is_daily":false,"is_ascension_mode":true,"campfire_upgraded":5,"timestamp":1520586217,"path_taken":["M","M","?","?","?","R","E","R","T","$","?","M","M","M","R","BOSS","M","?","?","?","$","R","?","R","T","R","?","?","M","M","R","BOSS"],"build_version":"2018-03-01-PROD1","purchased_purges":1,"victory":false,"master_deck":["Strike_R","Strike_R","Strike_R","Strike_R","Defend_R","Defend_R","Defend_R","Defend_R","Bash+1","True Grit+1","Twin Strike+1","Seeing Red+1","Thunderclap+1","Battle Trance+1","Uppercut+1","Dropkick+1","Cleave+1","Reaper+1","Shrug It Off","Pommel Strike+1","Thunderclap+1"],"max_hp_per_floor":[80,80,74,74,74,74,74,74,74,74,74,74,74,74,74,74,74,74,74,74,74,74,74,74,74,74,74,74,74,74,74,74],"relics":["Burning Blood","Du-Vu Doll","Bloody Idol","Molten Egg 2","Ginger","Tiny Chest","Philosopher\u0027s Stone","Bag of Preparation","Bronze Scales"],"card_choices":[{"not_picked":["Sever Soul","Fire Breathing"],"picked":"True Grit"},{"not_picked":["Perfected Strike","Clash"],"picked":"Twin Strike"},{"not_picked":["Armaments","Flex"],"picked":"Seeing Red"},{"not_picked":["Thunderclap","Armaments"],"picked":"Battle Trance"},{"not_picked":["Inflame","Thunderclap"],"picked":"Uppercut"},{"not_picked":["Corruption","Iron Wave"],"picked":"Dropkick"},{"not_picked":["True Grit","Berserk"],"picked":"Cleave"},{"not_picked":["Juggernaut","Fiend Fire"],"picked":"Reaper"},{"not_picked":["Clothesline","Fire Breathing"],"picked":"Shrug It Off"},{"not_picked":["Combust","Clothesline"],"picked":"Pommel Strike"},{"not_picked":["Perfected Strike","Power Through"],"picked":"Thunderclap"}],"player_experience":299015,"potions_floor_usage":[12,13,16,28,31,33,33],"damage_taken":[{"damage":18,"enemies":"Small Slimes","floor":1,"turns":3},{"damage":10,"enemies":"Jaw Worm","floor":2,"turns":4},{"damage":38,"enemies":"3 Sentries","floor":7,"turns":12},{"damage":0,"enemies":"Cultist","floor":11,"turns":3},{"damage":4,"enemies":"Lots of Slimes","floor":12,"turns":2},{"damage":3,"enemies":"3 Louse","floor":13,"turns":2},{"damage":3,"enemies":"Exordium Wildlife","floor":14,"turns":2},{"damage":33,"enemies":"Slime Boss","floor":16,"turns":7},{"damage":45,"enemies":"3 Byrds","floor":18,"turns":4},{"damage":30,"enemies":"2 Thieves","floor":20,"turns":3},{"damage":10,"enemies":"3 Cultists","floor":28,"turns":3},{"damage":27,"enemies":"Snecko","floor":29,"turns":4},{"damage":11,"enemies":"Centurion and Healer","floor":30,"turns":3},{"damage":0,"enemies":"Cultist and Chosen","floor":31,"turns":2},{"damage":78,"enemies":"Automaton","floor":33,"turns":8}],"event_choices":[{"event_name":"Golden Idol","player_choice":"Lose Max HP","floor":3,"damage_taken":0},{"event_name":"Fountain of Cleansing","player_choice":"Removed Curse","floor":4,"damage_taken":0},{"event_name":"Big Fish","player_choice":"Banana","floor":5,"damage_taken":0},{"event_name":"Forgotten Altar","player_choice":"Gave Idol","floor":19,"damage_taken":0},{"event_name":"The Lab","player_choice":"Got Potions","floor":21,"damage_taken":0},{"event_name":"Drug Dealer","player_choice":"Ignored","floor":24,"damage_taken":0}],"boss_relics":[{"not_picked":["Snecko Eye","Runic Cube"],"picked":"Philosopher\u0027s Stone"}],"potions_floor_spawned":[1,2,13,31],"seed_played":"3203006868785214680","killed_by":"Automaton","ascension_level":7,"is_trial":false}