{"gold_per_floor":[116,191,366,386,436,467,481,512,539,539,552,552,572,585,585,683,683,693,618,635,635,268,268,90,106,160,160,177,177,206,206,206,206],"floor_reached":33,"playtime":1441,"items_purged":["Perfected Strike"],"score":325,"play_id":"f5c6563a-7e84-4b6a-ae57-76622eecf906","local_time":"20181213221210","is_ascension_mode":false,"campfire_choices":[{"data":"Whirlwind","floor":12,"key":"SMITH"},{"data":"Flex","floor":15,"key":"SMITH"},{"data":"Flex","floor":23,"key":"SMITH"},{"data":"Rampage","floor":27,"key":"SMITH"},{"data":"Flex","floor":29,"key":"SMITH"},{"data":"Feed","floor":32,"key":"SMITH"}],"neow_cost":"NONE","seed_source_timestamp":66949036825400,"circlet_count":0,"master_deck":["Strike_R","Strike_R","Strike_R","Strike_R","Strike_R","Defend_R+1","Defend_R","Defend_R","Defend_R","Bash","Rage+1","Whirlwind+1","Sword Boomerang","Inflame+1","Flex+1","Offering","Berserk","Rampage+1","Shrug It Off","Flex+1","Dramatic Entrance","Flex+1","Feed+1","Flex+1","Rampage+1"],"relics":["Burning Blood","NeowsBlessing","War Paint","Meat on the Bone","Dream Catcher","Bronze Scales","Mark of Pain","Smiling Mask","Bottled Flame","Orichalcum","Art of War"],"potions_floor_usage":[16,16,30,30,33,33],"damage_taken":[{"damage":0,"enemies":"2 Louse","floor":1,"turns":1},{"damage":0,"enemies":"Jaw Worm","floor":4,"turns":1},{"damage":0,"enemies":"Gremlin Nob","floor":6,"turns":1},{"damage":0,"enemies":"Cultist","floor":7,"turns":4},{"damage":57,"enemies":"Lagavulin","floor":8,"turns":7},{"damage":0,"enemies":"3 Louse","floor":11,"turns":1},{"damage":5,"enemies":"Looter","floor":13,"turns":3},{"damage":7,"enemies":"Blue Slaver","floor":14,"turns":3},{"damage":30,"enemies":"Hexaghost","floor":16,"turns":9},{"damage":6,"enemies":"Chosen","floor":18,"turns":3},{"damage":11,"enemies":"Shell Parasite","floor":20,"turns":3},{"damage":32,"enemies":"Centurion and Healer","floor":25,"turns":3},{"damage":6,"enemies":"Shelled Parasite and Fungi","floor":28,"turns":1},{"damage":20,"enemies":"Book of Stabbing","floor":30,"turns":3},{"damage":90,"enemies":"Collector","floor":33,"turns":9}],"seed_played":"-951549861280326718","potions_obtained":[{"floor":7,"key":"Dexterity Potion"},{"floor":8,"key":"SpeedPotion"},{"floor":11,"key":"EssenceOfSteel"},{"floor":14,"key":"BloodPotion"},{"floor":20,"key":"Regen Potion"},{"floor":28,"key":"Regen Potion"},{"floor":30,"key":"PowerPotion"}],"is_trial":false,"path_per_floor":["M","?","?","M","T","E","M","E","T","?","M","R","M","M","R","B",null,"M","?","M","?","$","R","$","M","T","R","M","R","E","?","R","B"],"character_chosen":"IRONCLAD","items_purchased":["Flex","Bottled Flame","Dramatic Entrance","Flex","Feed"],"campfire_rested":0,"item_purchase_floors":[22,22,22,24,24],"current_hp_per_floor":[80,69,69,75,75,80,80,41,41,41,47,47,48,47,47,35,80,80,80,75,75,75,75,75,49,49,49,49,49,58,58,58,0],"gold":206,"neow_bonus":"THREE_ENEMY_KILL","is_prod":false,"is_daily":false,"chose_seed":false,"campfire_upgraded":6,"win_rate":0,"timestamp":1544757130,"path_taken":["M","?","?","M","?","E","M","E","T","?","M","R","M","?","R","BOSS","M","?","M","?","$","R","$","M","T","R","M","R","E","?","R","BOSS"],"build_version":"2018-12-13","purchased_purges":1,"victory":false,"max_hp_per_floor":[80,80,80,80,80,80,80,80,80,80,80,80,80,80,80,80,80,80,80,80,80,80,80,80,80,80,80,80,80,83,83,83,83],"card_choices":[{"not_picked":["Anger","Fire Breathing"],"picked":"Perfected Strike","floor":1},{"not_picked":["Ghostly Armor","Clothesline"],"picked":"Rage","floor":4},{"not_picked":["Intimidate","Ghostly Armor"],"picked":"Whirlwind","floor":6},{"not_picked":["Armaments","Thunderclap"],"picked":"Sword Boomerang","floor":7},{"not_picked":["Body Slam","Perfected Strike"],"picked":"Inflame","floor":8},{"not_picked":["Headbutt","Shockwave"],"picked":"Flex","floor":11},{"not_picked":["Armaments","Headbutt"],"picked":"Offering","floor":13},{"not_picked":["Flame Barrier","Uppercut","Anger"],"picked":"SKIP","floor":14},{"not_picked":["Double Tap","Brutality"],"picked":"Berserk","floor":16},{"not_picked":["Shockwave","Cleave+1"],"picked":"Rampage","floor":18},{"not_picked":["Cleave+1","Armaments"],"picked":"Shrug It Off","floor":20},{"not_picked":["Pommel Strike","Sentinel","Shockwave"],"picked":"SKIP","floor":25},{"not_picked":["Disarm+1","Warcry"],"picked":"Flex+1","floor":28},{"not_picked":["Metallicize","Dark Embrace"],"picked":"Rampage+1","floor":30}],"player_experience":871365,"relics_obtained":[{"floor":5,"key":"War Paint"},{"floor":6,"key":"Meat on the Bone"},{"floor":8,"key":"Dream Catcher"},{"floor":9,"key":"Bronze Scales"},{"floor":26,"key":"Orichalcum"},{"floor":30,"key":"Art of War"}],"event_choices":[{"damage_healed":0,"gold_gain":75,"player_choice":"Gather Gold","damage_taken":11,"max_hp_gain":0,"max_hp_loss":0,"event_name":"World of Goop","floor":2,"gold_loss":0},{"damage_healed":0,"gold_gain":175,"player_choice":"AGREE","damage_taken":0,"max_hp_gain":0,"max_hp_loss":0,"event_name":"Liars Game","floor":3,"gold_loss":0,"cards_obtained":["Doubt"]},{"damage_healed":0,"gold_gain":0,"player_choice":"Grow","damage_taken":0,"max_hp_gain":0,"max_hp_loss":0,"event_name":"Living Wall","floor":10,"gold_loss":0,"cards_upgraded":["Inflame"]},{"cards_removed":["Doubt"],"damage_healed":0,"gold_gain":0,"player_choice":"Gave Gold","damage_taken":0,"max_hp_gain":0,"max_hp_loss":0,"event_name":"Beggar","floor":19,"gold_loss":75},{"damage_healed":0,"gold_gain":0,"player_choice":"Opened","damage_taken":0,"relics_obtained":["Smiling Mask"],"max_hp_gain":0,"max_hp_loss":0,"event_name":"The Mausoleum","floor":21,"gold_loss":0},{"damage_healed":0,"gold_gain":0,"player_choice":"Ignored","damage_taken":0,"max_hp_gain":0,"max_hp_loss":0,"event_name":"Vampires","floor":31,"gold_loss":0}],"is_beta":false,"boss_relics":[{"not_picked":["Black Blood","Eternal Feather"],"picked":"Mark of Pain"}],"items_purged_floors":[24],"is_endless":false,"potions_floor_spawned":[7,8,11,14,20,28,30],"killed_by":"Collector","ascension_level":0}