{"gold_per_floor":[360,375,2,19,19,49,49,61,85,85,102,117,117,34,34,106,106,120,120,135,135],"floor_reached":21,"playtime":1436,"items_purged":[],"score":362,"play_id":"8d46ea56-a87d-4fc2-9ab6-7327b3c731b5","local_time":"20181223162143","is_ascension_mode":true,"campfire_choices":[{"data":"Defragment","floor":7,"key":"SMITH"},{"data":"Darkness","floor":10,"key":"SMITH"},{"data":"Machine Learning","floor":15,"key":"SMITH"}],"neow_cost":"TEN_PERCENT_HP_LOSS","seed_source_timestamp":162395197723139,"circlet_count":0,"master_deck":["AscendersBane","Strike_B","Strike_B","Strike_B","Strike_B","Defend_B","Defend_B","Defend_B","Defend_B","Zap","Dualcast","Leap","Doom and Gloom","Defragment+1","FTL","Capacitor","Reinforced Body","Darkness+1","Skim","Machine Learning+1","Decay","Glacier","Multi-Cast","Conserve Battery","Decay","Hologram"],"relics":["Cracked Core","ClockworkSouvenir","Centennial Puzzle","Boot","Snecko Eye"],"potions_floor_usage":[11,20,21],"damage_taken":[{"damage":2,"enemies":"Cultist","floor":1,"turns":4},{"damage":4,"enemies":"Jaw Worm","floor":2,"turns":4},{"damage":3,"enemies":"Small Slimes","floor":4,"turns":3},{"damage":20,"enemies":"Lagavulin","floor":6,"turns":6},{"damage":1,"enemies":"2 Fungi Beasts","floor":8,"turns":3},{"damage":14,"enemies":"3 Louse","floor":11,"turns":2},{"damage":3,"enemies":"Exordium Thugs","floor":12,"turns":4},{"damage":10,"enemies":"Hexaghost","floor":16,"turns":8},{"damage":25,"enemies":"3 Byrds","floor":18,"turns":6},{"damage":21,"enemies":"Shell Parasite","floor":20,"turns":8},{"damage":12,"enemies":"Centurion and Healer","floor":21,"turns":4}],"seed_played":"8688780274958430623","potions_obtained":[{"floor":2,"key":"Ancient Potion"},{"floor":4,"key":"AttackPotion"},{"floor":16,"key":"SpeedPotion"},{"floor":18,"key":"Dexterity Potion"}],"is_trial":false,"path_per_floor":["M","M","$","M","$","E","R","M","T","R","M","M","?","$","R","B",null,"M","?","M","M"],"character_chosen":"DEFECT","items_purchased":["ClockworkSouvenir","Defragment","FTL","Glacier"],"campfire_rested":0,"item_purchase_floors":[3,3,3,14],"current_hp_per_floor":[62,58,58,55,55,35,35,34,34,34,20,17,17,17,17,7,50,25,25,4,0],"gold":135,"neow_bonus":"TWO_FIFTY_GOLD","is_prod":false,"is_daily":false,"chose_seed":false,"campfire_upgraded":3,"win_rate":0,"timestamp":1545610903,"path_taken":["M","M","$","M","?","E","R","M","T","R","M","?","?","?","R","BOSS","M","?","M","M"],"build_version":"2018-12-20","purchased_purges":0,"victory":false,"max_hp_per_floor":[64,64,64,64,64,64,64,64,64,64,64,64,64,64,64,64,64,64,64,64,64],"card_choices":[{"not_picked":["Rebound","Turbo"],"picked":"Leap","floor":1},{"not_picked":["Redo","Stack"],"picked":"Doom and Gloom","floor":2},{"not_picked":["Coolheaded","Rebound"],"picked":"Capacitor","floor":4},{"not_picked":["White Noise","Gash"],"picked":"Reinforced Body","floor":6},{"not_picked":["Redo","Ball Lightning"],"picked":"Darkness","floor":8},{"not_picked":["Melter","Redo"],"picked":"Skim","floor":11},{"not_picked":["Undo","Rebound"],"picked":"Machine Learning","floor":12},{"not_picked":["Rainbow","Hyperbeam"],"picked":"Multi-Cast","floor":16},{"not_picked":["Rebound+1","Sweeping Beam+1"],"picked":"Conserve Battery","floor":18},{"not_picked":["Rip and Tear","FTL"],"picked":"Hologram","floor":20}],"player_experience":4009340,"relics_obtained":[{"floor":6,"key":"Centennial Puzzle"},{"floor":9,"key":"Boot"}],"event_choices":[{"damage_healed":0,"gold_gain":0,"player_choice":"Cursed","damage_taken":0,"max_hp_gain":0,"max_hp_loss":0,"event_name":"Wheel of Change","floor":13,"gold_loss":0,"cards_obtained":["Decay"]},{"damage_healed":0,"gold_gain":0,"player_choice":"Smashed Altar","damage_taken":0,"max_hp_gain":0,"max_hp_loss":0,"event_name":"Forgotten Altar","floor":19,"gold_loss":0,"cards_obtained":["Decay"]}],"is_beta":true,"boss_relics":[{"not_picked":["Fusion Hammer","Velvet Choker"],"picked":"Snecko Eye"}],"items_purged_floors":[],"is_endless":false,"potions_floor_spawned":[2,4,16,18],"killed_by":"Centurion and Healer","ascension_level":20}