{"gold_per_floor":[119,132,132,50,70,110,110,131,184,228,228,228,244,260,260,260],"floor_reached":16,"playtime":1230,"items_purged":[],"score":112,"play_id":"d41d9bcb-f6dc-4905-9ce2-c51c66d16b3e","local_time":"20181110135904","is_ascension_mode":false,"campfire_choices":[{"floor":7,"key":"REST"},{"floor":15,"key":"REST"}],"neow_cost":"NONE","seed_source_timestamp":417891838224283,"circlet_count":0,"master_deck":["Strike_B","Strike_B","Strike_B","Strike_B","Defend_B","Defend_B","Defend_B","Zap","Dualcast","Creative AI","Glacier","Loop","Hello World","Ball Lightning","Electrodynamics","Beam Cell","Coolheaded","Parasite","Darkness","Go for the Eyes"],"relics":["Cracked Core","Golden Idol","Shuriken","Centennial Puzzle","Boot"],"potions_floor_usage":[10,14,16],"damage_taken":[{"damage":1,"enemies":"Cultist","floor":1,"turns":3},{"damage":11,"enemies":"Jaw Worm","floor":2,"turns":5},{"damage":4,"enemies":"Small Slimes","floor":5,"turns":5},{"damage":20,"enemies":"Lagavulin","floor":6,"turns":8},{"damage":21,"enemies":"2 Fungi Beasts","floor":8,"turns":3},{"damage":20,"enemies":"3 Sentries","floor":10,"turns":7},{"damage":19,"enemies":"Blue Slaver","floor":13,"turns":3},{"damage":0,"enemies":"Large Slime","floor":14,"turns":5},{"damage":37,"enemies":"The Guardian","floor":16,"turns":6}],"seed_played":"5728560168840026928","potions_obtained":[{"floor":5,"key":"GamblersBrew"},{"floor":6,"key":"SteroidPotion"},{"floor":13,"key":"Regen Potion"}],"is_trial":false,"path_per_floor":["M","M","?","$","M","E","R","M","T","E","?","?","M","M","R","B"],"character_chosen":"DEFECT","items_purchased":["Hello World"],"campfire_rested":2,"item_purchase_floors":[4],"current_hp_per_floor":[74,63,45,45,41,21,43,22,22,2,2,20,1,15,37,0],"gold":260,"neow_bonus":"TRANSFORM_CARD","is_prod":false,"is_daily":false,"chose_seed":false,"campfire_upgraded":0,"win_rate":0.0,"timestamp":1541876344,"path_taken":["M","?","?","?","M","E","R","M","T","E","?","?","M","M","R","BOSS"],"build_version":"2018-11-08","purchased_purges":0,"victory":false,"max_hp_per_floor":[75,75,75,75,75,75,75,75,75,75,75,75,75,75,75,75],"card_choices":[{"not_picked":["Streamline","Coolheaded"],"picked":"Glacier","floor":1},{"not_picked":["Rip and Tear","Capacitor"],"picked":"Loop","floor":2},{"not_picked":["Auto Shields","Conserve Battery"],"picked":"Ball Lightning","floor":5},{"not_picked":["Beam Cell","Gash"],"picked":"Electrodynamics","floor":6},{"not_picked":["Sweeping Beam","Consume"],"picked":"Beam Cell","floor":8},{"not_picked":["Rebound","Steam"],"picked":"Coolheaded","floor":10},{"not_picked":["Skim","Force Field"],"picked":"Darkness","floor":13},{"not_picked":["Consume","Gash"],"picked":"Go for the Eyes","floor":14}],"player_experience":145773,"relics_obtained":[{"floor":6,"key":"Shuriken"},{"floor":9,"key":"Centennial Puzzle"},{"floor":10,"key":"Boot"}],"event_choices":[{"damage_healed":0,"gold_gain":0,"player_choice":"Take Damage","damage_taken":18,"relics_obtained":["Golden Idol"],"max_hp_gain":0,"max_hp_loss":0,"event_name":"Golden Idol","floor":3,"gold_loss":0},{"damage_healed":0,"gold_gain":0,"player_choice":"Ignored","damage_taken":0,"max_hp_gain":0,"max_hp_loss":0,"event_name":"Golden Wing","floor":11,"gold_loss":0},{"damage_healed":18,"gold_gain":0,"player_choice":"Healed and dodged fight","damage_taken":0,"max_hp_gain":0,"max_hp_loss":0,"event_name":"Mushrooms","floor":12,"gold_loss":0,"cards_obtained":["Parasite"]}],"is_beta":false,"boss_relics":[],"items_purged_floors":[],"is_endless":false,"potions_floor_spawned":[5,6,13],"killed_by":"The Guardian","ascension_level":0}