{"gold_per_floor":[113,127,302,302,302,335,346,346,346,378,395,128,128,147,147,252,252,262,278,278,38,38,73,73,73,73,83,99,115,115,15,15,120,120,130,130,10,29,43,78,98,98,98,115,140,190,50,84,84,84],"floor_reached":51,"playtime":2190,"items_purged":["Strike_B","Defend_B","Injury","Strike_B","Strike_B"],"score":840,"play_id":"6f95bf11-2583-43a3-8989-309884f101dc","local_time":"20180804190657","is_ascension_mode":false,"campfire_choices":[{"data":"Zap","floor":8,"key":"SMITH"},{"data":"Dualcast","floor":13,"key":"SMITH"},{"data":"Gash","floor":15,"key":"SMITH"},{"data":"Seek","floor":24,"key":"SMITH"},{"data":"Defragment","floor":30,"key":"SMITH"},{"data":"Go for the Eyes","floor":32,"key":"SMITH"},{"data":"Buffer","floor":42,"key":"SMITH"},{"data":"Defragment","floor":49,"key":"SMITH"}],"neow_cost":"NONE","seed_source_timestamp":21965821547222,"circlet_count":0,"master_deck":["Defend_B","Defend_B","Zap+1","Dualcast+1","Glacier","Ball Lightning","Defragment+1","All For One","Defragment+1","Gash+1","Gash+1","Seek+1","Redo+1","Gash+1","Go for the Eyes+1","Tempest+1","Redo+1","Buffer+1","Beam Cell","FTL+1","Capacitor+1","Gash+1","Defragment+1","Reprogram+1"],"relics":["Cracked Core","NeowsBlessing","Cables","Bottled Tornado","Question Card","Membership Card","Coffee Dripper","ClockworkSouvenir","Matryoshka","Ancient Tea Set","Blood Vial","Black Star","Emotion Chip","Bag of Preparation","Bag of Marbles","Meat on the Bone","Oddly Smooth Stone","Molten Egg 2","Mummified Hand","Strawberry","Boot","Omamori"],"potions_floor_usage":[39,50,50],"damage_taken":[{"damage":0,"enemies":"2 Louse","floor":1,"turns":1},{"damage":0,"enemies":"Small Slimes","floor":2,"turns":1},{"damage":0,"enemies":"Gremlin Nob","floor":6,"turns":1},{"damage":0,"enemies":"Cultist","floor":7,"turns":3},{"damage":5,"enemies":"3 Sentries","floor":10,"turns":5},{"damage":0,"enemies":"Blue Slaver","floor":11,"turns":3},{"damage":0,"enemies":"3 Louse","floor":14,"turns":3},{"damage":29,"enemies":"Hexaghost","floor":16,"turns":8},{"damage":0,"enemies":"Spheric Guardian","floor":18,"turns":3},{"damage":0,"enemies":"Chosen","floor":19,"turns":3},{"damage":15,"enemies":"Gremlin Leader","floor":23,"turns":5},{"damage":10,"enemies":"Sentry and Sphere","floor":27,"turns":3},{"damage":10,"enemies":"Cultist and Chosen","floor":28,"turns":3},{"damage":8,"enemies":"Snecko","floor":29,"turns":3},{"damage":8,"enemies":"Collector","floor":33,"turns":6},{"damage":10,"enemies":"Orb Walker","floor":35,"turns":2},{"damage":19,"floor":36,"turns":5},{"damage":30,"enemies":"3 Darklings","floor":38,"turns":3},{"damage":14,"enemies":"4 Shapes","floor":39,"turns":5},{"damage":4,"enemies":"Giant Head","floor":40,"turns":7},{"damage":0,"enemies":"Sphere and 2 Shapes","floor":41,"turns":3},{"damage":24,"enemies":"3 Darklings","floor":44,"turns":3},{"damage":2,"enemies":"Nemesis","floor":45,"turns":7},{"damage":0,"enemies":"2 Orb Walkers","floor":48,"turns":2},{"damage":52,"enemies":"Donu and Deca","floor":50,"turns":5}],"seed_played":"1322413171011691368","potions_obtained":[{"floor":1,"key":"Dexterity Potion"},{"floor":2,"key":"Weak Potion"},{"floor":11,"key":"FairyPotion"},{"floor":28,"key":"GamblersBrew"},{"floor":36,"key":"Regen Potion"},{"floor":45,"key":"Poison Potion"}],"is_trial":false,"path_per_floor":["M","M","?","?","?","E","M","R","T","E","M","$","R","M","R","B",null,"M","M","?","$","?","E","R","$","T","M","M","M","R","$","R","B",null,"M","?","$","M","M","E","M","R","T","M","E","T","$","E","R","B"],"character_chosen":"DEFECT","items_purchased":["Membership Card","ClockworkSouvenir"],"campfire_rested":0,"item_purchase_floors":[12,21],"current_hp_per_floor":[75,75,75,75,75,75,75,75,75,70,70,70,70,70,70,41,75,75,75,75,75,75,60,60,60,60,52,44,38,38,38,38,32,75,65,48,48,20,22,20,22,22,22,19,31,38,38,52,52,14],"gold":84,"neow_bonus":"THREE_ENEMY_KILL","is_prod":false,"is_daily":false,"chose_seed":false,"campfire_upgraded":8,"win_rate":0,"timestamp":1533377217,"path_taken":["M","M","?","?","?","E","?","R","T","E","M","$","R","M","R","BOSS","M","M","?","$","?","E","R","$","T","M","M","M","R","$","R","BOSS","M","?","?","M","M","E","M","R","T","?","E","?","$","E","R","BOSS"],"build_version":"2018-08-02","purchased_purges":5,"victory":true,"max_hp_per_floor":[75,75,75,75,75,75,75,75,75,75,75,75,75,75,75,75,75,75,75,75,75,75,75,75,75,75,75,75,75,75,75,75,75,75,75,75,75,75,75,75,75,75,75,75,75,82,82,82,82,82],"card_choices":[{"not_picked":["Storm","Steam"],"picked":"Glacier","floor":1},{"not_picked":["Barrage","Compile Driver"],"picked":"Ball Lightning","floor":2},{"not_picked":["Coolheaded","Chill"],"picked":"Defragment","floor":6},{"not_picked":["Conserve Battery","Coolheaded"],"picked":"All For One","floor":7},{"not_picked":["Stack","Streamline"],"picked":"Defragment","floor":10},{"not_picked":["Rebound","Beam Cell","Glacier"],"picked":"Gash","floor":11},{"not_picked":["Streamline","Sunder","Redo"],"picked":"Gash","floor":14},{"not_picked":["Core Surge","Thunder Strike","Hyperbeam"],"picked":"Seek","floor":16},{"not_picked":["Skim","Recycle+1","Gash"],"picked":"Redo+1","floor":18},{"not_picked":["Barrage","Fusion","Beam Cell"],"picked":"Gash+1","floor":19},{"not_picked":["Hello World+1","Streamline+1","Chill"],"picked":"Go for the Eyes","floor":23},{"not_picked":["Static Discharge","Heatsinks","Capacitor"],"picked":"Tempest+1","floor":27},{"not_picked":["Rip and Tear","White Noise","Ball Lightning","Undo"],"picked":"SKIP","floor":28},{"not_picked":["Stack","Loop","Genetic Algorithm"],"picked":"Redo+1","floor":29},{"not_picked":["Creative AI","Rainbow","Thunder Strike"],"picked":"Buffer","floor":33},{"not_picked":["Turbo+1","Darkness","Conserve Battery+1"],"picked":"Beam Cell","floor":35},{"not_picked":["Redo+1","Meteor Strike","Chill+1"],"picked":"FTL+1","floor":38},{"not_picked":["Rip and Tear+1","Barrage","Stack","Turbo+1"],"picked":"SKIP","floor":39},{"not_picked":["Undo+1","Coolheaded","Reprogram","White Noise"],"picked":"SKIP","floor":40},{"not_picked":["Compile Driver+1","Ball Lightning","Force Field"],"picked":"Capacitor+1","floor":41},{"not_picked":["Barrage","Double Energy+1","Redo+1"],"picked":"Gash+1","floor":44},{"not_picked":["Compile Driver","Redo","Static Discharge+1"],"picked":"Defragment+1","floor":45},{"not_picked":["Reboot","Barrage+1","Fission"],"picked":"Reprogram+1","floor":48}],"player_experience":807187,"relics_obtained":[{"floor":6,"key":"Cables"},{"floor":9,"key":"Bottled Tornado"},{"floor":10,"key":"Question Card"},{"floor":23,"key":"Matryoshka"},{"floor":26,"key":"Ancient Tea Set"},{"floor":26,"key":"Blood Vial"},{"floor":36,"key":"Emotion Chip"},{"floor":40,"key":"Bag of Preparation"},{"floor":40,"key":"Bag of Marbles"},{"floor":43,"key":"Meat on the Bone"},{"floor":43,"key":"Oddly Smooth Stone"},{"floor":45,"key":"Molten Egg 2"},{"floor":45,"key":"Mummified Hand"},{"floor":46,"key":"Strawberry"},{"floor":48,"key":"Boot"},{"floor":48,"key":"Omamori"}],"event_choices":[{"event_name":"Liars Game","player_choice":"agreed","floor":3,"damage_taken":0},{"event_name":"Fountain of Cleansing","player_choice":"Removed Curse","floor":4,"damage_taken":0},{"event_name":"Bonfire Elementals","player_choice":"BASIC","floor":5,"damage_taken":0},{"event_name":"Back to Basics","player_choice":"Elegance","floor":20,"damage_taken":0},{"event_name":"Accursed Blacksmith","player_choice":"Forge","floor":22,"damage_taken":0},{"event_name":"MindBloom","player_choice":"Fight","floor":36,"damage_taken":0}],"is_beta":false,"boss_relics":[{"not_picked":["Snecko Eye","Runic Dome"],"picked":"Coffee Dripper"},{"not_picked":["Astrolabe","Calling Bell"],"picked":"Black Star"}],"items_purged_floors":[12,21,31,37,47],"is_endless":false,"potions_floor_spawned":[1,2,11,28,29,33,35,36,45],"ascension_level":0}