{"gold_per_floor":[118,68,68,68,84,84,44,67,90,90,90,124,124,149,149,269,269,282,282,28,55,67],"floor_reached":22,"playtime":706,"items_purged":["Strike_B"],"score":228,"play_id":"1ea04c58-9965-426a-8006-5f6cbcbdc115","local_time":"20181120003935","is_ascension_mode":true,"campfire_choices":[{"data":"Doom and Gloom","floor":6.0,"key":"SMITH"},{"data":"Darkness","floor":10.0,"key":"SMITH"},{"data":"Capacitor","floor":13.0,"key":"SMITH"},{"floor":15.0,"key":"REST"}],"neow_cost":"NONE","seed_source_timestamp":508528291393322,"circlet_count":0,"master_deck":["Strike_B","Defend_B","Defend_B","Defend_B","Defend_B","Zap","Dualcast","Trip","Genetic Algorithm+1","Doom and Gloom+1","Capacitor+1","Darkness+1","Creative AI","Recycle","Chaos","Self Repair","Leap"],"special_seed":0,"relics":["Cracked Core","Golden Idol","PreservedInsect","Boot","Eternal Feather","MawBank"],"potions_floor_usage":[21],"damage_taken":[{"damage":7.0,"enemies":"Jaw Worm","floor":1.0,"turns":2.0},{"damage":4.0,"enemies":"Small Slimes","floor":5.0,"turns":3.0},{"damage":6.0,"enemies":"Cultist","floor":8.0,"turns":3.0},{"damage":16.0,"enemies":"Gremlin Nob","floor":12.0,"turns":3.0},{"damage":1.0,"enemies":"2 Fungi Beasts","floor":14.0,"turns":2.0},{"damage":46.0,"enemies":"Slime Boss","floor":16.0,"turns":10.0},{"damage":45.0,"enemies":"2 Thieves","floor":18.0,"turns":5.0},{"damage":2,"enemies":"Chosen","floor":21,"turns":5},{"damage":22,"enemies":"Snake Plant","floor":22,"turns":3}],"seed_played":"-29204526940689963","potions_obtained":[{"floor":1.0,"key":"Energy Potion"},{"floor":5.0,"key":"Strength Potion"},{"floor":18.0,"key":"SkillPotion"},{"floor":21,"key":"SteroidPotion"}],"is_trial":false,"path_per_floor":["M","?","?","?","M","R","$","M","T","R","?","E","R","M","R","B",null,"M","?","$","M","M"],"character_chosen":"DEFECT","items_purchased":["Capacitor","Self Repair","MawBank"],"campfire_rested":1,"item_purchase_floors":[7,20,20],"current_hp_per_floor":[68,68,68,50,46,46,46,40,40,40,45,29,29,28,52,6,62,17,17,17,22,0],"gold":67,"neow_bonus":"RANDOM_COLORLESS","is_prod":false,"is_daily":false,"chose_seed":false,"campfire_upgraded":3,"win_rate":0,"timestamp":1542692375,"path_taken":["M","?","?","?","M","R","$","M","T","R","?","E","R","M","R","BOSS","M","?","$","?","M"],"build_version":"2018-11-15","purchased_purges":1,"victory":false,"max_hp_per_floor":[75,75,75,75,75,75,75,75,75,75,80,80,80,80,80,80,80,80,80,80,80,80],"card_choices":[{"not_picked":["Ball Lightning","Fusion"],"picked":"Genetic Algorithm","floor":1.0},{"not_picked":["Rip and Tear","Steam"],"picked":"Doom and Gloom","floor":5.0},{"not_picked":["Go for the Eyes","Leap"],"picked":"Darkness","floor":8.0},{"not_picked":["Heatsinks","Static Discharge","Scrape"],"picked":"SKIP","floor":12.0},{"not_picked":["Gash","Melter","Reprogram"],"picked":"SKIP","floor":14.0},{"not_picked":["Hyperbeam","Meteor Strike"],"picked":"Creative AI","floor":16.0},{"not_picked":["Chaos","Stack"],"picked":"Recycle","floor":18.0},{"not_picked":["Beam Cell","Ball Lightning"],"picked":"Leap","floor":21}],"player_experience":821179,"relics_obtained":[{"floor":9.0,"key":"PreservedInsect"},{"floor":12.0,"key":"Boot"}],"event_choices":[{"cards_removed":["Strike_B"],"damage_healed":0.0,"max_hp_gain":0.0,"max_hp_loss":0.0,"gold_gain":0.0,"event_name":"The Cleric","player_choice":"Card Removal","floor":2.0,"gold_loss":50.0,"damage_taken":0.0},{"damage_healed":0.0,"max_hp_gain":0.0,"max_hp_loss":0.0,"gold_gain":0.0,"event_name":"Living Wall","player_choice":"Grow","floor":3.0,"gold_loss":0.0,"damage_taken":0.0,"cards_upgraded":["Genetic Algorithm"]},{"damage_healed":0.0,"max_hp_gain":0.0,"max_hp_loss":0.0,"gold_gain":0.0,"event_name":"Golden Idol","player_choice":"Take Damage","floor":4.0,"gold_loss":0.0,"damage_taken":18.0,"relics_obtained":["Golden Idol"]},{"damage_healed":0.0,"max_hp_gain":5.0,"max_hp_loss":0.0,"gold_gain":0.0,"event_name":"Big Fish","player_choice":"Donut","floor":11.0,"gold_loss":0.0,"damage_taken":0.0},{"damage_healed":0.0,"max_hp_gain":0.0,"max_hp_loss":0.0,"gold_gain":0.0,"cards_transformed":["Strike_B"],"event_name":"Transmorgrifier","player_choice":"Transformed","floor":19.0,"gold_loss":0.0,"damage_taken":0.0,"cards_obtained":["Chaos"]}],"is_beta":false,"boss_relics":[{"not_picked":["Coffee Dripper","Black Star"],"picked":"Eternal Feather"}],"items_purged_floors":[20],"is_endless":false,"potions_floor_spawned":[1,5,18,21],"killed_by":"Snake Plant","ascension_level":5}