{"path_per_floor":["M","M","M","?","$","E","M","R","T","M","M","?","M","?","R","B",null,"M","?","M"],"character_chosen":"THE_SILENT","items_purchased":["Noxious Fumes","Tiny Chest","Flying Knee"],"gold_per_floor":[109,122,140,315,0,26,0,0,47,60,76,76,87,187,187,285,285,296,296,315],"floor_reached":21,"campfire_rested":2,"playtime":1669,"current_hp_per_floor":[70,62,61,61,61,32,20,41,41,8,7,7,7,7,28,27,70,21,21,6],"items_purged":["Doubt"],"gold":315,"score":208,"play_id":"feee3b77-0758-44a7-b329-9a08b69b9bc4","local_time":"20180303191924","is_prod":false,"is_daily":false,"is_ascension_mode":true,"campfire_upgraded":0,"timestamp":1520122764,"path_taken":["M","?","M","?","$","E","M","R","T","M","M","?","M","?","R","BOSS","M","?","M","M"],"build_version":"2018-03-01-PROD1","purchased_purges":1,"victory":false,"master_deck":["Defend_G","Defend_G","Defend_G","Defend_G","Strike_G","Strike_G","Strike_G","Strike_G","Survivor","Neutralize","Caltrops","Backflip","Acrobatics","Noxious Fumes","Flying Knee","Footwork","Noxious Fumes","Catalyst","Prepared","Backflip","Corpse Explosion","PiercingWail","Dodge and Roll+1"],"max_hp_per_floor":[70,70,70,70,70,70,70,70,70,70,70,70,70,70,70,70,70,70,70,70],"relics":["Ring of the Snake","Tiny Chest","Juzu Bracelet","Art of War","Lizard Tail"],"card_choices":[{"not_picked":["Quick Slash","Deflect"],"picked":"Caltrops"},{"not_picked":["Quick Slash","Poisoned Stab"],"picked":"Backflip"},{"not_picked":["Poisoned Stab","Accuracy"],"picked":"Acrobatics"},{"not_picked":["Venomology","Escape Plan"],"picked":"Footwork"},{"not_picked":["Dagger Throw","Slice"],"picked":"Noxious Fumes"},{"not_picked":["Finisher","Masterful Stab"],"picked":"Catalyst"},{"not_picked":["Accuracy","Outmaneuver"],"picked":"Prepared"},{"not_picked":["Dodge and Roll","Accuracy"],"picked":"Backflip"},{"not_picked":["Unload","Wraith Form"],"picked":"Corpse Explosion"},{"not_picked":["Concentrate","Backflip"],"picked":"PiercingWail"},{"not_picked":["Riddle With Holes","Backflip"],"picked":"Dodge and Roll"}],"player_experience":218571,"potions_floor_usage":[6,16,18],"damage_taken":[{"damage":0,"enemies":"Cultist","floor":1,"turns":3},{"damage":8,"enemies":"2 Louse","floor":2,"turns":4},{"damage":1,"enemies":"Jaw Worm","floor":3,"turns":6},{"damage":29,"enemies":"Lagavulin","floor":6,"turns":9},{"damage":12,"enemies":"Looter","floor":7,"turns":4},{"damage":33,"enemies":"Exordium Wildlife","floor":10,"turns":7},{"damage":1,"enemies":"Blue Slaver","floor":11,"turns":6},{"damage":0,"enemies":"2 Fungi Beasts","floor":13,"turns":5},{"damage":1,"enemies":"Hexaghost","floor":16,"turns":9},{"damage":49,"enemies":"Chosen","floor":18,"turns":8},{"damage":15,"enemies":"Shell Parasite","floor":20,"turns":7},{"damage":55,"enemies":"Chosen and Byrds","floor":21,"turns":8}],"event_choices":[{"event_name":"Liars Game","player_choice":"agreed","floor":4,"damage_taken":0},{"event_name":"Living Wall","player_choice":"Forget","floor":12,"damage_taken":0},{"event_name":"Golden Shrine","player_choice":"Pray","floor":14,"damage_taken":0},{"event_name":"Vampires","player_choice":"Ignored","floor":19,"damage_taken":0}],"boss_relics":[{"not_picked":["Runic Pyramid","Orrery"],"picked":"Lizard Tail"}],"potions_floor_spawned":[2,11,13,16,18],"seed_played":"1910190456802757349","killed_by":"Chosen and Byrds","ascension_level":3,"is_trial":false}