{"path_per_floor":["M","M","M","M","?","E","M","R","T","R","?","M","$","M","R","B",null,"M","?","M","M","M"],"character_chosen":"IRONCLAD","items_purchased":["Bottled Lightning"],"gold_per_floor":[117,133,145,159,159,194,214,214,214,214,289,308,56,79,79,210,210,233,233,258,281,301],"floor_reached":23,"campfire_rested":1,"playtime":909,"current_hp_per_floor":[72,65,58,52,52,35,29,49,49,49,38,31,31,37,37,30,67,48,48,45,24,23],"items_purged":[],"gold":301,"score":223,"play_id":"0d323106-d02c-4fe1-abd9-4ac6ddda643e","local_time":"20180303080029","is_prod":false,"is_daily":false,"is_ascension_mode":false,"campfire_upgraded":2,"timestamp":1520082029,"path_taken":["M","M","?","M","?","E","M","R","T","R","?","M","$","M","R","BOSS","M","?","?","M","M","E"],"build_version":"2018-03-01-PROD1","purchased_purges":0,"victory":false,"master_deck":["Strike_R","Strike_R","Strike_R","Strike_R","Strike_R","Defend_R","Defend_R","Bash","Demon Form","Sword Boomerang","Perfected Strike","Perfected Strike+1","Heavy Blade","Uppercut","Perfected Strike+1","Fiend Fire","Perfected Strike","Writhe","Pommel Strike","Sever Soul","Thunderclap"],"max_hp_per_floor":[72,72,72,72,67,67,67,67,67,67,67,67,67,67,67,67,67,67,67,67,67,67],"relics":["Burning Blood","Golden Idol","Self Forming Clay","Red Skull","Bottled Lightning","Runic Cube","Bronze Scales"],"card_choices":[{"not_picked":["Rage","Bloodletting"],"picked":"Perfected Strike"},{"not_picked":["Iron Wave","Clash"],"picked":"Perfected Strike"},{"not_picked":["Havoc","Power Through"],"picked":"Heavy Blade"},{"not_picked":["Fire Breathing","Body Slam"],"picked":"Uppercut"},{"not_picked":["Clothesline","Anger"],"picked":"Perfected Strike"},{"not_picked":["Immolate","Impervious"],"picked":"Fiend Fire"},{"not_picked":["Headbutt","Armaments"],"picked":"Perfected Strike"},{"not_picked":["Anger","Cleave"],"picked":"Pommel Strike"},{"not_picked":["Carnage","Rupture"],"picked":"Sever Soul"},{"not_picked":["Warcry","Sword Boomerang"],"picked":"Thunderclap"}],"player_experience":65670,"potions_floor_usage":[6,16,16,16,23],"damage_taken":[{"damage":1,"enemies":"Cultist","floor":1,"turns":3},{"damage":13,"enemies":"2 Louse","floor":2,"turns":2},{"damage":13,"enemies":"Jaw Worm","floor":3,"turns":3},{"damage":12,"enemies":"3 Louse","floor":4,"turns":3},{"damage":23,"enemies":"3 Sentries","floor":6,"turns":6},{"damage":12,"enemies":"Looter","floor":7,"turns":3},{"damage":13,"enemies":"Lots of Slimes","floor":12,"turns":3},{"damage":0,"enemies":"Large Slime","floor":14,"turns":4},{"damage":13,"enemies":"Hexaghost","floor":16,"turns":6},{"damage":25,"enemies":"3 Byrds","floor":18,"turns":6},{"damage":9,"enemies":"Chosen","floor":20,"turns":4},{"damage":27,"enemies":"Snake Plant","floor":21,"turns":4},{"damage":7,"enemies":"Chosen and Byrds","floor":22,"turns":5},{"damage":23,"enemies":"Slavers","floor":23,"turns":1}],"event_choices":[{"event_name":"Golden Idol","player_choice":"Lose Max HP","floor":5,"damage_taken":0},{"event_name":"World of Goop","player_choice":"Gather Gold","floor":11,"damage_taken":0},{"event_name":"The Mausoleum","player_choice":"Yes","floor":19,"damage_taken":0}],"boss_relics":[{"not_picked":["Philosopher\u0027s Stone","Velvet Choker"],"picked":"Runic Cube"}],"potions_floor_spawned":[3,4,7,12,20],"seed_played":"-6795405081070097305","killed_by":"Slavers","ascension_level":0,"is_trial":false}