{"gold_per_floor":[214,227,302,6,17,17,17,35,62,62,62,79,79,90,90,195,195,213,44,44,59,75,75,92,120,146,159,159,159,170,170,170,268,268,287,2,2,2,102,102,127,0,25,25,42,53,53,66,66,66],"floor_reached":51,"playtime":3434,"items_purged":[],"score":923,"play_id":"4fe7fb5a-c452-40b4-881f-7dd5a1c839ca","local_time":"20181115020717","is_ascension_mode":true,"campfire_choices":[{"data":"Perfected Strike","floor":6,"key":"SMITH"},{"data":"Armaments","floor":10,"key":"SMITH"},{"data":"Corruption","floor":13,"key":"SMITH"},{"data":"Dual Wield","floor":15,"key":"SMITH"},{"data":"Dark Embrace","floor":23,"key":"SMITH"},{"floor":32,"key":"REST"},{"data":"Bite","floor":40,"key":"SMITH"},{"data":"Body Slam","floor":44,"key":"SMITH"},{"data":"Demon Form","floor":47,"key":"SMITH"},{"floor":49,"key":"REST"}],"neow_cost":"NONE","seed_source_timestamp":79026996555004,"circlet_count":0,"master_deck":["Defend_R","Defend_R","Defend_R","Defend_R","Bash","Disarm","Armaments+1","Corruption+1","Dual Wield+1","Flex","Dark Embrace+1","Armaments","Shrug It Off","Ghostly Armor","Blind","True Grit","Shrug It Off+1","Sentinel","True Grit+1","Shrug It Off","Flame Barrier","Bite","Bite","Bite+1","Bite","Body Slam+1","Impervious","Flex","Armaments","Dual Wield","Enlightenment","Inflame","Madness","Madness","Seeing Red+1","Clumsy","Shockwave+1","Demon Form+1","Fiend Fire"],"relics":["Burning Blood","Dead Branch","FaceOfCleric","Potion Belt","Runic Cube","Happy Flower","PreservedInsect","Regal Pillow","Cursed Key","Prayer Wheel","Bottled Lightning","Red Mask","Bag of Marbles"],"potions_floor_usage":[25,25,27,48,50],"damage_taken":[{"damage":6,"enemies":"2 Louse","floor":1,"turns":3},{"damage":9,"enemies":"Jaw Worm","floor":2,"turns":4},{"damage":7,"enemies":"Cultist","floor":5,"turns":4},{"damage":25,"enemies":"Exordium Thugs","floor":8,"turns":4},{"damage":0,"enemies":"Large Slime","floor":12,"turns":6},{"damage":12,"enemies":"Blue Slaver","floor":14,"turns":5},{"damage":0,"enemies":"The Guardian","floor":16,"turns":4},{"damage":5,"enemies":"Chosen","floor":18,"turns":4},{"damage":10,"enemies":"Shell Parasite","floor":21,"turns":6},{"damage":42,"enemies":"Cultist and Chosen","floor":22,"turns":5},{"damage":6,"enemies":"Sentry and Sphere","floor":24,"turns":8},{"damage":46,"enemies":"Gremlin Leader","floor":25,"turns":5},{"damage":8,"enemies":"Chosen and Byrds","floor":27,"turns":4},{"damage":0,"enemies":"Snecko","floor":30,"turns":2},{"damage":17,"enemies":"Automaton","floor":33,"turns":6},{"damage":6,"enemies":"3 Darklings","floor":35,"turns":4},{"damage":0,"enemies":"Mind Bloom Boss Battle","floor":39,"turns":2},{"damage":13,"enemies":"Giant Head","floor":41,"turns":5},{"damage":16,"enemies":"Orb Walker","floor":45,"turns":6},{"damage":30,"enemies":"Sphere and 2 Shapes","floor":46,"turns":7},{"damage":36,"enemies":"Transient","floor":48,"turns":5},{"damage":36,"enemies":"Time Eater","floor":50,"turns":5}],"seed_played":"-1756311784620578846","potions_obtained":[{"floor":1,"key":"EssenceOfSteel"},{"floor":2,"key":"Fire Potion"},{"floor":8,"key":"Weak Potion"},{"floor":12,"key":"Dexterity Potion"},{"floor":21,"key":"SpeedPotion"},{"floor":45,"key":"Regen Potion"},{"floor":46,"key":"Ancient Potion"}],"is_trial":false,"path_per_floor":["M","M","?","$","M","R","?","M","T","R","$","M","R","M","R","B",null,"M","$","?","M","M","R","M","E","T","M","T","?","M","?","R","B",null,"M","$","?","?","?","R","E","?","T","R","M","M","R","M","R","B",null],"character_chosen":"IRONCLAD","items_purchased":["Dead Branch","Shrug It Off","Ghostly Armor","Blind","Armaments","Dual Wield","Enlightenment","Inflame"],"campfire_rested":2,"item_purchase_floors":[4,19,19,19,36,36,36,36],"current_hp_per_floor":[80,77,66,66,65,65,65,47,47,47,47,54,54,49,49,56,84,85,85,85,82,47,47,48,9,9,8,8,8,19,19,53,58,65,66,66,58,58,67,67,65,65,65,65,59,43,43,34,70,44],"gold":66,"neow_bonus":"HUNDRED_GOLD","is_prod":false,"is_daily":false,"chose_seed":false,"campfire_upgraded":8,"win_rate":0,"timestamp":1542265637,"path_taken":["M","M","?","$","M","R","?","M","T","R","$","M","R","M","R","BOSS","M","$","?","M","M","R","M","E","T","M","?","?","?","?","R","BOSS","M","$","?","?","?","R","E","?","T","R","?","M","R","M","R","BOSS"],"build_version":"2018-11-08","purchased_purges":0,"victory":true,"max_hp_per_floor":[80,80,80,80,80,80,80,81,81,81,81,82,82,83,83,84,84,85,85,85,86,87,87,88,89,89,90,90,63,64,64,64,65,65,66,66,66,66,67,67,68,68,68,68,69,70,70,71,71,72],"card_choices":[{"not_picked":["Pummel","Evolve"],"picked":"Disarm","floor":1},{"not_picked":["Iron Wave","Fire Breathing"],"picked":"Armaments","floor":2},{"not_picked":["Warcry","Pommel Strike"],"picked":"Perfected Strike","floor":5},{"not_picked":["Sword Boomerang","Carnage"],"picked":"Corruption","floor":8},{"not_picked":["Perfected Strike","Metallicize"],"picked":"Dual Wield","floor":12},{"not_picked":["Cleave","Heavy Blade"],"picked":"Flex","floor":14},{"not_picked":["Barricade","Demon Form"],"picked":"Dark Embrace","floor":16},{"not_picked":["Reckless Charge+1","Rupture"],"picked":"Armaments","floor":18},{"not_picked":["Headbutt+1","Entrench"],"picked":"Shrug It Off+1","floor":21},{"not_picked":["Body Slam","Clothesline"],"picked":"Sentinel","floor":22},{"not_picked":["Thunderclap","Bludgeon"],"picked":"True Grit+1","floor":24},{"not_picked":["Bludgeon","Anger"],"picked":"Shrug It Off","floor":25},{"not_picked":["Clothesline","Pommel Strike"],"picked":"Flame Barrier","floor":27},{"not_picked":["Warcry","Armaments"],"picked":"Body Slam","floor":30},{"not_picked":["Immolate","Bludgeon"],"picked":"Impervious","floor":33},{"not_picked":["Inflame+1","Dual Wield"],"picked":"Flex","floor":35},{"not_picked":["Bloodletting+1","Power Through"],"picked":"Seeing Red+1","floor":41},{"not_picked":["Pommel Strike","Combust+1","Evolve+1"],"picked":"SKIP","floor":45},{"not_picked":["Whirlwind","Twin Strike","Cleave"],"picked":"SKIP","floor":45},{"not_picked":["Armaments+1","True Grit+1"],"picked":"Shockwave+1","floor":46},{"not_picked":["Wild Strike","Headbutt"],"picked":"Demon Form","floor":46},{"not_picked":["Blood for Blood","Havoc+1"],"picked":"Fiend Fire","floor":48},{"not_picked":["Headbutt+1","Rupture","Warcry"],"picked":"SKIP","floor":48}],"player_experience":810801,"relics_obtained":[{"floor":9,"key":"Potion Belt"},{"floor":25,"key":"Happy Flower"},{"floor":26,"key":"PreservedInsect"},{"floor":28,"key":"Regal Pillow"},{"floor":39,"key":"Prayer Wheel"},{"floor":41,"key":"Bottled Lightning"},{"floor":43,"key":"Bag of Marbles"}],"event_choices":[{"damage_healed":0,"gold_gain":75,"player_choice":"Gather Gold","damage_taken":11,"max_hp_gain":0,"max_hp_loss":0,"event_name":"World of Goop","floor":3,"gold_loss":0},{"damage_healed":0,"gold_gain":0,"player_choice":"Trade","damage_taken":0,"relics_obtained":["FaceOfCleric"],"max_hp_gain":0,"max_hp_loss":0,"event_name":"FaceTrader","floor":7,"gold_loss":0},{"damage_healed":0,"gold_gain":0,"player_choice":"Read","damage_taken":0,"max_hp_gain":0,"max_hp_loss":0,"event_name":"The Library","floor":20,"gold_loss":0,"cards_obtained":["True Grit"]},{"damage_healed":0,"gold_gain":0,"player_choice":"Became a vampire","damage_taken":0,"max_hp_gain":0,"max_hp_loss":27,"event_name":"Vampires","floor":29,"gold_loss":0,"cards_obtained":["Bite","Bite","Bite","Bite","Bite"]},{"cards_removed":["Perfected Strike"],"damage_healed":0,"gold_gain":0,"player_choice":"Elegance","damage_taken":0,"max_hp_gain":0,"max_hp_loss":0,"event_name":"Back to Basics","floor":31,"gold_loss":0},{"damage_healed":0,"gold_gain":0,"player_choice":"Embrace Madness","damage_taken":8,"max_hp_gain":0,"max_hp_loss":0,"event_name":"Winding Halls","floor":37,"gold_loss":0,"cards_obtained":["Madness","Madness"]},{"cards_removed":["Bite"],"damage_healed":0,"gold_gain":0,"player_choice":"Removed Attack","damage_taken":0,"max_hp_gain":0,"max_hp_loss":0,"event_name":"Falling","floor":38,"gold_loss":0},{"damage_healed":0,"gold_gain":0,"player_choice":"Fight","damage_taken":0,"max_hp_gain":0,"max_hp_loss":0,"event_name":"MindBloom","floor":39,"gold_loss":0},{"damage_healed":0,"gold_gain":0,"player_choice":"Paid","damage_taken":0,"relics_obtained":["Red Mask"],"max_hp_gain":0,"max_hp_loss":0,"event_name":"Tomb of Lord Red Mask","floor":42,"gold_loss":127}],"is_beta":false,"boss_relics":[{"not_picked":["Pandora\u0027s Box","Fusion Hammer"],"picked":"Runic Cube"},{"not_picked":["Astrolabe","Busted Crown"],"picked":"Cursed Key"}],"items_purged_floors":[],"is_endless":false,"potions_floor_spawned":[1,2,8,12,21,22,24,45,46],"ascension_level":3}