{"gold_per_floor":[118,118,118,118,118,162,162,200,200,200,225,150,174,195,195,291,291,309,309,323,338,338],"floor_reached":22,"playtime":662,"items_purged":["Strike_R"],"score":476,"play_id":"07009fdf-418e-4e3c-9af5-e9fd85214894","local_time":"20190302221827","is_ascension_mode":true,"campfire_choices":[{"data":"Searing Blow","floor":7,"key":"SMITH"},{"data":"Searing Blow+1","floor":10,"key":"SMITH"},{"data":"Searing Blow+2","floor":15,"key":"SMITH"}],"neow_cost":"NONE","seed_source_timestamp":89839032695156,"circlet_count":0,"master_deck":["AscendersBane","Strike_R","Strike_R","Strike_R","Strike_R","Defend_R","Defend_R","Defend_R","Defend_R","Bash","Searing Blow+3","Impervious","Headbutt"],"relics":["Black Blood","NeowsBlessing","Thread and Needle","Golden Idol","Juzu Bracelet","Red Skull","Pantograph"],"potions_floor_usage":[16,18,22],"damage_taken":[{"damage":0,"enemies":"Cultist","floor":1,"turns":1},{"damage":0,"enemies":"Gremlin Nob","floor":6,"turns":1},{"damage":0,"enemies":"3 Sentries","floor":8,"turns":1},{"damage":4,"enemies":"Small Slimes","floor":11,"turns":4},{"damage":0,"enemies":"2 Louse","floor":13,"turns":4},{"damage":3,"enemies":"2 Fungi Beasts","floor":14,"turns":4},{"damage":69,"enemies":"Slime Boss","floor":16,"turns":11},{"damage":34,"enemies":"Spheric Guardian","floor":18,"turns":6},{"damage":18,"enemies":"Chosen","floor":20,"turns":5},{"damage":19,"enemies":"Snecko","floor":21,"turns":4},{"damage":28,"enemies":"Chosen and Byrds","floor":22,"turns":5}],"seed_played":"-3092103894894704171","potions_obtained":[{"floor":8,"key":"FearPotion"},{"floor":14,"key":"Regen Potion"},{"floor":21,"key":"SkillPotion"}],"is_trial":false,"path_per_floor":["M","?","?","?","?","E","R","E","T","R","M","$","M","M","R","B",null,"M","?","M","M","M"],"character_chosen":"IRONCLAD","items_purchased":[],"campfire_rested":0,"item_purchase_floors":[],"current_hp_per_floor":[74,69,43,48,48,54,54,60,60,60,62,62,68,71,71,17,64,55,55,47,38,10],"gold":338,"neow_bonus":"THREE_ENEMY_KILL","is_prod":false,"is_daily":false,"chose_seed":false,"campfire_upgraded":3,"win_rate":0,"timestamp":1551532707,"path_taken":["M","?","?","?","?","E","R","E","T","R","M","?","M","M","R","BOSS","M","?","M","M","M"],"build_version":"2019-01-23","purchased_purges":1,"victory":false,"max_hp_per_floor":[75,75,75,80,80,80,80,80,80,80,80,80,80,80,80,80,80,80,80,80,80,80],"card_choices":[{"not_picked":["Twin Strike","Heavy Blade"],"picked":"Searing Blow","floor":1},{"not_picked":["Iron Wave","Sword Boomerang","Entrench"],"picked":"SKIP","floor":6},{"not_picked":["Clothesline","Flex","Sword Boomerang"],"picked":"SKIP","floor":8},{"not_picked":["Sever Soul","Perfected Strike","Rampage"],"picked":"SKIP","floor":11},{"not_picked":["Berserk","Iron Wave","Headbutt"],"picked":"SKIP","floor":13},{"not_picked":["Pummel","Shockwave","Dropkick"],"picked":"SKIP","floor":14},{"not_picked":["Demon Form","Dark Embrace"],"picked":"Impervious","floor":16},{"not_picked":["Rage","Perfected Strike","Flame Barrier"],"picked":"SKIP","floor":18},{"not_picked":["Dual Wield","Twin Strike","Reckless Charge"],"picked":"SKIP","floor":20},{"not_picked":["Armaments","True Grit","Second Wind"],"picked":"SKIP","floor":21}],"player_experience":1008575,"relics_obtained":[{"floor":6,"key":"Juzu Bracelet"},{"floor":8,"key":"Red Skull"},{"floor":9,"key":"Pantograph"}],"event_choices":[{"damage_healed":0,"gold_gain":0,"player_choice":"Success","damage_taken":5,"relics_obtained":["Thread and Needle"],"max_hp_gain":0,"max_hp_loss":0,"event_name":"Scrap Ooze","floor":2,"gold_loss":0},{"damage_healed":0,"gold_gain":0,"player_choice":"Take Damage","damage_taken":26,"relics_obtained":["Golden Idol"],"max_hp_gain":0,"max_hp_loss":0,"event_name":"Golden Idol","floor":3,"gold_loss":0},{"damage_healed":0,"gold_gain":0,"player_choice":"Donut","damage_taken":0,"max_hp_gain":5,"max_hp_loss":0,"event_name":"Big Fish","floor":4,"gold_loss":0},{"damage_healed":0,"gold_gain":0,"player_choice":"Ignored","damage_taken":0,"max_hp_gain":0,"max_hp_loss":0,"event_name":"Liars Game","floor":5,"gold_loss":0},{"damage_healed":0,"gold_gain":0,"player_choice":"Read","damage_taken":0,"max_hp_gain":0,"max_hp_loss":0,"event_name":"The Library","floor":19,"gold_loss":0,"cards_obtained":["Headbutt"]}],"is_beta":false,"boss_relics":[{"not_picked":["White Beast Statue","Astrolabe"],"picked":"Black Blood"}],"items_purged_floors":[12],"is_endless":false,"potions_floor_spawned":[8,14,21],"killed_by":"Chosen and Byrds","ascension_level":19}