{"gold_per_floor":[111,126,76,91,91,91,108,69,95,128,30,43,43,67,67,162,162,173,173,173,185,205,205,222,222,273,290,60,60,73,22,22,117,117,135,153,153,165,265,265,47,47,70,29,47,62,77,88,88,88],"floor_reached":50,"playtime":3003,"items_purged":["Strike_B"],"score":471,"play_id":"78db66d4-46f1-47ea-96bd-5d428279e020","local_time":"20190111024258","is_ascension_mode":false,"campfire_choices":[{"data":"Darkness","floor":6,"key":"SMITH"},{"data":"Redo","floor":15,"key":"SMITH"},{"floor":23,"key":"REST"},{"data":"Redo","floor":25,"key":"SMITH"},{"floor":32,"key":"REST"},{"floor":40,"key":"REST"},{"floor":49,"key":"REST"}],"neow_cost":"NONE","seed_source_timestamp":161160680312338,"circlet_count":0,"master_deck":["Strike_B","Strike_B","Defend_B+1","Defend_B","Defend_B","Defend_B","Zap","Dualcast","Darkness+1","Chaos","Redo+1","Doom and Gloom","Lockon","Leap","Doom and Gloom","Stack","Genetic Algorithm+1","Echo Form","Stack+1","Redo+1","Stack","Leap","Redo+1","Stack","Impatience","Conserve Battery","White Noise","Stack","Self Repair+1","Stack+1","Panache","Hologram","BootSequence"],"relics":["Cracked Core","NeowsBlessing","GremlinMask","Ancient Tea Set","Blood Vial","Bag of Preparation","White Beast Statue","Potion Belt","Philosopher\u0027s Stone","Ice Cream","Orichalcum"],"potions_floor_usage":[18,24,27,30,30,33,33,39,39,48,50,50,50,50,50],"damage_taken":[{"damage":0,"enemies":"2 Louse","floor":1,"turns":1},{"damage":0,"enemies":"Small Slimes","floor":2,"turns":1},{"damage":0,"enemies":"Cultist","floor":4,"turns":1},{"damage":7,"enemies":"Blue Slaver","floor":7,"turns":5},{"damage":16,"enemies":"Gremlin Nob","floor":10,"turns":3},{"damage":2,"enemies":"2 Fungi Beasts","floor":12,"turns":3},{"damage":16,"enemies":"The Guardian","floor":16,"turns":8},{"damage":8,"enemies":"Chosen","floor":18,"turns":5},{"damage":15,"enemies":"Shell Parasite","floor":21,"turns":6},{"damage":25,"enemies":"Centurion and Healer","floor":22,"turns":6},{"damage":10,"enemies":"Sentry and Sphere","floor":24,"turns":4},{"damage":20,"enemies":"Snecko","floor":27,"turns":5},{"damage":4,"enemies":"Shelled Parasite and Fungi","floor":30,"turns":5},{"damage":27,"enemies":"Collector","floor":33,"turns":9},{"damage":14,"enemies":"3 Shapes","floor":35,"turns":5},{"damage":44,"enemies":"3 Darklings","floor":36,"turns":6},{"damage":22,"enemies":"Sphere and 2 Shapes","floor":38,"turns":5},{"damage":8,"enemies":"Mind Bloom Boss Battle","floor":39,"turns":10},{"damage":10,"enemies":"4 Shapes","floor":45,"turns":5},{"damage":22,"enemies":"3 Darklings","floor":46,"turns":6},{"damage":25,"enemies":"Spire Growth","floor":47,"turns":6},{"damage":5,"enemies":"Transient","floor":48,"turns":5},{"damage":66,"enemies":"Donu and Deca","floor":50,"turns":7}],"seed_played":"-2369169880440259303","potions_obtained":[{"floor":4,"key":"Energy Potion"},{"floor":7,"key":"LiquidBronze"},{"floor":12,"key":"EssenceOfSteel"},{"floor":18,"key":"Fire Potion"},{"floor":24,"key":"Energy Potion"},{"floor":27,"key":"Fire Potion"},{"floor":29,"key":"Fruit Juice"},{"floor":29,"key":"Block Potion"},{"floor":30,"key":"LiquidBronze"},{"floor":33,"key":"Explosive Potion"},{"floor":35,"key":"Explosive Potion"},{"floor":36,"key":"Regen Potion"},{"floor":38,"key":"LiquidBronze"},{"floor":39,"key":"Fire Potion"},{"floor":45,"key":"Explosive Potion"},{"floor":46,"key":"PowerPotion"},{"floor":48,"key":"Strength Potion"}],"is_trial":false,"path_per_floor":["M","M","?","M","?","R","M","$","T","E","$","M","?","T","R","B",null,"M","?","?","M","M","R","M","R","T","M","$","?","M","$","R","B",null,"M","M","?","M","?","R","$","?","T","$","M","M","M","M","R","B"],"character_chosen":"DEFECT","items_purchased":["Lockon","Doom and Gloom","Stack","Redo","Stack","Impatience","Conserve Battery","Panache","Hologram","BootSequence"],"campfire_rested":4,"item_purchase_floors":[8,11,11,28,28,28,31,41,41,44],"current_hp_per_floor":[75,75,75,75,75,75,68,68,68,52,52,52,37,37,37,23,75,67,67,53,40,17,41,33,33,33,15,15,15,18,18,43,18,85,71,29,29,9,28,53,53,53,53,53,55,45,32,39,64,0],"gold":88,"neow_bonus":"THREE_ENEMY_KILL","is_prod":false,"is_daily":false,"chose_seed":false,"campfire_upgraded":3,"win_rate":0,"timestamp":1547192578,"path_taken":["M","M","?","M","?","R","?","$","T","E","$","M","?","?","R","BOSS","M","?","?","M","M","R","M","R","T","M","$","?","?","$","R","BOSS","M","M","?","M","?","R","$","?","T","$","?","M","M","?","R","BOSS"],"build_version":"2019-01-10","purchased_purges":1,"victory":false,"max_hp_per_floor":[75,75,75,75,75,75,75,75,75,75,75,75,75,75,75,75,75,75,75,80,80,80,80,80,80,80,80,80,80,85,85,85,85,85,85,85,85,85,85,85,85,85,85,85,85,85,85,85,85,85],"card_choices":[{"not_picked":["Steam","Streamline"],"picked":"Darkness","floor":1},{"not_picked":["Steam","Ball Lightning"],"picked":"Chaos","floor":2},{"not_picked":["Static Discharge","Streamline"],"picked":"Redo","floor":4},{"not_picked":["BootSequence","Barrage"],"picked":"Doom and Gloom","floor":7},{"not_picked":["Meteor Strike","Go for the Eyes"],"picked":"Leap","floor":10},{"not_picked":["Sweeping Beam","Heatsinks"],"picked":"Genetic Algorithm","floor":12},{"not_picked":["Seek","Hyperbeam"],"picked":"Echo Form","floor":16},{"not_picked":["Steam","Compile Driver"],"picked":"Stack+1","floor":18},{"not_picked":["Scrape","Sweeping Beam+1","Aggregate+1"],"picked":"SKIP","floor":21},{"not_picked":["Reinforced Body","Rebound"],"picked":"Stack","floor":22},{"not_picked":["Coolheaded","Blizzard","Beam Cell"],"picked":"SKIP","floor":24},{"not_picked":["Sweeping Beam","Cold Snap"],"picked":"Leap","floor":27},{"not_picked":["Go for the Eyes+1","Echo Form","Streamline"],"picked":"SKIP","floor":30},{"not_picked":["Conserve Battery+1","Steam Power"],"picked":"White Noise","floor":35},{"not_picked":["Rebound+1","Barrage+1"],"picked":"Stack","floor":36},{"not_picked":["Ball Lightning","Lockon"],"picked":"Self Repair+1","floor":38},{"not_picked":["Tempest+1","Core Surge"],"picked":"Stack+1","floor":39},{"not_picked":["Genetic Algorithm","Barrage+1","Go for the Eyes"],"picked":"SKIP","floor":45},{"not_picked":["Hologram+1","Reprogram+1","Hello World"],"picked":"SKIP","floor":46},{"not_picked":["Chill","Static Discharge+1","Turbo"],"picked":"SKIP","floor":47},{"not_picked":["Coolheaded","Cold Snap+1","Sweeping Beam+1"],"picked":"SKIP","floor":48}],"player_experience":917480,"relics_obtained":[{"floor":9,"key":"Ancient Tea Set"},{"floor":10,"key":"Blood Vial"},{"floor":14,"key":"Bag of Preparation"},{"floor":26,"key":"Potion Belt"},{"floor":39,"key":"Ice Cream"},{"floor":43,"key":"Orichalcum"}],"event_choices":[{"cards_removed":["Strike_B"],"damage_healed":0,"gold_gain":0,"player_choice":"Card Removal","damage_taken":0,"max_hp_gain":0,"max_hp_loss":0,"event_name":"The Cleric","floor":3,"gold_loss":50},{"damage_healed":0,"gold_gain":0,"player_choice":"Trade","damage_taken":0,"relics_obtained":["GremlinMask"],"max_hp_gain":0,"max_hp_loss":0,"event_name":"FaceTrader","floor":5,"gold_loss":0},{"damage_healed":0,"gold_gain":0,"player_choice":"Entered Light","damage_taken":15,"max_hp_gain":0,"max_hp_loss":0,"event_name":"Shining Light","floor":13,"gold_loss":0,"cards_upgraded":["Defend_B","Genetic Algorithm"]},{"damage_healed":0,"gold_gain":0,"player_choice":"Read","damage_taken":0,"max_hp_gain":0,"max_hp_loss":0,"event_name":"The Library","floor":19,"gold_loss":0,"cards_obtained":["Redo"]},{"damage_healed":0,"gold_gain":0,"player_choice":"Shed Blood","damage_taken":19,"max_hp_gain":5,"max_hp_loss":0,"event_name":"Forgotten Altar","floor":20,"gold_loss":0},{"damage_healed":0,"gold_gain":0,"player_choice":"Got Potions","damage_taken":0,"max_hp_gain":0,"max_hp_loss":0,"event_name":"Lab","floor":29,"gold_loss":0},{"damage_healed":0,"gold_gain":0,"player_choice":"Ignored","damage_taken":0,"max_hp_gain":0,"max_hp_loss":0,"event_name":"Tomb of Lord Red Mask","floor":37,"gold_loss":0},{"damage_healed":0,"gold_gain":0,"player_choice":"Fight","damage_taken":0,"max_hp_gain":0,"max_hp_loss":0,"event_name":"MindBloom","floor":39,"gold_loss":0},{"damage_healed":0,"gold_gain":0,"player_choice":"Upgraded","damage_taken":0,"max_hp_gain":0,"max_hp_loss":0,"event_name":"Upgrade Shrine","floor":42,"gold_loss":0,"cards_upgraded":["Redo"]}],"is_beta":false,"boss_relics":[{"not_picked":["Coffee Dripper","Fusion Hammer"],"picked":"White Beast Statue"},{"not_picked":["Cursed Key","Runic Pyramid"],"picked":"Philosopher\u0027s Stone"}],"items_purged_floors":[28],"is_endless":false,"potions_floor_spawned":[4,7,12,18,21,22,24,27,30,33,35,36,38,39,45,46,47,48],"killed_by":"Donu and Deca","ascension_level":0}