{"gold_per_floor":[110,56,75,50,135,135,153,153,153,171,183,61,61,72,72,174,174,186,93,106,106,121,121,136,150,150,34,50,50,83,100,100,198,198,214,436,41,60,60,60,60,60,60,75,89,89,108,124,124,124],"floor_reached":51,"playtime":1631,"items_purged":[],"score":693,"play_id":"fa1d7faa-62b7-4a67-b356-3a65d93c13c2","local_time":"20190217151837","is_ascension_mode":false,"campfire_choices":[{"data":"Perfected Strike","floor":6,"key":"SMITH"},{"data":"Perfected Strike","floor":13,"key":"SMITH"},{"data":"Perfected Strike","floor":15,"key":"SMITH"},{"data":"Perfected Strike","floor":23,"key":"SMITH"},{"data":"Inflame","floor":29,"key":"SMITH"},{"data":"Wild Strike","floor":32,"key":"SMITH"},{"data":"Pommel Strike","floor":40,"key":"SMITH"},{"data":"Twin Strike","floor":42,"key":"SMITH"},{"data":"Twin Strike","floor":46,"key":"SMITH"},{"data":"Flame Barrier","floor":49,"key":"SMITH"}],"neow_cost":"NONE","seed_source_timestamp":240108184284227,"circlet_count":0,"master_deck":["Strike_R","Strike_R","Strike_R+1","Strike_R","Defend_R","Defend_R","Defend_R","Defend_R","Bash+1","Flame Barrier","Perfected Strike+1","True Grit","Perfected Strike+1","Wild Strike+1","Perfected Strike+1","Burning Pact","Double Tap","Wild Strike","Reaper","Flame Barrier+1","Shrug It Off","Inflame+1","Pommel Strike+1","Perfected Strike+1","Shrug It Off","Twin Strike","Wild Strike+1","Twin Strike+1","Finesse","Pommel Strike+1","Flash of Steel","Regret","Twin Strike+1","Shrug It Off+1","Pommel Strike+1"],"relics":["Burning Blood","Tiny Chest","Kunai","Mercury Hourglass","Mark of Pain","The Courier","Whetstone","Red Mask","Cursed Key","Bag of Marbles","Gremlin Horn","Vajra"],"potions_floor_usage":[16,22,30,33,50,50,50],"damage_taken":[{"damage":0,"enemies":"Cultist","floor":1,"turns":3},{"damage":0,"enemies":"Small Slimes","floor":3,"turns":3},{"damage":0,"enemies":"2 Louse","floor":7,"turns":3},{"damage":0,"enemies":"2 Fungi Beasts","floor":10,"turns":2},{"damage":6,"enemies":"Exordium Wildlife","floor":11,"turns":3},{"damage":5,"enemies":"3 Louse","floor":14,"turns":2},{"damage":24,"enemies":"Hexaghost","floor":16,"turns":6},{"damage":0,"enemies":"Spheric Guardian","floor":18,"turns":1},{"damage":5,"enemies":"Chosen","floor":20,"turns":2},{"damage":21,"enemies":"Shelled Parasite and Fungi","floor":22,"turns":4},{"damage":23,"enemies":"Cultist and Chosen","floor":24,"turns":5},{"damage":12,"enemies":"3 Cultists","floor":25,"turns":3},{"damage":12,"enemies":"Centurion and Healer","floor":28,"turns":4},{"damage":10,"enemies":"Masked Bandits","floor":30,"turns":3},{"damage":7,"enemies":"Snecko","floor":31,"turns":3},{"damage":58,"enemies":"Champ","floor":33,"turns":8},{"damage":12,"enemies":"3 Darklings","floor":35,"turns":4},{"damage":0,"enemies":"Orb Walker","floor":38,"turns":2},{"damage":5,"enemies":"Maw","floor":44,"turns":4},{"damage":0,"enemies":"Jaw Worm Horde","floor":45,"turns":1},{"damage":3,"enemies":"Spire Growth","floor":47,"turns":2},{"damage":10,"enemies":"Sphere and 2 Shapes","floor":48,"turns":3},{"damage":59,"enemies":"Donu and Deca","floor":50,"turns":7}],"seed_played":"-5206153961989669822","potions_obtained":[{"floor":1,"key":"Weak Potion"},{"floor":3,"key":"Block Potion"},{"floor":16,"key":"GamblersBrew"},{"floor":20,"key":"GamblersBrew"},{"floor":22,"key":"SteroidPotion"},{"floor":24,"key":"Explosive Potion"},{"floor":31,"key":"BloodPotion"},{"floor":35,"key":"Weak Potion"},{"floor":44,"key":"Energy Potion"},{"floor":45,"key":"SteroidPotion"}],"is_trial":false,"path_per_floor":["M","$","M","$","T","R","M","?","T","M","M","$","R","M","R","B",null,"M","$","M","$","M","R","M","M","T","$","M","R","?","M","R","B",null,"M","?","$","M","?","R","$","R","T","M","M","R","M","M","R","B",null],"character_chosen":"IRONCLAD","items_purchased":["True Grit","Wild Strike","Double Tap","Wild Strike","Shrug It Off","Inflame","Whetstone","Bag of Marbles","Gremlin Horn","Finesse"],"campfire_rested":0,"item_purchase_floors":[2,4,12,12,19,19,27,37,37,37],"current_hp_per_floor":[80,80,80,80,80,80,80,47,47,53,53,53,53,54,54,36,80,80,80,80,80,65,65,56,68,68,68,66,66,76,75,75,29,80,80,80,80,80,80,80,80,80,80,80,80,80,80,76,76,31],"gold":124,"neow_bonus":"TRANSFORM_CARD","is_prod":false,"is_daily":false,"chose_seed":false,"campfire_upgraded":10,"win_rate":0,"timestamp":1550434717,"path_taken":["M","$","M","$","?","R","M","?","T","M","M","$","R","M","R","BOSS","M","$","M","$","M","R","M","M","T","$","M","R","?","M","R","BOSS","M","?","$","M","?","R","?","R","T","M","M","R","M","M","R","BOSS"],"build_version":"2019-01-23","purchased_purges":0,"victory":true,"max_hp_per_floor":[80,80,80,80,80,80,80,80,80,80,80,80,80,80,80,80,80,80,80,80,80,80,80,80,80,80,80,80,80,80,80,80,80,80,80,80,80,80,80,80,80,80,80,80,80,80,80,80,80,80],"card_choices":[{"not_picked":["Sentinel","Pommel Strike"],"picked":"Perfected Strike","floor":1},{"not_picked":["Hemokinesis","Havoc"],"picked":"Perfected Strike","floor":3},{"not_picked":["Warcry","True Grit"],"picked":"Perfected Strike","floor":7},{"not_picked":["Entrench","Feel No Pain","Headbutt"],"picked":"SKIP","floor":10},{"not_picked":["Clothesline","Heavy Blade"],"picked":"Burning Pact","floor":11},{"not_picked":["Anger","Power Through","Cleave"],"picked":"SKIP","floor":14},{"not_picked":["Immolate","Limit Break"],"picked":"Reaper","floor":16},{"not_picked":["Body Slam","Sword Boomerang+1"],"picked":"Flame Barrier","floor":18},{"not_picked":["Cleave","Sword Boomerang"],"picked":"Pommel Strike+1","floor":20},{"not_picked":["Flame Barrier","Battle Trance"],"picked":"Perfected Strike","floor":22},{"not_picked":["Evolve+1","Havoc"],"picked":"Shrug It Off","floor":24},{"not_picked":["Anger","Infernal Blade"],"picked":"Twin Strike","floor":25},{"not_picked":["Warcry","Thunderclap","Headbutt"],"picked":"SKIP","floor":28},{"not_picked":["Sword Boomerang+1","Power Through"],"picked":"Wild Strike+1","floor":31},{"not_picked":["True Grit+1","Entrench+1"],"picked":"Twin Strike","floor":35},{"not_picked":["Rupture","Warcry+1"],"picked":"Pommel Strike","floor":38},{"not_picked":["Purity","Deep Breath"],"picked":"Flash of Steel","floor":39},{"not_picked":["Body Slam+1","Heavy Blade+1","Headbutt"],"picked":"SKIP","floor":44},{"not_picked":["Sword Boomerang+1","Heavy Blade"],"picked":"Twin Strike","floor":45},{"not_picked":["Warcry","Havoc"],"picked":"Shrug It Off+1","floor":47},{"not_picked":["Whirlwind","Corruption"],"picked":"Pommel Strike+1","floor":48}],"player_experience":1046490,"relics_obtained":[{"floor":5,"key":"Tiny Chest"},{"floor":9,"key":"Mercury Hourglass"},{"floor":26,"key":"The Courier"},{"floor":30,"key":"Red Mask"},{"floor":43,"key":"Vajra"}],"event_choices":[{"damage_healed":0,"gold_gain":0,"player_choice":"Success","damage_taken":33,"relics_obtained":["Kunai"],"max_hp_gain":0,"max_hp_loss":0,"event_name":"Scrap Ooze","floor":8,"gold_loss":0},{"damage_healed":0,"gold_gain":0,"player_choice":"Fought Bandits","damage_taken":0,"max_hp_gain":0,"max_hp_loss":0,"event_name":"Masked Bandits","floor":30,"gold_loss":0},{"damage_healed":0,"gold_gain":222,"player_choice":"Wore Mask","damage_taken":0,"max_hp_gain":0,"max_hp_loss":0,"event_name":"Tomb of Lord Red Mask","floor":36,"gold_loss":0},{"damage_healed":0,"gold_gain":0,"player_choice":"Memory 1","damage_taken":0,"max_hp_gain":0,"max_hp_loss":0,"event_name":"SensoryStone","floor":39,"gold_loss":0}],"is_beta":false,"boss_relics":[{"not_picked":["Black Star","White Beast Statue"],"picked":"Mark of Pain"},{"not_picked":["Tiny House","Busted Crown"],"picked":"Cursed Key"}],"items_purged_floors":[],"is_endless":false,"potions_floor_spawned":[1,3,16,20,22,24,31,35,44,45],"ascension_level":0}