{"path_per_floor":["M","M","M","M","M","R","E","$","T","R","M","R","M","E","R"],"character_chosen":"THE_SILENT","items_purchased":[],"gold_per_floor":[118,133,150,160,179,179,210,135,135,135,154,154,166,197,197,197],"floor_reached":16,"campfire_rested":0,"playtime":715,"item_purchase_floors":[],"current_hp_per_floor":[63,62,60,57,57,57,41,41,41,41,41,41,40,29,29,0],"items_purged":["Strike_G"],"gold":197,"score":171,"play_id":"4c6f5e31-e1df-462c-866a-23dbe1f5ee2b","local_time":"20180604030630","is_prod":false,"is_daily":false,"chose_seed":false,"is_ascension_mode":true,"campfire_upgraded":4,"win_rate":0,"timestamp":1528049190,"campfire_choices":[{"data":"Footwork","floor":6,"key":"SMITH"},{"data":"All Out Attack","floor":10,"key":"SMITH"},{"data":"Unload","floor":12,"key":"SMITH"},{"data":"Survivor","floor":15,"key":"SMITH"}],"path_taken":["M","M","?","M","?","R","E","$","T","R","M","R","M","E","R","BOSS"],"build_version":"2018-05-31","seed_source_timestamp":970856072557220,"purchased_purges":1,"victory":false,"master_deck":["Defend_G","Defend_G","Defend_G","Defend_G","Defend_G","Strike_G","Strike_G","Strike_G","Strike_G","Survivor+1","Neutralize","AscendersBane","Unload+1","Footwork+1","Underhanded Strike","Backstab","All Out Attack+1","Underhanded Strike"],"max_hp_per_floor":[70,70,70,70,70,70,70,70,70,70,70,70,70,70,70,70],"relics":["Ring of the Snake","Torii","Orichalcum","Happy Flower"],"card_choices":[{"not_picked":["Poisoned Stab","Endless Agony"],"picked":"Footwork","floor":1},{"not_picked":["Dagger Spray","Flechettes"],"picked":"Underhanded Strike","floor":2},{"not_picked":["Caltrops","Acrobatics"],"picked":"Backstab","floor":3},{"not_picked":["Dodge and Roll","Poisoned Stab"],"picked":"All Out Attack","floor":4},{"not_picked":["Envenom","Backflip","Acrobatics"],"picked":"SKIP","floor":5},{"not_picked":["Quick Slash","Cloak And Dagger"],"picked":"Underhanded Strike","floor":7},{"not_picked":["Poisoned Stab","Setup","Endless Agony"],"picked":"SKIP","floor":11},{"not_picked":["Infinite Blades","Crippling Poison","Leg Sweep"],"picked":"SKIP","floor":13},{"not_picked":["Deflect","Dagger Spray","Masterful Stab"],"picked":"SKIP","floor":14}],"player_experience":764596,"potions_floor_usage":[4,14,16,16],"damage_taken":[{"damage":0,"enemies":"Cultist","floor":1,"turns":4},{"damage":1,"enemies":"Jaw Worm","floor":2,"turns":4},{"damage":2,"enemies":"2 Louse","floor":3,"turns":3},{"damage":3,"enemies":"Large Slime","floor":4,"turns":7},{"damage":0,"enemies":"2 Fungi Beasts","floor":5,"turns":2},{"damage":16,"enemies":"3 Sentries","floor":7,"turns":7},{"damage":0,"enemies":"Looter","floor":11,"turns":2},{"damage":1,"enemies":"Red Slaver","floor":13,"turns":5},{"damage":11,"enemies":"Lagavulin","floor":14,"turns":6},{"damage":30,"enemies":"Hexaghost","floor":16,"turns":9}],"relics_obtained":[{"floor":7,"key":"Torii"},{"floor":9,"key":"Orichalcum"},{"floor":14,"key":"Happy Flower"}],"event_choices":[],"boss_relics":[],"items_purged_floors":[8],"potions_floor_spawned":[2,5,11,14],"seed_played":"-2757490946272223466","killed_by":"Hexaghost","ascension_level":10,"potions_obtained":[{"floor":2,"key":"Block Potion"},{"floor":5,"key":"EntropicBrew"},{"floor":11,"key":"Dexterity Potion"},{"floor":14,"key":"SteroidPotion"}],"is_trial":false}