{"gold_per_floor":[119,131,306,318,328,328,358,157,208,208,208,208,84,98,98,200,200,218,245,245,245,79,79,99,116,139,139,158,158],"floor_reached":29,"playtime":1421,"items_purged":["Strike_G"],"score":238,"play_id":"63f53b0f-ea55-4679-baaa-acfc61b02124","local_time":"20180704224620","is_ascension_mode":false,"campfire_choices":[{"data":"Caltrops","floor":6,"key":"SMITH"},{"floor":10,"key":"REST"},{"data":"Caltrops","floor":12,"key":"SMITH"},{"data":"Dodge and Roll","floor":15,"key":"SMITH"},{"floor":23,"key":"REST"}],"neow_cost":"NONE","seed_source_timestamp":1831745926497810,"circlet_count":0,"master_deck":["Defend_G","Defend_G","Defend_G","Defend_G","Defend_G","Strike_G","Strike_G+1","Strike_G+1","Strike_G","Survivor","Neutralize","Caltrops+1","Dagger Throw","Bouncing Flask","Caltrops+1","Terror","Well Laid Plans","Dodge and Roll+1","PiercingWail","Well Laid Plans","Tools of the Trade","Adrenaline+1","Caltrops","Cloak And Dagger","Well Laid Plans","Dark Shackles","Sucker Punch+1","Caltrops"],"relics":["Ring of the Snake","Tiny Chest","Vajra","Sozu","Red Mask","Nilry\u0027s Codex","Whetstone","Blue Candle"],"potions_floor_usage":[16,29],"damage_taken":[{"damage":5,"enemies":"Jaw Worm","floor":1,"turns":5},{"damage":0,"enemies":"Small Slimes","floor":2,"turns":3},{"damage":2,"enemies":"2 Louse","floor":4,"turns":3},{"damage":20,"enemies":"Exordium Thugs","floor":5,"turns":5},{"damage":2,"enemies":"Looter","floor":14,"turns":4},{"damage":14,"enemies":"The Guardian","floor":16,"turns":7},{"damage":8,"enemies":"3 Byrds","floor":18,"turns":5},{"damage":31,"floor":19,"turns":5},{"damage":0,"enemies":"Shell Parasite","floor":24,"turns":5},{"damage":3,"enemies":"Snecko","floor":25,"turns":5},{"damage":5,"enemies":"Snake Plant","floor":28,"turns":3},{"damage":42,"enemies":"Cultist and Chosen","floor":29,"turns":6}],"seed_played":"-3305722199296233950","potions_obtained":[{"floor":5,"key":"AttackPotion"},{"floor":14,"key":"Swift Potion"}],"is_trial":false,"path_per_floor":["M","M","?","M","M","R","?","$","T","R","?","R","$","M","R","B",null,"M","?","?","?","$","R","M","M","T","T","M"],"character_chosen":"THE_SILENT","items_purchased":["Well Laid Plans","Dodge and Roll","PiercingWail","Well Laid Plans","Well Laid Plans","Dark Shackles"],"campfire_rested":2,"item_purchase_floors":[8,8,13,13,22,22],"current_hp_per_floor":[65,65,65,63,43,43,36,36,36,57,57,57,57,55,55,41,70,62,31,31,15,15,36,36,33,33,33,28,0],"gold":158,"neow_bonus":"THREE_CARDS","is_prod":false,"is_daily":false,"chose_seed":false,"campfire_upgraded":3,"win_rate":0,"timestamp":1530758780,"path_taken":["M","M","?","M","M","R","?","$","T","R","?","R","?","M","R","BOSS","M","?","?","?","$","R","M","M","T","?","?","M"],"build_version":"2018-06-28","purchased_purges":1,"victory":false,"max_hp_per_floor":[70,70,70,70,70,70,70,70,70,70,70,70,70,70,70,70,70,70,70,70,70,70,70,70,70,70,70,70,70],"card_choices":[{"not_picked":["Skewer","Poisoned Stab"],"picked":"Caltrops","floor":0},{"not_picked":["Bane","Acrobatics"],"picked":"Dagger Throw","floor":1},{"not_picked":["Poisoned Stab","Flying Knee"],"picked":"Bouncing Flask","floor":2},{"not_picked":["Dagger Spray","Slice"],"picked":"Caltrops","floor":4},{"not_picked":["Dagger Throw","Dagger Spray"],"picked":"Terror","floor":5},{"not_picked":["Deadly Poison","Blade Dance"],"picked":"Tools of the Trade","floor":14},{"not_picked":["Glass Knife","Bullet Time"],"picked":"Adrenaline","floor":16},{"not_picked":["Flying Knee","Infinite Blades"],"picked":"Caltrops","floor":18},{"not_picked":["Flying Knee","Deadly Poison+1"],"picked":"Cloak And Dagger","floor":19},{"not_picked":["Dagger Spray","Deflect+1"],"picked":"Sucker Punch+1","floor":24},{"not_picked":["Masterful Stab","Choke+1","Underhanded Strike+1"],"picked":"SKIP","floor":25},{"not_picked":["Eviscerate","Prepared"],"picked":"Caltrops","floor":28}],"player_experience":552048,"relics_obtained":[{"floor":9,"key":"Vajra"},{"floor":19,"key":"Red Mask"},{"floor":21,"key":"Nilry\u0027s Codex"},{"floor":26,"key":"Whetstone"},{"floor":27,"key":"Blue Candle"}],"event_choices":[{"event_name":"Liars Game","player_choice":"agreed","floor":3,"damage_taken":0},{"event_name":"Scrap Ooze","player_choice":"success","floor":7,"damage_taken":7},{"event_name":"Fountain of Cleansing","player_choice":"Removed Curse","floor":11,"damage_taken":0},{"event_name":"Masked Bandits","player_choice":"Fought over 218 gold","floor":19,"damage_taken":0},{"event_name":"Upgrade Shrine","player_choice":"Upgraded","floor":20,"damage_taken":0},{"event_name":"Cursed Tome","player_choice":"Obtained Book","floor":21,"damage_taken":0}],"boss_relics":[{"not_picked":["Philosopher\u0027s Stone","Fusion Hammer"],"picked":"Sozu"}],"items_purged_floors":[8],"is_endless":false,"potions_floor_spawned":[5,14,18,25],"killed_by":"Cultist and Chosen","ascension_level":0}