{"path_per_floor":["M","M","M","$","?","R","M","R","T","M","E","?","$","M","R","B",null,"M","?","M","$","M","R","M","R","T","E","R","M","$","?","R","B",null,"M","?","?","M","$","R","M","R","T","?","R","M","M","M","R","B"],"character_chosen":"IRONCLAD","items_purchased":["Cleave","Shockwave","Disarm","Entrench","Enlightenment"],"gold_per_floor":[117,130,148,73,73,73,91,91,91,108,136,199,101,117,117,217,217,229,229,242,71,84,84,101,101,126,155,155,174,49,49,49,145,175,195,241,241,254,10,10,25,25,48,0,0,15,25,43,43,43],"floor_reached":51,"campfire_rested":3,"playtime":4434,"current_hp_per_floor":[80,80,80,80,80,80,78,78,78,75,53,53,53,49,73,56,80,78,78,79,79,74,74,80,80,80,60,60,54,54,54,80,70,85,79,13,74,74,74,74,74,74,74,74,74,68,59,52,74,14],"items_purged":["Strike_R","Strike_R","Strike_R"],"gold":43,"score":644,"play_id":"2d89c08e-842e-4303-b1d8-7476bacbbe5a","local_time":"20180317140104","is_prod":false,"is_daily":false,"is_ascension_mode":false,"campfire_upgraded":8,"timestamp":1521295264,"path_taken":["M","?","M","$","?","R","M","R","T","M","E","?","$","M","R","BOSS","M","?","?","$","M","R","M","R","T","E","R","M","$","?","R","BOSS","M","?","?","M","?","R","M","R","T","?","R","M","M","M","R","BOSS"],"build_version":"2018-03-15v2","purchased_purges":3,"victory":true,"master_deck":["Strike_R","Strike_R","Defend_R+1","Defend_R","Defend_R","Defend_R","Bash+1","Pommel Strike+1","Inflame+1","True Grit","Cleave","Shockwave+1","Limit Break+1","Shrug It Off","Heavy Blade+1","Battle Trance","Disarm","Warcry+1","Dual Wield+1","Rage+1","Limit Break+1","Heavy Blade+1","Shrug It Off+1","Entrench","Enlightenment+1","Rage","Warcry+1","Limit Break"],"max_hp_per_floor":[80,80,80,80,80,80,80,80,80,80,80,80,80,80,80,80,80,80,80,80,80,80,80,80,80,80,80,80,80,80,80,80,80,85,85,85,74,74,74,74,74,74,74,74,74,74,74,74,74,74],"relics":["Burning Blood","Omamori","Matryoshka","Pen Nib","Runic Dome","Vajra","Centennial Puzzle","Regal Pillow","Tiny House","Red Skull","Lantern","Juzu Bracelet","Red Mask"],"card_choices":[{"not_picked":["Flame Barrier","Sentinel"],"picked":"Pommel Strike"},{"not_picked":["Twin Strike","Warcry"],"picked":"Inflame"},{"not_picked":["Warcry","Perfected Strike"],"picked":"True Grit"},{"not_picked":["Reaper","Immolate"],"picked":"Limit Break"},{"not_picked":["Anger","Armaments"],"picked":"Shrug It Off"},{"not_picked":["Anger","Cleave"],"picked":"Battle Trance"},{"not_picked":["Anger","Exhume"],"picked":"Warcry"},{"not_picked":["Clash","Havoc"],"picked":"Dual Wield"},{"not_picked":["Reckless Charge","Uppercut"],"picked":"Rage"},{"not_picked":["Warcry","Bloodletting"],"picked":"Heavy Blade"},{"not_picked":["Combust","Heavy Blade"],"picked":"Shrug It Off"},{"not_picked":["Warcry","Havoc"],"picked":"Rage"},{"not_picked":["Havoc","Blood for Blood"],"picked":"Warcry"},{"not_picked":["Havoc","Carnage"],"picked":"Limit Break"}],"player_experience":114949,"potions_floor_usage":[11,33,36,36,47,50,50,50],"damage_taken":[{"damage":5,"enemies":"Cultist","floor":1,"turns":4},{"damage":3,"enemies":"2 Louse","floor":2,"turns":3},{"damage":2,"enemies":"Small Slimes","floor":3,"turns":4},{"damage":8,"enemies":"Exordium Thugs","floor":7,"turns":5},{"damage":9,"enemies":"Blue Slaver","floor":10,"turns":4},{"damage":28,"enemies":"3 Sentries","floor":11,"turns":10},{"damage":10,"enemies":"Looter","floor":14,"turns":3},{"damage":23,"enemies":"Slime Boss","floor":16,"turns":8},{"damage":8,"enemies":"Shell Parasite","floor":18,"turns":4},{"damage":5,"enemies":"Chosen","floor":20,"turns":5},{"damage":11,"enemies":"Centurion and Healer","floor":22,"turns":4},{"damage":0,"enemies":"Cultist and Chosen","floor":24,"turns":4},{"damage":26,"enemies":"Book of Stabbing","floor":27,"turns":4},{"damage":12,"enemies":"3 Cultists","floor":29,"turns":4},{"damage":16,"enemies":"Champ","floor":33,"turns":6},{"damage":12,"enemies":"3 Shapes","floor":35,"turns":5},{"damage":72,"enemies":"Mysterious Sphere","floor":36,"turns":7},{"damage":4,"enemies":"3 Darklings","floor":38,"turns":3},{"damage":3,"enemies":"Maw","floor":41,"turns":6},{"damage":12,"enemies":"4 Shapes","floor":46,"turns":3},{"damage":15,"enemies":"Sphere and 2 Shapes","floor":47,"turns":6},{"damage":13,"enemies":"3 Darklings","floor":48,"turns":4},{"damage":66,"enemies":"Awakened One","floor":50,"turns":7}],"event_choices":[{"event_name":"Living Wall","player_choice":"Grow","floor":5,"damage_taken":0},{"event_name":"Golden Wing","player_choice":"Gained Gold","floor":12,"damage_taken":0},{"event_name":"The Library","player_choice":"Read","floor":19,"damage_taken":0},{"event_name":"Duplicator","player_choice":"One dupe","floor":31,"damage_taken":0},{"event_name":"Mysterious Sphere","player_choice":"Fight","floor":36,"damage_taken":0},{"event_name":"The Moai Head","player_choice":"Heal","floor":37,"damage_taken":0},{"event_name":"Tomb of Lord Red Mask","player_choice":"Paid","floor":44,"damage_taken":0}],"boss_relics":[{"not_picked":["Snecko Eye","Question Card"],"picked":"Runic Dome"},{"not_picked":["White Beast Statue","Black Star"],"picked":"Tiny House"}],"potions_floor_spawned":[2,3,10,14,18,24,27,33,41,46,47,48],"seed_played":"3790726344491610424","ascension_level":0,"is_trial":false}