{"path_per_floor":["M","?","?","M","M","R","?","M","T","M","M","$","R","M","R","B",null,"M","?","M","$","M","M","E","?","T","M","R","T","?"],"character_chosen":"IRONCLAD","items_purchased":["Pen Nib","Inflame","Heavy Blade","Flex"],"gold_per_floor":[16,16,16,40,54,54,54,67,112,130,154,3,3,24,24,149,149,170,170,184,31,54,70,114,114,114,138,138,138,38],"floor_reached":31,"campfire_rested":1,"playtime":1589,"current_hp_per_floor":[80,80,60,55,61,61,61,50,50,56,58,58,58,64,80,44,80,62,62,69,69,45,60,42,42,42,27,27,27,27],"items_purged":[],"gold":38,"play_id":"8175a5b5-f5cf-40a7-8369-2a589c6ebea8","is_prod":false,"is_daily":false,"is_ascension_mode":false,"campfire_upgraded":3,"path_taken":["M","?","?","M","M","R","?","M","T","?","M","?","R","M","R","BOSS","M","?","M","?","M","?","E","?","T","M","R","?","?","M"],"build_version":"2018-02-01-PROD3","purchased_purges":0,"victory":false,"master_deck":["Defend_R","Defend_R","Defend_R","Defend_R","Bash","Inflame+1","Reaper+1","Flex","Heavy Blade+1","Flex","Twin Strike","Heavy Blade","Limit Break+1","Shrug It Off","Infernal Blade","Headbutt","Inflame","Warcry","Writhe","Spot Weakness","Inflame","Heavy Blade","Flex","Thunderclap","Twin Strike","Bite","Bite","Bite","Bite","Bite","Thunderclap","J.A.X."],"max_hp_per_floor":[80,80,80,80,80,80,80,80,80,80,80,80,80,80,80,80,80,80,80,80,80,80,80,80,56,56,56,56,56,56],"relics":["Burning Blood","Red Skull","Golden Idol","Orichalcum","Pen Nib","Orrery","Kunai","Omamori","Regal Pillow","Frozen Egg 2"],"card_choices":[{"not_picked":["Shrug It Off","Twin Strike"],"picked":"Inflame"},{"not_picked":["Intimidate","True Grit"],"picked":"Reaper"},{"not_picked":["Infernal Blade","Thunderclap"],"picked":"Flex"},{"not_picked":["Evolve","Flex"],"picked":"Heavy Blade"},{"not_picked":["Iron Wave","Armaments"],"picked":"Flex"},{"not_picked":["Warcry","True Grit"],"picked":"Twin Strike"},{"not_picked":["Sword Boomerang","Armaments"],"picked":"Heavy Blade"},{"not_picked":["Reaper","Berserk"],"picked":"Limit Break"},{"not_picked":["Evolve","Flame Barrier"],"picked":"Shrug It Off"},{"not_picked":["Hemokinesis","True Grit"],"picked":"Infernal Blade"},{"not_picked":["Infernal Blade","Feel No Pain"],"picked":"Headbutt"},{"not_picked":["Shrug It Off","Pummel"],"picked":"Inflame"},{"not_picked":["Second Wind","Power Through"],"picked":"Warcry"},{"not_picked":["Combust","Impervious"],"picked":"Spot Weakness"},{"not_picked":["Reckless Charge","Wild Strike"],"picked":"Thunderclap"},{"not_picked":["Corruption","Combust"],"picked":"Twin Strike"},{"not_picked":["True Grit","Wild Strike"],"picked":"Thunderclap"}],"player_experience":62562,"potions_floor_usage":[16,18,24,27],"damage_taken":[{"damage":3,"enemies":"Small Slimes","floor":1,"turns":3},{"damage":11,"enemies":"Blue Slaver","floor":4,"turns":5},{"damage":0,"enemies":"2 Louse","floor":5,"turns":3},{"damage":28,"enemies":"Large Slime","floor":8,"turns":7},{"damage":15,"enemies":"3 Louse","floor":10,"turns":2},{"damage":4,"enemies":"Looter","floor":11,"turns":3},{"damage":0,"enemies":"2 Fungi Beasts","floor":14,"turns":2},{"damage":42,"enemies":"Hexaghost","floor":16,"turns":6},{"damage":24,"enemies":"2 Thieves","floor":18,"turns":4},{"damage":11,"enemies":"3 Byrds","floor":20,"turns":5},{"damage":52,"enemies":"Slaver and Parasite","floor":22,"turns":5},{"damage":16,"enemies":"Centurion and Healer","floor":23,"turns":5},{"damage":40,"enemies":"Book of Stabbing","floor":24,"turns":5},{"damage":35,"enemies":"Chosen and Byrds","floor":27,"turns":5},{"damage":30,"enemies":"Snake Plant","floor":31,"turns":2}],"event_choices":[{"event_name":"Upgrade Shrine","player_choice":"Upgraded","floor":2,"damage_taken":0},{"event_name":"Golden Idol","player_choice":"Take Damage","floor":3,"damage_taken":0},{"event_name":"Bonfire Elementals","player_choice":"BASIC","floor":7,"damage_taken":0},{"event_name":"The Mausoleum","player_choice":"Yes","floor":19,"damage_taken":0},{"event_name":"Vampires","player_choice":"Became a vampire","floor":25,"damage_taken":0},{"event_name":"Drug Dealer","player_choice":"Got JAXXED","floor":30,"damage_taken":0}],"boss_relics":[{"not_picked":["Cursed Key","Ectoplasm"],"picked":"Orrery"}],"potions_floor_spawned":[4,10,11,16,27],"seed_played":"6675169363654170194","killed_by":"Snake Plant","ascension_level":0,"is_trial":false}