{"gold_per_floor":[364,364,375,388,33,33,62,62,92,105,105,125,135,145,145,219,219,235,29,29,29,46,46,46,46,95,95,126,126,151,151,151,225,225,245,245,262,272,286,314,334,334,334,346,379,98,98,132,132,132,132],"floor_reached":51,"playtime":3818,"items_purged":["Doubt","Strike_G","Shame"],"score":1675,"play_id":"ea98b2c0-2bc4-48f0-bc8e-7ede28042a02","local_time":"20190302144424","is_ascension_mode":true,"campfire_choices":[{"data":"Noxious Fumes","floor":6.0,"key":"SMITH"},{"data":"Deadly Poison","floor":8.0,"key":"SMITH"},{"floor":15.0,"key":"REST"},{"data":"Wraith Form v2","floor":23.0,"key":"SMITH"},{"data":"Catalyst","floor":25.0,"key":"SMITH"},{"floor":27.0,"key":"REST"},{"data":"Well Laid Plans","floor":29.0,"key":"SMITH"},{"floor":32.0,"key":"REST"},{"floor":42.0,"key":"REST"},{"floor":47.0,"key":"REST"},{"floor":49.0,"key":"RECALL"}],"neow_cost":"CURSE","seed_source_timestamp":1214995638757414,"circlet_count":0,"master_deck":["AscendersBane","Defend_G+1","Defend_G+1","Defend_G","Defend_G","Defend_G+1","Strike_G","Strike_G","Strike_G+1","Strike_G","Survivor","Neutralize+1","Predator+1","Deadly Poison+1","Noxious Fumes+1","Well Laid Plans+1","Doppelganger","Catalyst+1","Quick Slash","Bane","Wraith Form v2+1","Blade Dance","Caltrops","Necronomicurse","PiercingWail","Clumsy","Dash+1","Catalyst","Bullet Time","Acrobatics+1","Cloak And Dagger","Noxious Fumes","Parasite","Leg Sweep","Cloak And Dagger"],"special_seed":0,"relics":["Ring of the Snake","Membership Card","War Paint","Kunai","Tiny Chest","Cursed Key","OrangePellets","Necronomicon","Ninja Scroll","Art of War","Bag of Preparation","Nunchaku","Busted Crown","Whetstone","Pocketwatch","TwistedFunnel","Strawberry","Regal Pillow"],"potions_floor_usage":[],"damage_taken":[{"damage":9.0,"enemies":"Small Slimes","floor":1.0,"turns":6.0},{"damage":0.0,"enemies":"Cultist","floor":3.0,"turns":4.0},{"damage":9.0,"enemies":"Jaw Worm","floor":4.0,"turns":5.0},{"damage":0.0,"enemies":"Lagavulin","floor":7.0,"turns":8.0},{"damage":6.0,"enemies":"Looter","floor":10.0,"turns":3.0},{"damage":3.0,"enemies":"3 Louse","floor":12.0,"turns":3.0},{"damage":8.0,"enemies":"Exordium Thugs","floor":13.0,"turns":5.0},{"damage":0.0,"enemies":"Large Slime","floor":14.0,"turns":4.0},{"damage":0.0,"enemies":"The Guardian","floor":16.0,"turns":8.0},{"damage":9.0,"enemies":"3 Byrds","floor":18.0,"turns":6.0},{"damage":2.0,"enemies":"Chosen","floor":22.0,"turns":5.0},{"damage":13.0,"enemies":"Slavers","floor":28.0,"turns":7.0},{"damage":24.0,"enemies":"Book of Stabbing","floor":30.0,"turns":4.0},{"damage":14.0,"enemies":"Collector","floor":33.0,"turns":9.0},{"damage":0.0,"enemies":"Orb Walker","floor":35.0,"turns":2.0},{"damage":0.0,"enemies":"3 Shapes","floor":37.0,"turns":3.0},{"damage":27.0,"enemies":"Writhing Mass","floor":38.0,"turns":5.0},{"damage":2.0,"enemies":"Sphere and 2 Shapes","floor":39.0,"turns":7.0},{"damage":3.0,"enemies":"Giant Head","floor":40.0,"turns":9.0},{"damage":6.0,"enemies":"Jaw Worm Horde","floor":41.0,"turns":4.0},{"damage":8.0,"enemies":"Spire Growth","floor":44.0,"turns":5.0},{"damage":22.0,"enemies":"Reptomancer","floor":45.0,"turns":7.0},{"damage":10.0,"enemies":"Giant Head","floor":48.0,"turns":7.0},{"damage":7.0,"enemies":"Time Eater","floor":50.0,"turns":8.0},{"damage":22,"enemies":"Awakened One","floor":51,"turns":7}],"seed_played":"-5314245606618562693","potions_obtained":[{"floor":3.0,"key":"Fire Potion"},{"floor":4.0,"key":"Dexterity Potion"},{"floor":12.0,"key":"GamblersBrew"},{"floor":16.0,"key":"FearPotion"},{"floor":30.0,"key":"Ancient Potion"},{"floor":37.0,"key":"SpeedPotion"},{"floor":41.0,"key":"EssenceOfSteel"},{"floor":45.0,"key":"SmokeBomb"}],"is_trial":false,"path_per_floor":["M","?","M","M","$","R","E","R","T","M","?","M","M","M","R","B",null,"M","$","?","?","M","R","T","R","T","R","E","R","E","T","R","B",null,"M","?","M","M","M","E","M","R","T","M","E","$","R","E","R","B","B"],"character_chosen":"THE_SILENT","items_purchased":["Membership Card","Well Laid Plans","War Paint","OrangePellets","Caltrops","TwistedFunnel","Strawberry","Cloak And Dagger"],"campfire_rested":5,"item_purchase_floors":[5,5,5,19,19,46,46,46],"current_hp_per_floor":[50,50,50,41,41,41,41,41,41,35,15,12,4,4,23,23,55,46,46,25,25,23,23,23,23,23,42,29,29,5,5,24,10,52,52,52,52,25,23,20,14,33,33,25,3,10,31,21,21,14,0],"gold":132,"neow_bonus":"TWO_FIFTY_GOLD","is_prod":false,"is_daily":false,"chose_seed":false,"campfire_upgraded":5,"win_rate":0,"timestamp":1551509064,"path_taken":["M","?","?","M","$","R","E","R","T","M","?","M","M","M","R","BOSS","M","$","?","?","M","R","?","R","T","R","E","R","E","?","R","BOSS","M","?","M","M","M","E","M","R","T","M","E","$","R","E","R","BOSS","BOSS"],"build_version":"2019-01-23","purchased_purges":3,"victory":false,"max_hp_per_floor":[66,66,66,66,66,66,66,66,66,66,66,66,66,66,66,66,66,66,66,66,66,66,66,66,66,66,66,66,66,66,66,66,66,66,66,66,66,66,66,66,66,66,66,66,66,73,73,73,73,73,73],"card_choices":[{"not_picked":["Tactician","Backflip"],"picked":"Predator","floor":1.0},{"not_picked":["Blur","Finisher"],"picked":"Deadly Poison","floor":3.0},{"not_picked":["Backstab","Sucker Punch"],"picked":"Noxious Fumes","floor":4.0},{"not_picked":["Prepared","Sucker Punch"],"picked":"Doppelganger","floor":7.0},{"not_picked":["Predator","Dagger Throw"],"picked":"Catalyst","floor":10.0},{"not_picked":["Sucker Punch","Prepared"],"picked":"Quick Slash","floor":12.0},{"not_picked":["Dagger Throw","Accuracy"],"picked":"Bane","floor":13.0},{"not_picked":["Dagger Spray","Flying Knee","Concentrate"],"picked":"SKIP","floor":14.0},{"not_picked":["Unload","Malaise"],"picked":"Wraith Form v2","floor":16.0},{"not_picked":["Flying Knee","Dagger Throw+1"],"picked":"Blade Dance","floor":18.0},{"not_picked":["Blur","Dagger Throw"],"picked":"PiercingWail","floor":22.0},{"not_picked":["Poisoned Stab","Riddle With Holes+1"],"picked":"Dash","floor":28.0},{"not_picked":["Noxious Fumes","Reflex"],"picked":"Catalyst","floor":30.0},{"not_picked":["Unload","Storm of Steel"],"picked":"Bullet Time","floor":33.0},{"not_picked":[],"picked":"Noxious Fumes","floor":35.0},{"not_picked":[],"picked":"Acrobatics+1","floor":37.0},{"not_picked":["Dagger Throw+1"],"picked":"SKIP","floor":38.0},{"not_picked":[],"picked":"Cloak And Dagger","floor":39.0},{"not_picked":["Distraction"],"picked":"SKIP","floor":40.0},{"not_picked":[],"picked":"Noxious Fumes","floor":41.0},{"not_picked":[],"picked":"Leg Sweep","floor":44.0},{"not_picked":["Poisoned Stab"],"picked":"SKIP","floor":45.0},{"not_picked":["Prepared+1"],"picked":"SKIP","floor":48.0}],"player_experience":583373,"relics_obtained":[{"floor":7.0,"key":"Kunai"},{"floor":9.0,"key":"Tiny Chest"},{"floor":20.0,"key":"Necronomicon"},{"floor":24.0,"key":"Ninja Scroll"},{"floor":26.0,"key":"Art of War"},{"floor":28.0,"key":"Bag of Preparation"},{"floor":30.0,"key":"Nunchaku"},{"floor":40.0,"key":"Whetstone"},{"floor":45.0,"key":"Pocketwatch"},{"floor":48.0,"key":"Regal Pillow"}],"event_choices":[{"damage_healed":0.0,"max_hp_gain":0.0,"max_hp_loss":0.0,"gold_gain":0.0,"event_name":"Upgrade Shrine","player_choice":"Upgraded","floor":2.0,"gold_loss":0.0,"damage_taken":0.0,"cards_upgraded":["Neutralize"]},{"damage_healed":0.0,"max_hp_gain":0.0,"max_hp_loss":0.0,"gold_gain":0.0,"event_name":"Shining Light","player_choice":"Entered Light","floor":11.0,"gold_loss":0.0,"damage_taken":20.0,"cards_upgraded":["Defend_G","Predator"]},{"damage_healed":0.0,"max_hp_gain":0.0,"max_hp_loss":0.0,"gold_gain":0.0,"event_name":"Cursed Tome","player_choice":"Obtained Book","floor":20.0,"gold_loss":0.0,"damage_taken":21.0},{"cards_removed":["Noxious Fumes"],"damage_healed":0.0,"max_hp_gain":0.0,"max_hp_loss":0.0,"gold_gain":0.0,"event_name":"Falling","player_choice":"Removed Power","floor":36.0,"gold_loss":0.0,"damage_taken":0.0}],"is_beta":false,"boss_relics":[{"not_picked":["Black Star","WristBlade"],"picked":"Cursed Key"},{"not_picked":["Ring of the Serpent","Eternal Feather"],"picked":"Busted Crown"}],"items_purged_floors":[5,19,46],"is_endless":false,"potions_floor_spawned":[3,4,12,13,14,16,28,30,37,38,41,45],"killed_by":"Awakened One","ascension_level":20}