{"gold_per_floor":[118,128,128,78,153,184,199,199,248,248,523,219,237,254,254,254],"floor_reached":16,"playtime":2545,"items_purged":["Defend_G"],"score":115,"play_id":"4e3176af-85fa-4738-b556-a620f3ba80f8","local_time":"20190224213828","is_ascension_mode":true,"campfire_choices":[{"floor":8,"key":"REST"},{"floor":15,"key":"REST"}],"neow_cost":"NONE","seed_source_timestamp":575848542717387,"circlet_count":0,"master_deck":["Defend_G","Defend_G","Defend_G","Defend_G+1","Strike_G","Strike_G","Strike_G","Strike_G","Survivor","Neutralize+1","Accuracy","Backflip","Calculated Gamble","Backflip","Skewer","Infinite Blades","Endless Agony","Leg Sweep"],"relics":["Ring of the Snake","Oddly Smooth Stone","Strawberry","Omamori","Anchor"],"potions_floor_usage":[14,16],"damage_taken":[{"damage":4,"enemies":"Small Slimes","floor":1,"turns":5},{"damage":0,"enemies":"2 Louse","floor":2,"turns":3},{"damage":31,"enemies":"3 Sentries","floor":6,"turns":20},{"damage":6,"enemies":"Cultist","floor":7,"turns":6},{"damage":0,"enemies":"Exordium Wildlife","floor":13,"turns":3},{"damage":0,"enemies":"3 Louse","floor":14,"turns":4},{"damage":43,"enemies":"Slime Boss","floor":16,"turns":15}],"seed_played":"6315328510853651207","potions_obtained":[{"floor":7,"key":"SkillPotion"},{"floor":13,"key":"SpeedPotion"}],"is_trial":false,"path_per_floor":["M","M","?","?","?","E","M","R","T","?","?","$","M","M","R","B"],"character_chosen":"THE_SILENT","items_purchased":["Infinite Blades","Anchor"],"campfire_rested":2,"item_purchase_floors":[12,12],"current_hp_per_floor":[66,66,48,48,37,13,7,30,30,15,15,15,15,15,38,0],"gold":254,"neow_bonus":"THREE_CARDS","is_prod":false,"is_daily":false,"chose_seed":false,"campfire_upgraded":0,"win_rate":0,"timestamp":1551040708,"path_taken":["M","M","?","?","?","E","M","R","T","?","?","$","M","M","R","BOSS"],"build_version":"2019-01-23","purchased_purges":1,"victory":false,"max_hp_per_floor":[70,70,70,70,70,77,77,77,77,77,77,77,77,77,77,77],"card_choices":[{"not_picked":["Prepared","Catalyst"],"picked":"Accuracy","floor":0},{"not_picked":["Quick Slash","Bane"],"picked":"Backflip","floor":1},{"not_picked":["Prepared","Backflip"],"picked":"Calculated Gamble","floor":2},{"not_picked":["Outmaneuver","Quick Slash"],"picked":"Backflip","floor":6},{"not_picked":["Tactician","Underhanded Strike"],"picked":"Skewer","floor":7},{"not_picked":["Flying Knee","Bane"],"picked":"Endless Agony","floor":13},{"not_picked":["Backflip","Outmaneuver"],"picked":"Leg Sweep","floor":14}],"player_experience":331546,"relics_obtained":[{"floor":6,"key":"Strawberry"},{"floor":9,"key":"Omamori"}],"event_choices":[{"damage_healed":0,"gold_gain":0,"player_choice":"Success","damage_taken":18,"relics_obtained":["Oddly Smooth Stone"],"max_hp_gain":0,"max_hp_loss":0,"event_name":"Scrap Ooze","floor":3,"gold_loss":0},{"cards_removed":["Strike_G"],"damage_healed":0,"gold_gain":0,"player_choice":"Card Removal","damage_taken":0,"max_hp_gain":0,"max_hp_loss":0,"event_name":"The Cleric","floor":4,"gold_loss":50},{"damage_healed":0,"gold_gain":75,"player_choice":"Gather Gold","damage_taken":11,"max_hp_gain":0,"max_hp_loss":0,"event_name":"World of Goop","floor":5,"gold_loss":0},{"damage_healed":0,"gold_gain":0,"player_choice":"Entered Light","damage_taken":15,"max_hp_gain":0,"max_hp_loss":0,"event_name":"Shining Light","floor":10,"gold_loss":0,"cards_upgraded":["Defend_G","Neutralize"]},{"damage_healed":0,"gold_gain":275,"player_choice":"Desecrate","damage_taken":0,"max_hp_gain":0,"max_hp_loss":0,"event_name":"Golden Shrine","floor":11,"gold_loss":0,"cards_obtained":["Regret"]}],"is_beta":false,"boss_relics":[],"items_purged_floors":[12],"is_endless":false,"potions_floor_spawned":[7,13],"killed_by":"Slime Boss","ascension_level":3}