{"gold_per_floor":[14,28,38,38,55,87,87,102,178,178,195,195,207,220,220,323,373,390,410,410,142,162,162,31,41,66,66,78,78,88,0,0,0],"floor_reached":33,"playtime":2024,"items_purged":["Strike_R"],"score":280,"play_id":"759c5c7e-d9b9-4b55-b241-829006b7b2ee","local_time":"20190103210829","is_ascension_mode":false,"campfire_choices":[{"data":"Spot Weakness","floor":7,"key":"SMITH"},{"floor":12,"key":"REST"},{"data":"Rampage","floor":15,"key":"SMITH"},{"data":"Limit Break","floor":23,"key":"SMITH"},{"data":"Limit Break","floor":29,"key":"SMITH"},{"floor":32,"key":"REST"}],"neow_cost":"NO_GOLD","seed_source_timestamp":1182105438577039,"circlet_count":0,"master_deck":["Strike_R","Strike_R","Strike_R","Defend_R","Defend_R","Defend_R+1","Defend_R","Bash","True Grit","Spot Weakness+1","Whirlwind","Impervious","Disarm","Spot Weakness","Shockwave","Spot Weakness","Rampage+1","Sword Boomerang","Shrug It Off","Flame Barrier","Limit Break+1","Flex","Rampage","Limit Break+1","Flex"],"relics":["Burning Blood","Bronze Scales","The Courier","Tiny House","PreservedInsect"],"potions_floor_usage":[16,25,27,28,30,33],"damage_taken":[{"damage":8,"enemies":"2 Louse","floor":1,"turns":2},{"damage":8,"enemies":"Cultist","floor":2,"turns":5},{"damage":0,"enemies":"Small Slimes","floor":3,"turns":5},{"damage":10,"enemies":"Exordium Wildlife","floor":5,"turns":10},{"damage":59,"enemies":"Lagavulin","floor":6,"turns":7},{"damage":19,"enemies":"Large Slime","floor":8,"turns":6},{"damage":10,"enemies":"Looter","floor":11,"turns":3},{"damage":25,"enemies":"Exordium Thugs","floor":13,"turns":4},{"damage":0,"enemies":"Lots of Slimes","floor":14,"turns":1},{"damage":13,"enemies":"Hexaghost","floor":16,"turns":8},{"damage":19,"enemies":"Chosen","floor":18,"turns":5},{"damage":28,"enemies":"2 Thieves","floor":19,"turns":3},{"damage":28,"enemies":"Colosseum Slavers","floor":20,"turns":6},{"damage":3,"enemies":"Chosen and Byrds","floor":22,"turns":6},{"damage":26,"enemies":"Sentry and Sphere","floor":25,"turns":5},{"damage":0,"enemies":"Snake Plant","floor":27,"turns":1},{"damage":22,"enemies":"Centurion and Healer","floor":28,"turns":5},{"damage":34,"enemies":"Shelled Parasite and Fungi","floor":30,"turns":5},{"damage":38,"enemies":"Collector","floor":33,"turns":6}],"seed_played":"-4145254450192835338","potions_obtained":[{"floor":1,"key":"Fire Potion"},{"floor":5,"key":"SmokeBomb"},{"floor":8,"key":"AttackPotion"},{"floor":17,"key":"Regen Potion"},{"floor":28,"key":"FearPotion"},{"floor":30,"key":"Poison Potion"}],"is_trial":false,"path_per_floor":["M","M","M","?","M","E","R","M","T","?","M","R","M","M","R","B",null,"M","M","?","$","M","R","$","M","T","M","M","R","M","?","R","B"],"character_chosen":"IRONCLAD","items_purchased":["Limit Break","Flex","Rampage","Limit Break"],"campfire_rested":2,"item_purchase_floors":[21,21,21,24],"current_hp_per_floor":[94,92,96,101,97,44,44,31,31,31,27,57,38,44,44,37,106,93,71,49,49,52,52,52,32,32,38,36,36,8,8,39,1],"gold":0,"neow_bonus":"TWENTY_PERCENT_HP_BONUS","is_prod":false,"is_daily":false,"chose_seed":false,"campfire_upgraded":4,"win_rate":0,"timestamp":1546567709,"path_taken":["M","M","M","?","M","E","R","M","T","?","M","R","?","?","R","BOSS","M","M","?","$","M","R","$","M","T","M","M","R","M","?","R","BOSS"],"build_version":"2018-12-20","purchased_purges":1,"victory":false,"max_hp_per_floor":[96,96,96,101,101,101,101,101,101,101,101,101,101,101,101,101,106,106,106,106,106,106,106,106,106,106,106,106,106,106,106,106,106],"card_choices":[{"not_picked":["Blood for Blood","Evolve","Havoc"],"picked":"SKIP","floor":1},{"not_picked":["Iron Wave","Rage"],"picked":"True Grit","floor":2},{"not_picked":["True Grit","Iron Wave"],"picked":"Spot Weakness","floor":3},{"not_picked":["Reckless Charge","Anger"],"picked":"Whirlwind","floor":5},{"not_picked":["Warcry","Anger"],"picked":"Impervious","floor":6},{"not_picked":["Sentinel","Body Slam"],"picked":"Disarm","floor":8},{"not_picked":["Clash","Second Wind"],"picked":"Shockwave","floor":11},{"not_picked":["Headbutt","Sentinel"],"picked":"Spot Weakness","floor":13},{"not_picked":["Headbutt","Disarm"],"picked":"Rampage","floor":14},{"not_picked":["Fire Breathing","Burning Pact"],"picked":"Sword Boomerang","floor":17},{"not_picked":["Havoc","Headbutt"],"picked":"Shrug It Off","floor":18},{"not_picked":["Warcry","Second Wind"],"picked":"Flame Barrier","floor":19},{"not_picked":["Clash","Ghostly Armor","Body Slam+1"],"picked":"SKIP","floor":22},{"not_picked":["Exhume","Body Slam","Entrench+1"],"picked":"SKIP","floor":25},{"not_picked":["Power Through","Carnage"],"picked":"Flex","floor":28},{"not_picked":["Searing Blow","Headbutt+1","Dropkick"],"picked":"SKIP","floor":30}],"player_experience":889702,"relics_obtained":[{"floor":6,"key":"Bronze Scales"},{"floor":9,"key":"The Courier"},{"floor":26,"key":"PreservedInsect"}],"event_choices":[{"damage_healed":0,"gold_gain":0,"player_choice":"Donut","damage_taken":0,"max_hp_gain":5,"max_hp_loss":0,"event_name":"Big Fish","floor":4,"gold_loss":0},{"damage_healed":0,"gold_gain":0,"cards_transformed":["Strike_R"],"player_choice":"Transformed","damage_taken":0,"max_hp_gain":0,"max_hp_loss":0,"event_name":"Transmorgrifier","floor":10,"gold_loss":0,"cards_obtained":["Spot Weakness"]},{"damage_healed":0,"gold_gain":0,"player_choice":"Fight","damage_taken":0,"max_hp_gain":0,"max_hp_loss":0,"event_name":"Colosseum","floor":20,"gold_loss":0},{"damage_healed":0,"gold_gain":0,"player_choice":"Fled From Nobs","damage_taken":0,"max_hp_gain":0,"max_hp_loss":0,"event_name":"Colosseum","floor":20,"gold_loss":0},{"damage_healed":0,"gold_gain":0,"player_choice":"Paid Fearfully","damage_taken":0,"max_hp_gain":0,"max_hp_loss":0,"event_name":"Masked Bandits","floor":31,"gold_loss":88}],"is_beta":false,"boss_relics":[{"not_picked":["Black Blood","Ectoplasm"],"picked":"Tiny House"}],"items_purged_floors":[21],"is_endless":false,"potions_floor_spawned":[1,5,8,13,22,27,28,30],"killed_by":"Collector","ascension_level":0}