{"gold_per_floor":[113,113,113,128,53,79,79,108,108,108,133,145,145,164,164,164],"floor_reached":16,"playtime":500,"items_purged":["Defend_R"],"score":279,"play_id":"492450b1-14b2-4217-8a5f-a83d35abb7a5","local_time":"20190303030415","is_ascension_mode":true,"campfire_choices":[{"data":"Flame Barrier","floor":7,"key":"SMITH"},{"data":"Anger","floor":10,"key":"SMITH"},{"data":"Rage","floor":13,"key":"SMITH"},{"data":"Bash","floor":15,"key":"SMITH"}],"neow_cost":"NONE","seed_source_timestamp":107149568300363,"circlet_count":0,"master_deck":["AscendersBane","Strike_R","Strike_R","Strike_R+1","Strike_R","Strike_R","Defend_R","Defend_R+1","Defend_R","Bash+1","Rage+1","Flame Barrier+1","Anger+1","Ghostly Armor","Spot Weakness"],"relics":["Burning Blood","NeowsBlessing","Calipers","Pear","Torii","The Courier"],"potions_floor_usage":[8,16,16],"damage_taken":[{"damage":0,"enemies":"Jaw Worm","floor":1,"turns":1},{"damage":0,"enemies":"Small Slimes","floor":4,"turns":1},{"damage":0,"enemies":"Lagavulin","floor":6,"turns":1},{"damage":40,"enemies":"3 Sentries","floor":8,"turns":10},{"damage":12,"enemies":"Lagavulin","floor":11,"turns":5},{"damage":0,"enemies":"Cultist","floor":12,"turns":4},{"damage":0,"enemies":"Exordium Wildlife","floor":14,"turns":3},{"damage":40,"enemies":"Slime Boss","floor":16,"turns":7}],"seed_played":"4437108191073480972","potions_obtained":[{"floor":6,"key":"Weak Potion"},{"floor":8,"key":"SpeedPotion"},{"floor":12,"key":"FearPotion"},{"floor":14,"key":"Dexterity Potion"}],"is_trial":false,"path_per_floor":["M","?","?","M","$","E","R","E","T","R","E","M","R","M","R","B"],"character_chosen":"IRONCLAD","items_purchased":[],"campfire_rested":0,"item_purchase_floors":[],"current_hp_per_floor":[74,79,55,61,61,67,67,43,43,43,37,43,43,49,49,9],"gold":164,"neow_bonus":"THREE_ENEMY_KILL","is_prod":false,"is_daily":false,"chose_seed":false,"campfire_upgraded":4,"win_rate":0,"timestamp":1551549855,"path_taken":["M","?","?","M","$","E","R","E","T","R","E","M","R","M","R","BOSS"],"build_version":"2019-01-23","purchased_purges":1,"victory":false,"max_hp_per_floor":[75,80,80,80,80,80,80,90,90,90,90,90,90,90,90,90],"card_choices":[{"not_picked":["Heavy Blade","Sever Soul","Clothesline"],"picked":"SKIP","floor":1},{"not_picked":["Body Slam","Twin Strike"],"picked":"Rage","floor":4},{"not_picked":["Armaments","Rage"],"picked":"Flame Barrier","floor":6},{"not_picked":["Shrug It Off","Clothesline"],"picked":"Anger","floor":8},{"not_picked":["Pummel","Pommel Strike","Clothesline"],"picked":"SKIP","floor":11},{"not_picked":["Perfected Strike","Pommel Strike"],"picked":"Ghostly Armor","floor":12},{"not_picked":["Infernal Blade","Heavy Blade"],"picked":"Spot Weakness","floor":14}],"player_experience":1024523,"relics_obtained":[{"floor":6,"key":"Calipers"},{"floor":8,"key":"Pear"},{"floor":9,"key":"Torii"},{"floor":11,"key":"The Courier"}],"event_choices":[{"damage_healed":0,"gold_gain":0,"player_choice":"Donut","damage_taken":0,"max_hp_gain":5,"max_hp_loss":0,"event_name":"Big Fish","floor":2,"gold_loss":0},{"damage_healed":0,"gold_gain":0,"player_choice":"Entered Light","damage_taken":24,"max_hp_gain":0,"max_hp_loss":0,"event_name":"Shining Light","floor":3,"gold_loss":0,"cards_upgraded":["Defend_R","Strike_R"]}],"is_beta":false,"boss_relics":[],"items_purged_floors":[5],"is_endless":false,"potions_floor_spawned":[6,8,12,14],"killed_by":"Slime Boss","ascension_level":19}