{"gold_per_floor":[14,14,26,39,55,55,66,98,98,98,116,131,18,18,18,95,95,105,52,52,52,70,70,70,89,89,119,44,70,70,80,80,154,154,164,164,1163,867,882,911,945,962,962,962,174,207,222,236,236,236,236,236,236,3,38,38],"floor_reached":57,"playtime":3672,"items_purged":["Dualcast","Normality","Defend_B"],"score":3274,"play_id":"b3606d37-1d01-4aec-a9e3-f8ad253098ad","local_time":"20181228113834","is_ascension_mode":true,"campfire_choices":[{"data":"Zap","floor":6,"key":"SMITH"},{"floor":10,"key":"REST"},{"floor":15,"key":"REST"},{"data":"Storm","floor":23,"key":"SMITH"},{"data":"Seek","floor":24,"key":"SMITH"},{"floor":30,"key":"REST"},{"data":"Storm","floor":32,"key":"SMITH"},{"data":"Normality","floor":44,"key":"PURGE"},{"floor":49,"key":"RECALL"},{"data":"Defend_B","floor":53,"key":"PURGE"}],"neow_cost":"NO_GOLD","seed_source_timestamp":575099161080566,"circlet_count":0,"master_deck":["AscendersBane","Defend_B","Defend_B","Zap+1","Biased Cognition","Leap","Ball Lightning","Loop","Storm+1","Hologram","Ball Lightning","Storm+1","Coolheaded","Seek+1","Conserve Battery+1","Defragment+1","Defragment","Ghostly","Ghostly","Ghostly","White Noise","Steam","Turbo","Biased Cognition","Self Repair","Seek","Heatsinks","Fission","Cold Snap","Chill","Heatsinks","Heatsinks","Heatsinks","Coolheaded"],"relics":["Cracked Core","Orichalcum","WingedGreaves","Astrolabe","Peace Pipe","Singing Bowl","Mercury Hourglass","Fusion Hammer","Art of War","Oddly Smooth Stone","The Courier","Bag of Preparation","Mummified Hand","OrangePellets","Bronze Scales","Gambling Chip"],"potions_floor_usage":[7,8,16,27,29,33,40,41,42,55,56],"damage_taken":[{"damage":14,"enemies":"Jaw Worm","floor":1,"turns":4},{"damage":1,"enemies":"Cultist","floor":3,"turns":3},{"damage":3,"enemies":"Small Slimes","floor":4,"turns":2},{"damage":9,"enemies":"3 Louse","floor":5,"turns":3},{"damage":11,"enemies":"Exordium Thugs","floor":7,"turns":4},{"damage":30,"enemies":"3 Sentries","floor":8,"turns":5},{"damage":5,"enemies":"Gremlin Gang","floor":11,"turns":4},{"damage":12,"enemies":"Large Slime","floor":12,"turns":3},{"damage":0,"enemies":"Slime Boss","floor":16,"turns":6},{"damage":5,"enemies":"Spheric Guardian","floor":18,"turns":3},{"damage":16,"enemies":"2 Thieves","floor":22,"turns":3},{"damage":0,"enemies":"Cultist and Chosen","floor":25,"turns":3},{"damage":2,"enemies":"Book of Stabbing","floor":27,"turns":4},{"damage":15,"enemies":"Slavers","floor":29,"turns":2},{"damage":0,"enemies":"Shelled Parasite and Fungi","floor":31,"turns":2},{"damage":0,"enemies":"Automaton","floor":33,"turns":5},{"damage":0,"enemies":"3 Shapes","floor":35,"turns":2},{"damage":10,"enemies":"Orb Walker","floor":39,"turns":2},{"damage":6,"enemies":"Nemesis","floor":40,"turns":5},{"damage":9,"enemies":"Reptomancer","floor":41,"turns":5},{"damage":0,"enemies":"3 Darklings","floor":42,"turns":3},{"damage":0,"enemies":"Giant Head","floor":46,"turns":4},{"damage":1,"enemies":"Writhing Mass","floor":47,"turns":4},{"damage":0,"enemies":"Transient","floor":48,"turns":6},{"damage":0,"enemies":"Time Eater","floor":50,"turns":7},{"damage":0,"enemies":"Donu and Deca","floor":51,"turns":6},{"damage":41,"enemies":"Shield and Spear","floor":55,"turns":3},{"damage":3,"enemies":"The Heart","floor":56,"turns":7}],"seed_played":"3194730403942002435","potions_obtained":[{"floor":3,"key":"Regen Potion"},{"floor":7,"key":"PowerPotion"},{"floor":12,"key":"Explosive Potion"},{"floor":22,"key":"GamblersBrew"},{"floor":29,"key":"PowerPotion"},{"floor":33,"key":"SteroidPotion"},{"floor":35,"key":"SteroidPotion"},{"floor":41,"key":"EssenceOfSteel"},{"floor":42,"key":"Weak Potion"},{"floor":47,"key":"FearPotion"}],"is_trial":false,"path_per_floor":["M","?","M","M","M","R","M","E","T","R","M","M","$","T","R","B",null,"M","$","?","?","M","R","R","M","T","E","$","E","R","M","R","B",null,"M","?","?","$","M","E","E","M","T","R","$","E","M","M","R","B","B",null,"R","$","E","B",null],"character_chosen":"DEFECT","items_purchased":["Storm","Coolheaded","PowerPotion","Heatsinks","Swift Potion","Swift Potion","Bag of Preparation","Mummified Hand","OrangePellets","Bronze Scales","Cold Snap","SpeedPotion","Heatsinks","Heatsinks","Heatsinks"],"campfire_rested":3,"item_purchase_floors":[13,13,19,38,38,38,45,45,45,45,45,54,54,54,54],"current_hp_per_floor":[50,50,49,46,37,37,38,8,8,29,24,12,12,12,33,33,62,57,57,35,35,19,19,19,19,19,17,17,4,15,15,15,29,35,37,37,37,37,36,37,37,45,45,45,45,47,49,49,49,49,49,49,49,49,15,19],"gold":38,"neow_bonus":"THREE_RARE_CARDS","is_prod":false,"is_daily":false,"chose_seed":false,"campfire_upgraded":4,"win_rate":0,"timestamp":1546025914,"path_taken":["M","?","M","M","M","R","M","E","T","R","M","?","$","?","R","BOSS","M","$","?","?","M","R","R","?","T","E","$","E","R","?","R","BOSS","M","?","?","$","M","E","E","M","T","R","$","E","M","M","R","BOSS","BOSS","R","$","E","BOSS"],"build_version":"2018-12-25","purchased_purges":3,"victory":true,"max_hp_per_floor":[71,71,71,71,71,71,71,71,71,71,71,71,71,71,71,71,71,71,71,35,35,35,35,35,35,35,35,35,37,37,37,37,37,37,39,39,39,39,41,41,43,45,45,45,45,47,49,49,49,49,49,49,49,49,49,49],"card_choices":[{"not_picked":["Amplify","Echo Form"],"picked":"Biased Cognition","floor":0},{"not_picked":["Rebound","Beam Cell"],"picked":"Leap","floor":1},{"not_picked":["Static Discharge","Coolheaded"],"picked":"Ball Lightning","floor":3},{"not_picked":["Go for the Eyes","Melter","Steam"],"picked":"SKIP","floor":4},{"not_picked":["Redo","Go for the Eyes","Turbo"],"picked":"SKIP","floor":5},{"not_picked":["Go for the Eyes","Consume"],"picked":"Loop","floor":7},{"not_picked":["Loop","Core Surge"],"picked":"Storm","floor":8},{"not_picked":["Streamline","Rip and Tear"],"picked":"Hologram","floor":11},{"not_picked":["Leap","Scrape"],"picked":"Ball Lightning","floor":12},{"not_picked":["Rainbow","Core Surge"],"picked":"Seek","floor":16},{"not_picked":["Ball Lightning","Sunder"],"picked":"Defragment","floor":18},{"not_picked":["Sweeping Beam","Darkness"],"picked":"Steam","floor":22},{"not_picked":["Ball Lightning","Hologram"],"picked":"Turbo","floor":25},{"not_picked":["Go for the Eyes","Redo"],"picked":"Biased Cognition","floor":27},{"not_picked":["Ball Lightning","Rainbow","Go for the Eyes"],"picked":"Singing Bowl","floor":29},{"not_picked":["Turbo","Darkness"],"picked":"Self Repair","floor":31},{"not_picked":["Hyperbeam","Creative AI"],"picked":"Seek","floor":33},{"not_picked":["Sunder","Coolheaded","Reprogram"],"picked":"Singing Bowl","floor":35},{"not_picked":["Conserve Battery","Hello World","Beam Cell"],"picked":"Singing Bowl","floor":39},{"not_picked":["Barrage","Steam Power"],"picked":"Fission","floor":40},{"not_picked":["All For One","Gash","Cold Snap"],"picked":"Singing Bowl","floor":41},{"not_picked":["Steam","Consume","Hello World"],"picked":"Singing Bowl","floor":42},{"not_picked":["Streamline","Turbo","Leap"],"picked":"Singing Bowl","floor":46},{"not_picked":["Barrage+1","Leap","Cold Snap"],"picked":"Singing Bowl","floor":47},{"not_picked":["Beam Cell","Stack"],"picked":"Chill","floor":48},{"not_picked":["Double Energy+1","Consume"],"picked":"Coolheaded","floor":55}],"player_experience":4089928,"relics_obtained":[{"floor":8,"key":"Orichalcum"},{"floor":14,"key":"WingedGreaves"},{"floor":26,"key":"Peace Pipe"},{"floor":27,"key":"Singing Bowl"},{"floor":29,"key":"Mercury Hourglass"},{"floor":40,"key":"Art of War"},{"floor":41,"key":"Oddly Smooth Stone"},{"floor":43,"key":"The Courier"},{"floor":55,"key":"Gambling Chip"}],"event_choices":[{"cards_removed":["Strike_B"],"damage_healed":0,"gold_gain":0,"player_choice":"Purged","damage_taken":0,"max_hp_gain":0,"max_hp_loss":0,"event_name":"Purifier","floor":2,"gold_loss":0},{"damage_healed":0,"gold_gain":0,"player_choice":"Became a Ghost","damage_taken":0,"max_hp_gain":0,"max_hp_loss":36,"event_name":"Ghosts","floor":20,"gold_loss":0,"cards_obtained":["Ghostly","Ghostly","Ghostly"]},{"damage_healed":0,"gold_gain":0,"player_choice":"Read","damage_taken":0,"max_hp_gain":0,"max_hp_loss":0,"event_name":"The Library","floor":21,"gold_loss":0,"cards_obtained":["White Noise"]},{"cards_removed":["Hyperbeam"],"damage_healed":0,"gold_gain":0,"player_choice":"Removed Attack","damage_taken":0,"max_hp_gain":0,"max_hp_loss":0,"event_name":"Falling","floor":36,"gold_loss":0},{"damage_healed":0,"gold_gain":999,"player_choice":"Gold","damage_taken":0,"max_hp_gain":0,"max_hp_loss":0,"event_name":"MindBloom","floor":37,"gold_loss":0,"cards_obtained":["Normality","Normality"]}],"is_beta":true,"boss_relics":[{"not_picked":["Ectoplasm","Coffee Dripper"],"picked":"Astrolabe"},{"not_picked":["Lizard Tail","White Beast Statue"],"picked":"Fusion Hammer"}],"items_purged_floors":[28,38,45],"is_endless":false,"potions_floor_spawned":[3,7,12,22,25,29,33,35,39,41,42,47],"ascension_level":20}