{"path_per_floor":["M","M","M","M","M","R","$","M","T","M","M","$","R","M","R","B",null,"M","$","?","M","M","R","M","M","T","R","M","M"],"character_chosen":"THE_SILENT","items_purchased":["Dream Catcher","Caltrops","Dagger Throw","Blade Dance"],"gold_per_floor":[115,126,141,152,170,170,19,36,36,51,69,69,69,85,85,187,187,198,15,15,32,43,43,61,81,81,81,101,116],"floor_reached":30,"campfire_rested":5,"playtime":2706,"current_hp_per_floor":[62,62,62,62,52,70,70,68,68,64,53,53,70,50,70,43,70,63,63,63,48,30,51,30,30,30,51,12,10],"items_purged":[],"gold":116,"play_id":"c94b4381-fbd5-4b17-bd5f-b1cfd15625fc","is_prod":false,"is_daily":false,"is_ascension_mode":false,"campfire_upgraded":0,"path_taken":["M","M","M","M","M","R","?","M","T","M","?","?","R","M","R","BOSS","M","?","?","M","M","R","M","M","T","R","M","?","M"],"build_version":"2018-02-01-PROD3","purchased_purges":0,"victory":false,"master_deck":["Defend_G","Defend_G","Defend_G","Defend_G","Strike_G","Strike_G","Survivor","Neutralize","Predator","PiercingWail","Outmaneuver","After Image","PiercingWail","Outmaneuver","Noxious Fumes","Dash","Deadly Poison","Dodge and Roll","PiercingWail","A Thousand Cuts","Heel Hook+1","Infinite Blades+1","Flying Knee+1","Prepared","Caltrops","Dagger Throw","Blade Dance","Poisoned Stab+1","PiercingWail","Choke+1","Backflip","Outmaneuver","Noxious Fumes","Adrenaline","Footwork+1"],"max_hp_per_floor":[70,70,70,70,70,70,70,70,70,70,70,70,70,70,70,70,70,70,70,70,70,70,70,70,70,70,70,70,70],"relics":["Ring of the Snake","Dream Catcher","Peace Pipe","Astrolabe","Bottled Tornado"],"card_choices":[{"not_picked":["Prepared","Slice"],"picked":"PiercingWail"},{"not_picked":["Dagger Spray","Quick Slash"],"picked":"Outmaneuver"},{"not_picked":["Deflect","Footwork"],"picked":"After Image"},{"not_picked":["Distraction","Dagger Spray"],"picked":"PiercingWail"},{"not_picked":["Skewer","Prepared"],"picked":"Outmaneuver"},{"not_picked":["Acrobatics","Bane"],"picked":"Noxious Fumes"},{"not_picked":["Riddle With Holes","Skewer"],"picked":"Dash"},{"not_picked":["Sucker Punch","Dagger Spray"],"picked":"Deadly Poison"},{"not_picked":["Dagger Throw","Backflip"],"picked":"Dodge and Roll"},{"not_picked":["Backflip","Bane"],"picked":"PiercingWail"},{"not_picked":["Phantasmal Killer","Wraith Form"],"picked":"A Thousand Cuts"},{"not_picked":["Dagger Spray","Slice"],"picked":"Prepared"},{"not_picked":["PiercingWail","Skewer"],"picked":"Poisoned Stab"},{"not_picked":["Outmaneuver","Flechettes"],"picked":"PiercingWail"},{"not_picked":["Backstab","Caltrops"],"picked":"Choke"},{"not_picked":["Bane","Malaise"],"picked":"Backflip"},{"not_picked":["Flying Knee","Quick Slash"],"picked":"Outmaneuver"},{"not_picked":["Distraction","Crippling Poison"],"picked":"Noxious Fumes"},{"not_picked":["Sucker Punch","Deadly Poison"],"picked":"Adrenaline"},{"not_picked":["All Out Attack","Acrobatics"],"picked":"Footwork"}],"player_experience":40091,"potions_floor_usage":[16,28,29],"damage_taken":[{"damage":8,"enemies":"Blue Slaver","floor":1,"turns":6},{"damage":0,"enemies":"Small Slimes","floor":2,"turns":3},{"damage":0,"enemies":"2 Louse","floor":3,"turns":3},{"damage":0,"enemies":"2 Fungi Beasts","floor":4,"turns":4},{"damage":10,"enemies":"Lots of Slimes","floor":5,"turns":8},{"damage":2,"enemies":"Looter","floor":8,"turns":4},{"damage":4,"enemies":"2 Fungi Beasts","floor":10,"turns":4},{"damage":11,"enemies":"Lots of Slimes","floor":11,"turns":4},{"damage":20,"enemies":"Gremlin Gang","floor":14,"turns":5},{"damage":39,"enemies":"Hexaghost","floor":16,"turns":11},{"damage":7,"enemies":"3 Byrds","floor":18,"turns":5},{"damage":15,"enemies":"Chosen","floor":21,"turns":7},{"damage":18,"enemies":"Centurion and Healer","floor":22,"turns":8},{"damage":21,"enemies":"Sentry and Sphere","floor":24,"turns":6},{"damage":0,"enemies":"Snake Plant","floor":25,"turns":4},{"damage":39,"enemies":"3 Cultists","floor":28,"turns":7},{"damage":2,"enemies":"Centurion and Healer","floor":29,"turns":8},{"damage":11,"enemies":"Sentry and Sphere","floor":30,"turns":2}],"event_choices":[{"event_name":"Drug Dealer","player_choice":"Ignored","floor":20,"damage_taken":0}],"boss_relics":[{"not_picked":["Sozu","Runic Dome"],"picked":"Astrolabe"}],"potions_floor_spawned":[3,10,16,21,28],"seed_played":"-7877899792179179776","killed_by":"Sentry and Sphere","ascension_level":0,"is_trial":false}