{"path_per_floor":["M","?","M","M","$","E","R","E","T","?","M","R","M","E","R","B",null,"M","M","?","M","?","R","M","E","T","E","$","T","E","M","R","B",null,"M","?","M","M","M","E","R","E","T","E","?","E","M","M","R","B"],"character_chosen":"IRONCLAD","items_purchased":[],"gold_per_floor":[99,99,99,99,24,24,24,24,24,24,24,24,9,9,9,9,9,9,9,9,9,9,9,9,9,9,9,9,9,9,9,9,9,9,9,0,0,0,0,0,0,0,0,0,0,0,0,0,0,0],"floor_reached":51,"campfire_rested":0,"playtime":6084,"current_hp_per_floor":[72,72,67,65,65,40,40,45,45,45,42,42,37,35,35,2,54,60,67,67,71,55,55,63,38,38,47,47,47,58,64,64,71,71,71,71,71,45,71,57,57,68,68,47,71,71,67,66,66,40],"items_purged":["Parasite"],"gold":0,"play_id":"bd8c947d-1524-4c2a-90ec-7ab88426b154","is_prod":false,"is_daily":false,"is_ascension_mode":true,"campfire_upgraded":4,"path_taken":["M","?","M","M","$","E","R","E","T","?","M","R","M","E","R","BOSS","M","M","?","M","?","R","?","E","T","E","?","?","E","?","R","BOSS","M","?","M","M","M","E","R","E","T","E","?","E","M","M","R","BOSS"],"build_version":"2018-02-01-PROD3","purchased_purges":1,"victory":true,"master_deck":["Strike_R","Defend_R+1","Defend_R+1","Defend_R","Defend_R","Bash+1","Spot Weakness+1","Twin Strike","Reaper+1","Headbutt","Pommel Strike+1","Shrug It Off+1","Impervious","Shrug It Off","Whirlwind+1","Rampage+1","Clothesline+1","True Grit+1","Offering","Iron Wave+1","Rampage+1","Spot Weakness+1","Shrug It Off","Shockwave+1","Metallicize+1","Flame Barrier","Battle Trance+1"],"max_hp_per_floor":[80,80,80,80,77,77,77,77,77,71,71,71,71,71,71,71,71,71,71,71,71,71,71,71,71,71,71,71,71,71,71,71,71,71,71,71,71,71,71,71,71,71,71,71,71,71,71,71,71,71],"relics":["Ectoplasm","Bronze Scales","Ancient Tea Set","War Paint","Golden Idol","Orichalcum","Velvet Choker","Enchiridion","Tiny Chest","Peace Pipe","Toolbox","Pen Nib","Dodecahedron","Question Card","Red Mask","Omamori","Whetstone","Prayer Wheel","Bag of Preparation","Magic Flower","Regal Pillow"],"card_choices":[{"not_picked":["Twin Strike","Perfected Strike"],"picked":"Spot Weakness"},{"not_picked":["Warcry","Sever Soul"],"picked":"Twin Strike"},{"not_picked":["Cleave","Flame Barrier"],"picked":"Reaper"},{"not_picked":["Shockwave","Dropkick"],"picked":"Headbutt"},{"not_picked":["Sword Boomerang","Warcry"],"picked":"Pommel Strike"},{"not_picked":["Infernal Blade","Perfected Strike"],"picked":"Shrug It Off"},{"not_picked":["Brutality","Limit Break"],"picked":"Impervious"},{"not_picked":["Cleave","Body Slam"],"picked":"Shrug It Off"},{"not_picked":["Evolve","Second Wind"],"picked":"Whirlwind"},{"not_picked":["Sentinel","Clash"],"picked":"Rampage"},{"not_picked":["True Grit","Evolve"],"picked":"Clothesline"},{"not_picked":["Blood for Blood","Pummel"],"picked":"True Grit"},{"not_picked":["Feed","Reaper"],"picked":"Offering"},{"not_picked":["Sever Soul","Armaments","Clash"],"picked":"Iron Wave"},{"not_picked":["Sword Boomerang","Second Wind","Body Slam"],"picked":"Rampage"},{"not_picked":["Disarm","Metallicize","Clash"],"picked":"Spot Weakness"},{"not_picked":["Wild Strike","Evolve","Pommel Strike"],"picked":"Shrug It Off"},{"not_picked":["Armaments","Body Slam","Bludgeon"],"picked":"Shockwave"},{"not_picked":["Bloodletting","Flex","Burning Pact"],"picked":"Metallicize"},{"not_picked":["Bludgeon","Clothesline","Pommel Strike"],"picked":"Flame Barrier"},{"not_picked":["Headbutt","Pommel Strike","Pummel"],"picked":"Battle Trance"}],"player_experience":614869,"potions_floor_usage":[8,14,27,39,40,45,46,50,50,50],"damage_taken":[{"damage":0,"enemies":"Cultist","floor":1,"turns":3},{"damage":5,"enemies":"2 Louse","floor":3,"turns":3},{"damage":2,"enemies":"Jaw Worm","floor":4,"turns":2},{"damage":25,"enemies":"Lagavulin","floor":6,"turns":7},{"damage":13,"enemies":"3 Sentries","floor":8,"turns":5},{"damage":9,"enemies":"Red Slaver","floor":11,"turns":3},{"damage":11,"enemies":"Looter","floor":13,"turns":2},{"damage":8,"enemies":"Gremlin Nob","floor":14,"turns":3},{"damage":33,"enemies":"Slime Boss","floor":16,"turns":6},{"damage":0,"enemies":"Chosen","floor":18,"turns":5},{"damage":0,"enemies":"Spheric Guardian","floor":19,"turns":3},{"damage":2,"enemies":"Snecko","floor":21,"turns":5},{"damage":16,"enemies":"Centurion and Healer","floor":24,"turns":6},{"damage":25,"enemies":"Gremlin Leader","floor":25,"turns":6},{"damage":3,"enemies":"Slavers","floor":27,"turns":2},{"damage":13,"enemies":"Gremlin Leader","floor":30,"turns":4},{"damage":0,"enemies":"Snake Plant","floor":31,"turns":4},{"damage":0,"enemies":"Automaton","floor":33,"turns":10},{"damage":4,"enemies":"3 Shapes","floor":35,"turns":6},{"damage":6,"enemies":"Orb Walker","floor":37,"turns":2},{"damage":46,"enemies":"4 Shapes","floor":38,"turns":6},{"damage":7,"enemies":"3 Darklings","floor":39,"turns":9},{"damage":18,"enemies":"Giant Head","floor":40,"turns":7},{"damage":4,"enemies":"Nemesis","floor":42,"turns":8},{"damage":37,"enemies":"Giant Head","floor":44,"turns":6},{"damage":4,"enemies":"Mysterious Sphere","floor":45,"turns":4},{"damage":0,"enemies":"Nemesis","floor":46,"turns":4},{"damage":12,"enemies":"Sphere and 2 Shapes","floor":47,"turns":6},{"damage":23,"enemies":"4 Shapes","floor":48,"turns":6},{"damage":46,"enemies":"Donu and Deca","floor":50,"turns":5}],"event_choices":[{"event_name":"Living Wall","player_choice":"Forget","floor":2,"damage_taken":0},{"event_name":"Golden Idol","player_choice":"Lose Max HP","floor":10,"damage_taken":0},{"event_name":"Vampires","player_choice":"Ignored","floor":20,"damage_taken":0},{"event_name":"Cursed Tome","player_choice":"Obtained Book","floor":22,"damage_taken":0},{"event_name":"Tomb of Lord Red Mask","player_choice":"Paid","floor":36,"damage_taken":0},{"event_name":"Mysterious Sphere","player_choice":"Fight","floor":45,"damage_taken":0}],"boss_relics":[{"not_picked":["Philosopher\u0027s Stone","Lizard Tail"],"picked":"Velvet Choker"},{"not_picked":["Runic Cube","Pandora\u0027s Box"],"picked":"Question Card"}],"potions_floor_spawned":[3,6,13,14,16,18,24,25,27,40,44,45,47],"seed_played":"7850422857923293383","ascension_level":10,"is_trial":false}