{"gold_per_floor":[216,16,16,26,26,57,73,73,73,85,97,127,139,165,177,263,275,271,283,210,222,234],"floor_reached":22,"playtime":1560,"items_purged":[],"score":300,"play_id":"01f2ed2d-bbfa-434d-9ce8-e2f33cbe201c","local_time":"20190221192800","is_ascension_mode":true,"campfire_choices":[{"floor":8,"key":"REST"},{"floor":11,"key":"REST"},{"floor":13,"key":"REST"},{"floor":15,"key":"REST"}],"neow_cost":"NONE","seed_source_timestamp":111282233916900,"circlet_count":0,"master_deck":["AscendersBane","Defend_B","Defend_B","Defend_B","Defend_B","Zap","Dualcast","Defragment","Deflect","Footwork","PiercingWail","Capacitor","Deadly Poison","Burning Pact","FTL","Thinking Ahead","Auto Shields+1","Loop+1","Hologram+1","Decay"],"relics":["Cracked Core","PrismaticShard","Darkstone Periapt","MawBank","Dream Catcher","Astrolabe","Smiling Mask"],"potions_floor_usage":[12,16,16,19],"damage_taken":[{"damage":1,"enemies":"Cultist","floor":1,"turns":3},{"damage":7,"enemies":"Jaw Worm","floor":4,"turns":3},{"damage":50,"enemies":"Lagavulin","floor":6,"turns":8},{"damage":0,"enemies":"2 Louse","floor":7,"turns":3},{"damage":3,"enemies":"Exordium Thugs","floor":12,"turns":5},{"damage":20,"enemies":"Large Slime","floor":14,"turns":7},{"damage":31,"enemies":"The Guardian","floor":16,"turns":13},{"damage":16,"enemies":"2 Thieves","floor":18,"turns":5},{"damage":41,"enemies":"Colosseum Slavers","floor":19,"turns":6},{"damage":22,"enemies":"Spheric Guardian","floor":22,"turns":3}],"seed_played":"-8498064013698193471","potions_obtained":[{"floor":7,"key":"Fire Potion"},{"floor":12,"key":"Weak Potion"},{"floor":14,"key":"Fire Potion"},{"floor":18,"key":"EssenceOfSteel"}],"is_trial":false,"path_per_floor":["M","$","?","M","?","E","M","R","T","?","R","M","R","M","R","B",null,"M","?","?","?","M"],"character_chosen":"DEFECT","items_purchased":["PrismaticShard"],"campfire_rested":4,"item_purchase_floors":[2],"current_hp_per_floor":[67,67,67,60,53,3,3,25,25,25,47,44,66,46,68,37,66,50,9,9,15,0],"gold":234,"neow_bonus":"HUNDRED_GOLD","is_prod":false,"is_daily":false,"chose_seed":false,"campfire_upgraded":0,"win_rate":0,"timestamp":1550795280,"path_taken":["M","$","?","M","?","E","M","R","T","?","R","?","R","M","R","BOSS","M","?","?","?","M"],"build_version":"2019-01-23","purchased_purges":0,"victory":false,"max_hp_per_floor":[75,75,75,75,75,75,75,75,75,75,75,75,75,75,75,75,75,75,75,75,81,81],"card_choices":[{"not_picked":["Coolheaded","Steam Power"],"picked":"Defragment","floor":1},{"not_picked":["Distraction","Beam Cell"],"picked":"Deflect","floor":4},{"not_picked":["Wild Strike","Glacier"],"picked":"Footwork","floor":6},{"not_picked":["Beam Cell","BootSequence"],"picked":"PiercingWail","floor":7},{"not_picked":["Cold Snap","Iron Wave"],"picked":"Capacitor","floor":11},{"not_picked":["Rip and Tear","Sentinel","Iron Wave"],"picked":"SKIP","floor":12},{"not_picked":["Shockwave","Sweeping Beam"],"picked":"Deadly Poison","floor":13},{"not_picked":["Madness","Accuracy"],"picked":"Burning Pact","floor":14},{"not_picked":["Conserve Battery","Stack"],"picked":"FTL","floor":15},{"not_picked":["Panache","Thunder Strike"],"picked":"Thinking Ahead","floor":16},{"not_picked":["Cloak And Dagger","Flying Knee+1","Cold Snap"],"picked":"SKIP","floor":18}],"player_experience":1287578,"relics_obtained":[{"floor":6,"key":"Darkstone Periapt"},{"floor":9,"key":"MawBank"},{"floor":10,"key":"Dream Catcher"}],"event_choices":[{"damage_healed":0,"gold_gain":0,"player_choice":"Leave","damage_taken":0,"max_hp_gain":0,"max_hp_loss":0,"event_name":"The Cleric","floor":3,"gold_loss":0},{"cards_removed":["Strike_B"],"damage_healed":0,"gold_gain":0,"player_choice":"Card Removal","damage_taken":7,"max_hp_gain":0,"max_hp_loss":0,"event_name":"Golden Wing","floor":5,"gold_loss":0},{"damage_healed":0,"gold_gain":0,"player_choice":"Relic","damage_taken":0,"max_hp_gain":0,"max_hp_loss":0,"event_name":"Wheel of Change","floor":10,"gold_loss":0},{"damage_healed":0,"gold_gain":0,"player_choice":"Fight","damage_taken":0,"max_hp_gain":0,"max_hp_loss":0,"event_name":"Colosseum","floor":19,"gold_loss":0},{"damage_healed":0,"gold_gain":0,"player_choice":"Fled From Nobs","damage_taken":0,"max_hp_gain":0,"max_hp_loss":0,"event_name":"Colosseum","floor":19,"gold_loss":0},{"damage_healed":0,"gold_gain":0,"player_choice":"Obtained Relic","damage_taken":0,"relics_obtained":["Smiling Mask"],"max_hp_gain":0,"max_hp_loss":0,"event_name":"Addict","floor":20,"gold_loss":85},{"damage_healed":0,"gold_gain":0,"player_choice":"Smashed Altar","damage_taken":0,"max_hp_gain":0,"max_hp_loss":0,"event_name":"Forgotten Altar","floor":21,"gold_loss":0,"cards_obtained":["Decay"]}],"is_beta":false,"boss_relics":[{"not_picked":["Tiny House","Fusion Hammer"],"picked":"Astrolabe"}],"items_purged_floors":[],"is_endless":false,"potions_floor_spawned":[7,12,14,18],"killed_by":"Spheric Guardian","ascension_level":13}