{"path_per_floor":["M","M","$","?","?","R","M","T","T","R","E","M","M","M","R","B",null,"M","?","M","M","?","R","M","M","T","R","E","?","?","$","R"],"character_chosen":"IRONCLAD","items_purchased":["Dark Shackles","Juzu Bracelet","Headbutt"],"gold_per_floor":[118,138,41,41,41,41,53,53,79,79,105,115,133,149,149,247,277,295,295,308,321,246,246,266,276,302,302,333,333,333,47,47],"floor_reached":33,"campfire_rested":1,"playtime":1582,"current_hp_per_floor":[80,79,79,72,72,72,76,76,76,76,55,61,67,73,73,23,85,85,69,60,65,65,65,71,43,43,43,11,11,11,11,51],"items_purged":["Decay"],"gold":47,"score":267,"play_id":"268aa0ae-8508-4c64-b08c-bcbd67f03473","local_time":"20180304093708","is_prod":false,"is_daily":false,"is_ascension_mode":false,"campfire_upgraded":5,"timestamp":1520174228,"path_taken":["M","M","?","?","?","R","M","?","T","R","E","M","?","M","R","BOSS","M","?","?","M","?","R","M","M","T","R","E","?","?","$","R","BOSS"],"build_version":"2018-03-01-PROD1","purchased_purges":2,"victory":false,"master_deck":["Strike_R+1","Strike_R+1","Strike_R+1","Strike_R+1","Defend_R+1","Defend_R+1","Bash+1","Limit Break+1","Thunderclap+1","Dark Shackles","Sword Boomerang","Cleave+1","Flex","Infernal Blade","Rampage+1","Armaments","Barricade+1","Sword Boomerang","Flex","Iron Wave+1","Flame Barrier","Body Slam","Ghostly Armor","Headbutt"],"max_hp_per_floor":[80,80,80,80,80,80,80,80,80,80,80,80,80,80,80,80,85,85,85,85,85,85,85,85,85,85,85,85,85,85,85,85],"relics":["Burning Blood","Pantograph","Pen Nib","Anchor","Tiny House","Enchiridion","Regal Pillow","Bronze Scales","Juzu Bracelet"],"card_choices":[{"not_picked":["Sword Boomerang","Infernal Blade"],"picked":"Limit Break"},{"not_picked":["Sentinel","Wild Strike"],"picked":"Thunderclap"},{"not_picked":["Burning Pact","Disarm"],"picked":"Cleave"},{"not_picked":["Cleave","Shockwave"],"picked":"Flex"},{"not_picked":["Clothesline","Corruption"],"picked":"Infernal Blade"},{"not_picked":["Hemokinesis","True Grit"],"picked":"Rampage"},{"not_picked":["Thunderclap","True Grit"],"picked":"Armaments"},{"not_picked":["Impervious","Berserk"],"picked":"Barricade"},{"not_picked":["Warcry","Evolve"],"picked":"Sword Boomerang"},{"not_picked":["Thunderclap","Hemokinesis"],"picked":"Flex"},{"not_picked":["Havoc","Searing Blow"],"picked":"Iron Wave"},{"not_picked":["Warcry","Pommel Strike"],"picked":"Flame Barrier"},{"not_picked":["Rupture","Twin Strike"],"picked":"Body Slam"},{"not_picked":["Brutality","Offering"],"picked":"Ghostly Armor"}],"player_experience":73781,"potions_floor_usage":[11,16,18,24,24,25],"damage_taken":[{"damage":6,"enemies":"Cultist","floor":1,"turns":3},{"damage":7,"enemies":"Small Slimes","floor":2,"turns":4},{"damage":2,"enemies":"2 Louse","floor":7,"turns":2},{"damage":27,"enemies":"3 Sentries","floor":11,"turns":5},{"damage":0,"enemies":"Blue Slaver","floor":12,"turns":2},{"damage":0,"enemies":"Looter","floor":13,"turns":2},{"damage":0,"enemies":"Red Slaver","floor":14,"turns":2},{"damage":63,"enemies":"Hexaghost","floor":16,"turns":8},{"damage":3,"enemies":"3 Byrds","floor":18,"turns":3},{"damage":15,"enemies":"Chosen","floor":20,"turns":4},{"damage":1,"enemies":"Snake Plant","floor":21,"turns":4},{"damage":0,"enemies":"3 Cultists","floor":24,"turns":3},{"damage":34,"enemies":"Cultist and Chosen","floor":25,"turns":7},{"damage":38,"enemies":"Slavers","floor":28,"turns":5},{"damage":85,"enemies":"Champ","floor":33,"turns":15}],"event_choices":[{"event_name":"Golden Wing","player_choice":"Card Removal","floor":4,"damage_taken":0},{"event_name":"Living Wall","player_choice":"Change","floor":5,"damage_taken":0},{"event_name":"Cursed Tome","player_choice":"Obtained Book","floor":19,"damage_taken":0},{"event_name":"Beggar","player_choice":"Gave Gold","floor":22,"damage_taken":0},{"event_name":"Back to Basics","player_choice":"Simplicity","floor":29,"damage_taken":0},{"event_name":"Forgotten Altar","player_choice":"Smashed Altar","floor":30,"damage_taken":0}],"boss_relics":[{"not_picked":["Black Blood","Mark of Pain"],"picked":"Tiny House"}],"potions_floor_spawned":[2,12,14,18,21],"seed_played":"-5397182326844359002","killed_by":"Champ","ascension_level":0,"is_trial":false}