{"gold_per_floor":[115,115,133,143,143,143,66,66,66,79,110,110,110,123,123,223,223,236,246,22,33,33],"floor_reached":22,"playtime":2419,"items_purged":["Turbo"],"score":288,"play_id":"99a1e784-d7a6-4f6e-87cf-af75d65a860e","local_time":"20190211104312","is_ascension_mode":true,"campfire_choices":[{"floor":6,"key":"REST"},{"data":"Darkness","floor":8,"key":"SMITH"},{"floor":13,"key":"REST"},{"floor":15,"key":"REST"}],"neow_cost":"NONE","seed_source_timestamp":182224537663,"circlet_count":0,"master_deck":["AscendersBane","Zap","Dualcast+1","Conserve Battery","Coolheaded","Conserve Battery","Darkness+1","Defragment","Scrape+1","Streamline","Echo Form","Multi-Cast","Consume","Fission","Tempest","Streamline","BootSequence","Coolheaded","Darkness","Sunder","Defragment","Conserve Battery"],"relics":["Snecko Eye","Bottled Lightning","Gremlin Horn","Pandora\u0027s Box"],"potions_floor_usage":[11,21],"damage_taken":[{"damage":7,"enemies":"Small Slimes","floor":1,"turns":4},{"damage":9,"enemies":"2 Louse","floor":3,"turns":3},{"damage":0,"enemies":"Cultist","floor":4,"turns":3},{"damage":5,"enemies":"Large Slime","floor":10,"turns":4},{"damage":25,"enemies":"3 Sentries","floor":11,"turns":11},{"damage":7,"enemies":"Looter","floor":14,"turns":3},{"damage":31,"enemies":"Slime Boss","floor":16,"turns":8},{"damage":20,"enemies":"Chosen","floor":18,"turns":6},{"damage":25,"enemies":"3 Byrds","floor":19,"turns":4},{"damage":17,"enemies":"Centurion and Healer","floor":21,"turns":4},{"damage":18,"enemies":"3 Cultists","floor":22,"turns":2}],"seed_played":"-7014564109194978281","potions_obtained":[{"floor":1,"key":"Explosive Potion"},{"floor":4,"key":"Fire Potion"},{"floor":16,"key":"FairyPotion"},{"floor":21,"key":"SpeedPotion"}],"is_trial":false,"path_per_floor":["M","?","M","M","?","R","$","R","T","M","E","?","R","M","R","B",null,"M","M","$","M","M"],"character_chosen":"DEFECT","items_purchased":["Defragment","Sunder","Defragment"],"campfire_rested":3,"item_purchase_floors":[7,20,20],"current_hp_per_floor":[61,46,37,37,37,59,59,59,59,54,29,29,51,44,66,35,65,45,20,20,3,0],"gold":33,"neow_bonus":"BOSS_RELIC","is_prod":false,"is_daily":false,"chose_seed":false,"campfire_upgraded":1,"win_rate":0,"timestamp":1549899792,"path_taken":["M","?","M","M","?","R","$","R","T","M","E","?","R","M","R","BOSS","M","M","$","M","M"],"build_version":"2019-01-23","purchased_purges":1,"victory":false,"max_hp_per_floor":[75,75,75,75,75,75,75,75,75,75,75,75,75,75,75,75,75,75,75,75,75,75],"card_choices":[{"not_picked":["Chaos","Chill"],"picked":"Conserve Battery","floor":1},{"not_picked":["Turbo","Compile Driver"],"picked":"Coolheaded","floor":3},{"not_picked":["Cold Snap","Leap"],"picked":"Conserve Battery","floor":4},{"not_picked":["Stack","Redo"],"picked":"Scrape","floor":10},{"not_picked":["Double Energy","Ball Lightning"],"picked":"Streamline","floor":11},{"not_picked":["Storm","BootSequence","Reprogram"],"picked":"SKIP","floor":14},{"not_picked":["Amplify","Reboot"],"picked":"Echo Form","floor":16},{"not_picked":["Cold Snap","Chaos"],"picked":"Coolheaded","floor":18},{"not_picked":["Gash","Auto Shields"],"picked":"Darkness","floor":19},{"not_picked":["Streamline","Ball Lightning+1"],"picked":"Conserve Battery","floor":21}],"player_experience":1164280,"relics_obtained":[{"floor":9,"key":"Bottled Lightning"},{"floor":11,"key":"Gremlin Horn"}],"event_choices":[{"damage_healed":0,"gold_gain":0,"player_choice":"Entered Light","damage_taken":15,"max_hp_gain":0,"max_hp_loss":0,"event_name":"Shining Light","floor":2,"gold_loss":0,"cards_upgraded":["Dualcast","Strike_B"]},{"damage_healed":0,"gold_gain":0,"cards_transformed":["Strike_B"],"player_choice":"Change","damage_taken":0,"max_hp_gain":0,"max_hp_loss":0,"event_name":"Living Wall","floor":5,"gold_loss":0,"cards_obtained":["Darkness"]},{"damage_healed":0,"gold_gain":0,"player_choice":"Forge","damage_taken":0,"max_hp_gain":0,"max_hp_loss":0,"event_name":"Accursed Blacksmith","floor":12,"gold_loss":0,"cards_upgraded":["Scrape"]}],"is_beta":false,"boss_relics":[{"not_picked":["Runic Pyramid","Cursed Key"],"picked":"Pandora\u0027s Box"}],"items_purged_floors":[20],"is_endless":false,"potions_floor_spawned":[1,4,10,16,21],"killed_by":"3 Cultists","ascension_level":11}