{"gold_per_floor":[117,135,48,62,78,78,78,128,155,176,20,20,40,54,54,175,175,188,61,75,25,25,25,44,69,69,90,90,90],"floor_reached":29,"playtime":1242,"items_purged":["Injury"],"score":269,"play_id":"472f4aa2-efd4-4e79-975a-71319693808d","local_time":"20190109020054","is_ascension_mode":false,"campfire_choices":[{"data":"Skewer","floor":7,"key":"SMITH"},{"data":"Adrenaline","floor":12,"key":"SMITH"},{"floor":15,"key":"REST"},{"data":"Outmaneuver","floor":23,"key":"SMITH"}],"neow_cost":"PERCENT_DAMAGE","seed_source_timestamp":1632437026405369,"circlet_count":0,"master_deck":["Defend_G","Defend_G","Defend_G","Defend_G","Defend_G","Strike_G","Strike_G","Strike_G","Strike_G","Strike_G","Survivor","Neutralize","Caltrops","Dodge and Roll","Cloak And Dagger","Concentrate","Skewer+1","Well Laid Plans","Footwork","Adrenaline+1","Die Die Die","Deflect","Malaise","Backflip+1","Caltrops","Outmaneuver+1","Deadly Poison","Crippling Poison","Prepared","Malaise"],"relics":["Ring of the Snake","Ice Cream","Golden Idol","Snake Skull","Smiling Mask","Shovel"],"potions_floor_usage":[16,27],"damage_taken":[{"damage":4,"enemies":"Jaw Worm","floor":1,"turns":5},{"damage":0,"enemies":"2 Louse","floor":2,"turns":4},{"damage":0,"enemies":"Cultist","floor":4,"turns":5},{"damage":5,"enemies":"2 Fungi Beasts","floor":5,"turns":3},{"damage":7,"enemies":"Looter","floor":10,"turns":2},{"damage":0,"enemies":"Exordium Wildlife","floor":13,"turns":3},{"damage":4,"enemies":"Red Slaver","floor":14,"turns":3},{"damage":0,"enemies":"Slime Boss","floor":16,"turns":5},{"damage":13,"enemies":"3 Byrds","floor":18,"turns":5},{"damage":4,"enemies":"Shell Parasite","floor":20,"turns":4},{"damage":13,"enemies":"Snecko","floor":24,"turns":6},{"damage":23,"enemies":"Snake Plant","floor":25,"turns":4},{"damage":3,"enemies":"Cultist and Chosen","floor":27,"turns":6},{"damage":11,"enemies":"3 Cultists","floor":29,"turns":3}],"seed_played":"871578468217720763","potions_obtained":[{"floor":2,"key":"AttackPotion"},{"floor":4,"key":"SpeedPotion"},{"floor":5,"key":"SkillPotion"},{"floor":18,"key":"Strength Potion"}],"is_trial":false,"path_per_floor":["M","M","$","M","M","?","R","T","T","M","$","R","M","M","R","B",null,"M","$","M","$","?","R","M","M","T","M","?","M"],"character_chosen":"THE_SILENT","items_purchased":["Cloak And Dagger","Concentrate","Adrenaline","Caltrops","Deadly Poison"],"campfire_rested":1,"item_purchase_floors":[3,3,11,19,21],"current_hp_per_floor":[45,45,45,45,40,40,40,40,40,33,33,33,33,29,50,50,70,57,57,53,53,53,53,40,17,17,14,14,3],"gold":90,"neow_bonus":"ONE_RARE_RELIC","is_prod":false,"is_daily":false,"chose_seed":false,"campfire_upgraded":3,"win_rate":0,"timestamp":1547017254,"path_taken":["M","M","$","M","M","?","R","?","T","M","$","R","M","M","R","BOSS","M","$","M","$","?","R","M","M","T","M","?","M"],"build_version":"2019-01-03v4","purchased_purges":1,"victory":false,"max_hp_per_floor":[70,70,70,70,70,70,70,70,70,70,70,70,70,70,70,70,70,70,70,70,70,70,70,70,70,70,70,70,70],"card_choices":[{"not_picked":["Poisoned Stab","Quick Slash"],"picked":"Caltrops","floor":1},{"not_picked":["Quick Slash","Calculated Gamble"],"picked":"Dodge and Roll","floor":2},{"not_picked":["Reflex","PiercingWail"],"picked":"Skewer","floor":4},{"not_picked":["Eviscerate","Underhanded Strike"],"picked":"Well Laid Plans","floor":5},{"not_picked":["Dash","Reflex"],"picked":"Footwork","floor":10},{"not_picked":["Backflip","Quick Slash"],"picked":"Die Die Die","floor":13},{"not_picked":["Bane","Underhanded Strike"],"picked":"Deflect","floor":14},{"not_picked":["Unload","Die Die Die"],"picked":"Malaise","floor":16},{"not_picked":["Acrobatics","Underhanded Strike"],"picked":"Backflip+1","floor":18},{"not_picked":["Cloak And Dagger","Dagger Spray"],"picked":"Outmaneuver","floor":20},{"not_picked":["Deflect+1","PiercingWail"],"picked":"Crippling Poison","floor":24},{"not_picked":["Burst","Riddle With Holes"],"picked":"Prepared","floor":25},{"not_picked":["Blade Dance","Slice","Bane+1"],"picked":"SKIP","floor":27}],"player_experience":910304,"relics_obtained":[{"floor":8,"key":"Snake Skull"},{"floor":9,"key":"Smiling Mask"},{"floor":26,"key":"Shovel"}],"event_choices":[{"damage_healed":0,"gold_gain":0,"player_choice":"Take Wound","damage_taken":0,"relics_obtained":["Golden Idol"],"max_hp_gain":0,"max_hp_loss":0,"event_name":"Golden Idol","floor":6,"gold_loss":0,"cards_obtained":["Injury"]},{"damage_healed":0,"gold_gain":0,"player_choice":"Ignored","damage_taken":0,"max_hp_gain":0,"max_hp_loss":0,"event_name":"Vampires","floor":22,"gold_loss":0},{"damage_healed":0,"gold_gain":0,"player_choice":"Copied","damage_taken":0,"max_hp_gain":0,"max_hp_loss":0,"event_name":"Duplicator","floor":28,"gold_loss":0,"cards_obtained":["Malaise"]}],"is_beta":false,"boss_relics":[{"not_picked":["Ectoplasm","Coffee Dripper","Runic Pyramid"]}],"items_purged_floors":[19],"is_endless":false,"potions_floor_spawned":[2,4,5,18,20,25],"killed_by":"3 Cultists","ascension_level":0}