{"gold_per_floor":[113,113,113,38,56,89,89,109,132,28,53,53,67,85,85,186,186,199,28,28,47,61,61,95,105,105,105,105],"floor_reached":28,"playtime":1232,"items_purged":["Clumsy"],"score":313,"play_id":"fca519b1-94a4-4a68-b44c-a12151818de8","local_time":"20190304000228","is_ascension_mode":true,"campfire_choices":[{"data":"Limit Break","floor":7,"key":"SMITH"},{"data":"Inflame","floor":15,"key":"SMITH"},{"floor":23,"key":"REST"}],"neow_cost":"NONE","seed_source_timestamp":184929333588072,"circlet_count":0,"master_deck":["Strike_R","Strike_R","Strike_R","Strike_R","Defend_R","Defend_R","Defend_R","Defend_R","Bash","Inflame+1","Immolate","Warcry","Limit Break+1","Spot Weakness","Pommel Strike","Second Wind","Impervious","Ghostly Armor","Shrug It Off","Burning Pact","Clothesline","Pommel Strike","Armaments+1","Enlightenment","Discovery","Warcry+1","Anger","Thunderclap+1","Flex","Good Instincts"],"relics":["Burning Blood","Anchor","Happy Flower","Omamori","Incense Burner","Orrery","Boot","Shuriken"],"potions_floor_usage":[10,16,16,21,24,25,25],"damage_taken":[{"damage":10,"enemies":"Cultist","floor":1,"turns":4},{"damage":0,"enemies":"Jaw Worm","floor":5,"turns":3},{"damage":36,"enemies":"Lagavulin","floor":6,"turns":7},{"damage":0,"enemies":"2 Louse","floor":8,"turns":2},{"damage":3,"enemies":"3 Sentries","floor":11,"turns":4},{"damage":9,"enemies":"Gremlin Gang","floor":13,"turns":4},{"damage":3,"enemies":"Red Slaver","floor":14,"turns":4},{"damage":0,"enemies":"Slime Boss","floor":16,"turns":7},{"damage":48,"enemies":"3 Byrds","floor":18,"turns":7},{"damage":11,"enemies":"2 Thieves","floor":21,"turns":5},{"damage":19,"enemies":"Centurion and Healer","floor":22,"turns":6},{"damage":39,"enemies":"Gremlin Leader","floor":24,"turns":5},{"damage":12,"enemies":"3 Cultists","floor":25,"turns":3},{"damage":16,"enemies":"Cultist and Chosen","floor":28,"turns":4}],"seed_played":"6125927591478806988","potions_obtained":[{"floor":1,"key":"Explosive Potion"},{"floor":6,"key":"Poison Potion"},{"floor":13,"key":"Swift Potion"},{"floor":22,"key":"Explosive Potion"},{"floor":24,"key":"SteroidPotion"}],"is_trial":false,"path_per_floor":["M","?","?","$","M","E","R","M","T","$","E","?","M","M","R","B",null,"M","$","?","M","M","R","E","M","T","?","M"],"character_chosen":"IRONCLAD","items_purchased":["Fruit Juice","Enlightenment","Regen Potion"],"campfire_rested":1,"item_purchase_floors":[10,19,19],"current_hp_per_floor":[76,73,73,73,79,49,49,55,55,60,63,63,60,63,63,69,85,43,43,27,36,23,48,15,9,9,9,0],"gold":105,"neow_bonus":"RANDOM_COMMON_RELIC","is_prod":false,"is_daily":false,"chose_seed":false,"campfire_upgraded":2,"win_rate":0,"timestamp":1551628948,"path_taken":["M","?","?","$","?","E","R","M","T","$","E","?","M","?","R","BOSS","M","$","?","?","M","R","E","M","T","?","M"],"build_version":"2019-01-23","purchased_purges":1,"victory":false,"max_hp_per_floor":[80,80,80,80,80,80,80,80,80,85,85,85,85,85,85,85,85,85,85,85,85,85,85,85,85,85,85,85],"card_choices":[{"not_picked":["Pummel","Anger"],"picked":"Inflame","floor":1},{"not_picked":["Cleave","Pummel"],"picked":"Warcry","floor":5},{"not_picked":["Clothesline","Whirlwind"],"picked":"Limit Break","floor":6},{"not_picked":["Evolve","Second Wind"],"picked":"Spot Weakness","floor":8},{"not_picked":["Rupture","Armaments"],"picked":"Pommel Strike","floor":11},{"not_picked":["Blood for Blood","Clash"],"picked":"Second Wind","floor":13},{"not_picked":["Wild Strike","Perfected Strike","Exhume"],"picked":"SKIP","floor":14},{"not_picked":["Fiend Fire","Dark Embrace"],"picked":"Impervious","floor":16},{"not_picked":["Wild Strike","Armaments"],"picked":"Ghostly Armor","floor":17},{"not_picked":["Cleave","Sever Soul"],"picked":"Shrug It Off","floor":17},{"not_picked":["Pommel Strike","Havoc"],"picked":"Burning Pact","floor":17},{"not_picked":["Combust","Cleave"],"picked":"Clothesline","floor":17},{"not_picked":["Searing Blow","Havoc"],"picked":"Pommel Strike","floor":17},{"not_picked":["Exhume","True Grit"],"picked":"Armaments+1","floor":18},{"not_picked":["Clash","Perfected Strike"],"picked":"Warcry+1","floor":21},{"not_picked":["Body Slam","Twin Strike+1"],"picked":"Anger","floor":22},{"not_picked":["Pommel Strike","Brutality"],"picked":"Thunderclap+1","floor":24},{"not_picked":["Clash","Havoc"],"picked":"Flex","floor":25}],"player_experience":320438,"relics_obtained":[{"floor":6,"key":"Omamori"},{"floor":11,"key":"Incense Burner"},{"floor":24,"key":"Boot"},{"floor":26,"key":"Shuriken"}],"event_choices":[{"damage_healed":0,"gold_gain":0,"player_choice":"Success","damage_taken":3,"relics_obtained":["Happy Flower"],"max_hp_gain":0,"max_hp_loss":0,"event_name":"Scrap Ooze","floor":2,"gold_loss":0},{"damage_healed":0,"gold_gain":0,"player_choice":"2 cards matched","damage_taken":0,"max_hp_gain":0,"max_hp_loss":0,"event_name":"Match and Keep!","floor":3,"gold_loss":0,"cards_obtained":["Clumsy","Immolate"]},{"cards_removed":["Strike_R"],"damage_healed":0,"gold_gain":0,"player_choice":"Purged","damage_taken":0,"max_hp_gain":0,"max_hp_loss":0,"event_name":"Purifier","floor":12,"gold_loss":0},{"damage_healed":0,"gold_gain":0,"player_choice":"CARD ","damage_taken":16,"max_hp_gain":0,"max_hp_loss":0,"event_name":"Knowing Skull","floor":20,"potions_obtained":[],"gold_loss":0,"cards_obtained":["Discovery"]},{"damage_healed":0,"gold_gain":0,"player_choice":"1 cards matched","damage_taken":0,"max_hp_gain":0,"max_hp_loss":0,"event_name":"Match and Keep!","floor":27,"gold_loss":0,"cards_obtained":["Good Instincts"]}],"is_beta":false,"boss_relics":[{"not_picked":["White Beast Statue","Snecko Eye"],"picked":"Orrery"}],"items_purged_floors":[4],"is_endless":false,"potions_floor_spawned":[1,6,13,22,24],"killed_by":"Cultist and Chosen","ascension_level":1}