{"gold_per_floor":[118,136,146,156,172,206,206,206,206,233,247,279,298,324,324,324],"floor_reached":16,"playtime":1400,"items_purged":[],"score":147,"play_id":"be4c778c-13c9-4dc0-957c-2a6e806438a9","local_time":"20190202151739","is_ascension_mode":true,"campfire_choices":[{"data":"Armaments","floor":8,"key":"SMITH"},{"data":"True Grit","floor":15,"key":"SMITH"}],"neow_cost":"PERCENT_DAMAGE","seed_source_timestamp":1136776711129021,"circlet_count":0,"master_deck":["Strike_R","Strike_R","Strike_R","Defend_R","Defend_R","Defend_R","Defend_R","Bash","Ghostly Armor","Anger","Rage","Armaments+1","Sword Boomerang","True Grit+1","Headbutt","Clothesline","Regret","Whirlwind+1","Pommel Strike+1","True Grit","Feed+1"],"relics":["Burning Blood","Mummified Hand","Happy Flower","Juzu Bracelet","Molten Egg 2","Orichalcum","Bottled Lightning"],"potions_floor_usage":[6,12,16,16],"damage_taken":[{"damage":0,"enemies":"2 Louse","floor":1,"turns":4},{"damage":0,"enemies":"Small Slimes","floor":2,"turns":4},{"damage":1,"enemies":"Cultist","floor":3,"turns":3},{"damage":2,"enemies":"3 Louse","floor":4,"turns":4},{"damage":0,"enemies":"2 Fungi Beasts","floor":5,"turns":4},{"damage":22,"enemies":"Lagavulin","floor":6,"turns":7},{"damage":29,"enemies":"Gremlin Nob","floor":10,"turns":6},{"damage":1,"enemies":"Looter","floor":11,"turns":3},{"damage":13,"enemies":"3 Sentries","floor":12,"turns":4},{"damage":3,"enemies":"Red Slaver","floor":13,"turns":3},{"damage":15,"enemies":"Gremlin Nob","floor":14,"turns":5},{"damage":49,"enemies":"Slime Boss","floor":16,"turns":8}],"seed_played":"-5170114172155812241","potions_obtained":[{"floor":1,"key":"Regen Potion"},{"floor":3,"key":"Block Potion"},{"floor":4,"key":"Swift Potion"},{"floor":5,"key":"Block Potion"},{"floor":11,"key":"Regen Potion"}],"is_trial":false,"path_per_floor":["M","M","M","M","M","E","?","R","T","E","M","E","M","E","R","B"],"character_chosen":"IRONCLAD","items_purchased":[],"campfire_rested":0,"item_purchase_floors":[],"current_hp_per_floor":[62,68,73,77,80,64,64,64,64,41,46,51,54,45,45,0],"gold":324,"neow_bonus":"TRANSFORM_TWO_CARDS","is_prod":false,"is_daily":false,"chose_seed":false,"campfire_upgraded":2,"win_rate":0,"timestamp":1549120659,"path_taken":["M","M","M","M","M","E","?","R","T","E","M","E","M","E","R","BOSS"],"build_version":"2019-01-23","purchased_purges":0,"victory":false,"max_hp_per_floor":[80,80,80,80,80,80,80,80,80,80,80,80,80,80,80,84],"card_choices":[{"not_picked":["Dropkick","Rupture"],"picked":"Rage","floor":1},{"not_picked":["Flex","Infernal Blade"],"picked":"Armaments","floor":2},{"not_picked":["Clash","Entrench"],"picked":"Sword Boomerang","floor":3},{"not_picked":["Shrug It Off","Thunderclap"],"picked":"True Grit","floor":4},{"not_picked":["Perfected Strike","Corruption"],"picked":"Headbutt","floor":5},{"not_picked":["Double Tap","Hemokinesis"],"picked":"Clothesline","floor":6},{"not_picked":["Feel No Pain","Immolate"],"picked":"Whirlwind","floor":10},{"not_picked":["Wild Strike+1","Body Slam+1"],"picked":"Pommel Strike+1","floor":11},{"not_picked":["Dual Wield","Flex","Perfected Strike+1"],"picked":"SKIP","floor":12},{"not_picked":["Whirlwind+1","Reckless Charge+1"],"picked":"True Grit","floor":13},{"not_picked":["Whirlwind+1","Sword Boomerang+1"],"picked":"Feed+1","floor":14}],"player_experience":427931,"relics_obtained":[{"floor":6,"key":"Mummified Hand"},{"floor":9,"key":"Juzu Bracelet"},{"floor":10,"key":"Molten Egg 2"},{"floor":12,"key":"Orichalcum"},{"floor":14,"key":"Bottled Lightning"}],"event_choices":[{"damage_healed":0,"gold_gain":0,"player_choice":"Box","damage_taken":0,"relics_obtained":["Happy Flower"],"max_hp_gain":0,"max_hp_loss":0,"event_name":"Big Fish","floor":7,"gold_loss":0,"cards_obtained":["Regret"]}],"is_beta":false,"boss_relics":[],"items_purged_floors":[],"is_endless":false,"potions_floor_spawned":[1,3,4,5,11],"killed_by":"Slime Boss","ascension_level":2}