{"gold_per_floor":[109,109,109,123,141,170,182,211,211,245,257,326,513,7,7,107,107,126,158,178,178,30,30,55,65,65,79,89,117,67,93,93,197,197,210,210,227,18,1017,1017,1049,1049,1073,1073,1086,1100,1154,1376,1376,1376],"floor_reached":51,"playtime":4012,"items_purged":[],"score":1116,"play_id":"cc7b1f0c-3762-4f45-a215-8ed2abd97053","local_time":"20181209001010","is_ascension_mode":true,"campfire_choices":[{"data":"Choke","floor":11,"key":"SMITH"},{"data":"Apotheosis","floor":15,"key":"SMITH"},{"data":"Venomology","floor":23,"key":"SMITH"},{"data":"Infinite Blades","floor":32,"key":"SMITH"},{"data":"Envenom","floor":40,"key":"SMITH"},{"data":"Enlightenment","floor":44,"key":"SMITH"},{"data":"Panache","floor":49,"key":"SMITH"}],"neow_cost":"NONE","seed_source_timestamp":1300089231127488,"circlet_count":0,"master_deck":["Defend_G","Defend_G","Defend_G","Defend_G","Defend_G","Strike_G","Strike_G","Strike_G","Strike_G","Strike_G","Survivor","Neutralize+1","Expertise","Acrobatics","Poisoned Stab+1","Venomology+1","Choke+1","Bouncing Flask","Apotheosis+1","Well Laid Plans","Dash","Storm of Steel","Caltrops","Escape Plan","J.A.X.","Catalyst","Dash+1","Infinite Blades+1","Envenom+1","Bouncing Flask","Decay","Normality","Normality","Bandage Up","Panache+1","Enlightenment+1","Parasite","Footwork+1","Crippling Poison","Accuracy+1"],"relics":["Coffee Dripper","Lantern","Omamori","Centennial Puzzle","Sundial","MawBank","Singing Bowl","Toolbox","Cursed Key","Red Mask","Bronze Scales","Ornamental Fan","Paper Crane","Mango","Pear","Lizard Tail","Ninja Scroll","Lee\u0027s Waffle","Whetstone","Juzu Bracelet","Incense Burner"],"potions_floor_usage":[6,8,8,10,10,12,12,12,19,19,19,24,25,27,31,33,33,33,33,37,41,45,46,47,50,50,50],"damage_taken":[{"damage":9,"enemies":"Small Slimes","floor":1,"turns":5},{"damage":0,"enemies":"Jaw Worm","floor":4,"turns":4},{"damage":0,"enemies":"2 Louse","floor":5,"turns":2},{"damage":4,"enemies":"3 Sentries","floor":6,"turns":8},{"damage":1,"enemies":"Red Slaver","floor":7,"turns":4},{"damage":7,"enemies":"Lagavulin","floor":8,"turns":7},{"damage":29,"enemies":"3 Sentries","floor":10,"turns":10},{"damage":8,"enemies":"3 Sentries","floor":12,"turns":6},{"damage":0,"enemies":"Slime Boss","floor":16,"turns":5},{"damage":2,"enemies":"3 Byrds","floor":18,"turns":4},{"damage":14,"enemies":"Masked Bandits","floor":19,"turns":4},{"damage":9,"enemies":"2 Thieves","floor":20,"turns":3},{"damage":29,"enemies":"Book of Stabbing","floor":24,"turns":4},{"damage":3,"enemies":"Cultist and Chosen","floor":25,"turns":3},{"damage":0,"enemies":"Centurion and Healer","floor":27,"turns":2},{"damage":0,"enemies":"Snake Plant","floor":28,"turns":3},{"damage":14,"enemies":"Slavers","floor":29,"turns":4},{"damage":6,"enemies":"Book of Stabbing","floor":31,"turns":3},{"damage":6,"enemies":"Automaton","floor":33,"turns":4},{"damage":11,"enemies":"3 Shapes","floor":35,"turns":3},{"damage":26,"enemies":"3 Darklings","floor":37,"turns":4},{"damage":16,"enemies":"Nemesis","floor":41,"turns":5},{"damage":5,"enemies":"Transient","floor":45,"turns":5},{"damage":14,"enemies":"Sphere and 2 Shapes","floor":46,"turns":4},{"damage":63,"enemies":"2 Orb Walkers","floor":47,"turns":4},{"damage":77,"enemies":"Time Eater","floor":50,"turns":10}],"seed_played":"1438279289400776580","potions_obtained":[{"floor":1,"key":"Explosive Potion"},{"floor":5,"key":"Swift Potion"},{"floor":7,"key":"EssenceOfSteel"},{"floor":10,"key":"EssenceOfSteel"},{"floor":16,"key":"SmokeBomb"},{"floor":18,"key":"SteroidPotion"},{"floor":24,"key":"Weak Potion"},{"floor":25,"key":"Fire Potion"},{"floor":29,"key":"GamblersBrew"},{"floor":37,"key":"AttackPotion"},{"floor":45,"key":"Explosive Potion"},{"floor":47,"key":"Dexterity Potion"}],"is_trial":false,"path_per_floor":["M","?","T","M","M","E","M","E","T","E","R","?","?","$","R","B",null,"M","?","M","?","$","R","E","M","T","M","M","E","?","E","R","B",null,"M","T","M","$","?","R","E","?","T","R","M","M","?","?","R","B",null],"character_chosen":"THE_SILENT","items_purchased":["Apotheosis","Toolbox","Well Laid Plans","Dash","Bronze Scales","Lee\u0027s Waffle"],"campfire_rested":0,"item_purchase_floors":[14,14,14,14,22,38],"current_hp_per_floor":[61,61,61,61,61,57,56,49,49,20,20,14,14,14,14,14,72,70,56,49,49,49,49,22,19,19,19,19,21,21,27,27,21,104,93,93,69,113,113,113,99,89,89,89,88,74,17,17,17,1],"gold":1376,"neow_bonus":"BOSS_RELIC","is_prod":false,"is_daily":false,"chose_seed":false,"campfire_upgraded":7,"win_rate":0,"timestamp":1544332210,"path_taken":["M","?","?","M","M","E","M","E","T","E","R","?","?","$","R","BOSS","M","?","M","?","$","R","E","M","T","M","M","E","?","E","R","BOSS","M","?","M","$","?","R","E","?","T","R","M","M","?","?","R","BOSS"],"build_version":"2018-12-06","purchased_purges":0,"victory":true,"max_hp_per_floor":[70,70,70,70,70,70,70,70,70,70,70,72,72,72,72,72,72,72,72,74,74,74,74,76,76,76,76,76,92,92,104,104,104,104,104,104,106,113,113,113,115,115,115,115,115,115,115,115,115,115],"card_choices":[{"not_picked":["PiercingWail","Bane"],"picked":"Expertise","floor":1},{"not_picked":["Blade Dance","Prepared"],"picked":"Acrobatics","floor":4},{"not_picked":["Blade Dance","Acrobatics"],"picked":"Poisoned Stab","floor":5},{"not_picked":["Skewer","Sucker Punch"],"picked":"Venomology","floor":6},{"not_picked":["Bane","Heel Hook","Blade Dance"],"picked":"SKIP","floor":7},{"not_picked":["Finisher","Quick Slash"],"picked":"Choke","floor":8},{"not_picked":["Prepared","Blade Dance"],"picked":"Bouncing Flask","floor":10},{"not_picked":["PiercingWail","Sucker Punch","Cloak And Dagger"],"picked":"Singing Bowl","floor":12},{"not_picked":["Night Terror","Die Die Die"],"picked":"Storm of Steel","floor":16},{"not_picked":["Blade Dance","Leg Sweep"],"picked":"Caltrops","floor":18},{"not_picked":["Riddle With Holes","Acrobatics"],"picked":"Escape Plan","floor":19},{"not_picked":["Setup+1","Sucker Punch","Finisher+1"],"picked":"Singing Bowl","floor":20},{"not_picked":["Poisoned Stab","Tactician","PiercingWail"],"picked":"Singing Bowl","floor":24},{"not_picked":["Leg Sweep+1","All Out Attack"],"picked":"Catalyst","floor":25},{"not_picked":["Prepared+1","Well Laid Plans"],"picked":"Dash","floor":27},{"not_picked":["Slice","PiercingWail"],"picked":"Infinite Blades","floor":28},{"not_picked":["Backflip","Masterful Stab","Prepared+1"],"picked":"Singing Bowl","floor":29},{"not_picked":["Reflex","Terror","Quick Slash+1"],"picked":"Singing Bowl","floor":31},{"not_picked":["Corpse Explosion","Unload"],"picked":"Envenom","floor":33},{"not_picked":["Flying Knee","Eviscerate+1"],"picked":"Bouncing Flask","floor":35},{"not_picked":["All Out Attack+1","Blade Dance","Bane"],"picked":"Singing Bowl","floor":37},{"not_picked":["Riddle With Holes","Concentrate+1","Well Laid Plans+1"],"picked":"Singing Bowl","floor":41},{"not_picked":["Madness","Sadistic Nature"],"picked":"Bandage Up","floor":42},{"not_picked":["Dark Shackles","Magnetism"],"picked":"Panache","floor":42},{"not_picked":["Finesse","Swift Strike"],"picked":"Enlightenment","floor":42},{"not_picked":["Deadly Poison","Escape Plan"],"picked":"Footwork+1","floor":45},{"not_picked":["Underhanded Strike","Escape Plan"],"picked":"Crippling Poison","floor":46},{"not_picked":["All Out Attack","Poisoned Stab"],"picked":"Accuracy+1","floor":47}],"player_experience":265255,"relics_obtained":[{"floor":3,"key":"Lantern"},{"floor":6,"key":"Omamori"},{"floor":8,"key":"Centennial Puzzle"},{"floor":9,"key":"Sundial"},{"floor":10,"key":"MawBank"},{"floor":19,"key":"Red Mask"},{"floor":24,"key":"Ornamental Fan"},{"floor":26,"key":"Paper Crane"},{"floor":29,"key":"Mango"},{"floor":31,"key":"Pear"},{"floor":36,"key":"Ninja Scroll"},{"floor":41,"key":"Whetstone"},{"floor":43,"key":"Juzu Bracelet"},{"floor":47,"key":"Incense Burner"}],"event_choices":[{"damage_healed":0,"gold_gain":0,"player_choice":"Grow","damage_taken":0,"max_hp_gain":0,"max_hp_loss":0,"event_name":"Living Wall","floor":2,"gold_loss":0,"cards_upgraded":["Neutralize"]},{"damage_healed":0,"gold_gain":0,"player_choice":"Searched \u00273\u0027 times","damage_taken":0,"relics_obtained":["Singing Bowl"],"max_hp_gain":0,"max_hp_loss":0,"event_name":"Dead Adventurer","floor":12,"gold_loss":0},{"damage_healed":0,"gold_gain":175,"player_choice":"AGREE","damage_taken":0,"max_hp_gain":0,"max_hp_loss":0,"event_name":"Liars Game","floor":13,"gold_loss":0,"cards_obtained":["Doubt"]},{"damage_healed":0,"gold_gain":0,"player_choice":"Fought Bandits","damage_taken":0,"max_hp_gain":0,"max_hp_loss":0,"event_name":"Masked Bandits","floor":19,"gold_loss":0},{"damage_healed":0,"gold_gain":0,"player_choice":"Obtain J.A.X.","damage_taken":0,"max_hp_gain":0,"max_hp_loss":0,"event_name":"Drug Dealer","floor":21,"gold_loss":0,"cards_obtained":["J.A.X."]},{"damage_healed":0,"gold_gain":0,"player_choice":"Bet on Murderer","damage_taken":0,"max_hp_gain":0,"max_hp_loss":0,"event_name":"The Joust","floor":30,"gold_loss":50},{"damage_healed":0,"gold_gain":999,"player_choice":"Gold","damage_taken":0,"max_hp_gain":0,"max_hp_loss":0,"event_name":"MindBloom","floor":39,"gold_loss":0,"cards_obtained":["Normality","Normality"]},{"damage_healed":0,"gold_gain":0,"player_choice":"Memory 3","damage_taken":10,"max_hp_gain":0,"max_hp_loss":0,"event_name":"SensoryStone","floor":42,"gold_loss":0},{"damage_healed":0,"gold_gain":0,"player_choice":"Fight","damage_taken":0,"max_hp_gain":0,"max_hp_loss":0,"event_name":"Mysterious Sphere","floor":47,"gold_loss":0},{"damage_healed":0,"gold_gain":222,"player_choice":"Wore Mask","damage_taken":0,"max_hp_gain":0,"max_hp_loss":0,"event_name":"Tomb of Lord Red Mask","floor":48,"gold_loss":0}],"is_beta":false,"boss_relics":[{"not_picked":["Fusion Hammer","Ectoplasm"],"picked":"Cursed Key"},{"not_picked":["Orrery","Eternal Feather"],"picked":"Lizard Tail"}],"items_purged_floors":[],"is_endless":false,"potions_floor_spawned":[1,5,7,10,16,18,24,25,29,37,45,47],"ascension_level":4}