{"gold_per_floor":[111,123,5,5,24,38,51,51,51,51,101,33,46,60,60,183,183,197,6,6,6,29,29,43,43,43,43,62,95,95,116,116,241,241,254,254,97,112,41,41,65,65,112,125,125,125,125,139,139,139],"floor_reached":51,"playtime":2925,"items_purged":["Bane"],"score":664,"play_id":"6761c2e0-1f31-4e6c-917d-322b671d4626","local_time":"20190115003550","is_ascension_mode":false,"campfire_choices":[{"data":"Accuracy","floor":8,"key":"SMITH"},{"data":"Cloak And Dagger","floor":15,"key":"SMITH"},{"data":"Wraith Form v2","floor":23,"key":"SMITH"},{"data":"Infinite Blades","floor":30,"key":"SMITH"},{"floor":32,"key":"REST"},{"data":"Cloak And Dagger","floor":40,"key":"SMITH"},{"data":"Footwork","floor":42,"key":"SMITH"},{"data":"Cloak And Dagger","floor":46,"key":"SMITH"},{"floor":49,"key":"REST"}],"neow_cost":"NONE","seed_source_timestamp":0,"circlet_count":0,"master_deck":["Survivor","Neutralize","Acrobatics","Cloak And Dagger+1","Slice","Dash","Dagger Spray","Quick Slash","Accuracy+1","Accuracy","Malaise","Setup","Bouncing Flask","Wraith Form v2+1","Infinite Blades+1","Endless Agony","Setup","Dash+1","Cloak And Dagger","Footwork+1","Finesse","Cloak And Dagger+1","Blade Dance+1","Backstab+1","Accuracy","Wraith Form v2","Backflip","Cloak And Dagger+1","Noxious Fumes","Accuracy","Parasite","Cloak And Dagger","Thinking Ahead"],"special_seed":0,"relics":["Ring of the Snake","Boot","Golden Idol","Centennial Puzzle","Pandora\u0027s Box","Nloth\u0027s Gift","MutagenicStrength","Pen Nib","Ninja Scroll","Red Mask","Empty Cage","Juzu Bracelet"],"potions_floor_usage":[22,33,50,50,50],"damage_taken":[{"damage":0.0,"enemies":"Jaw Worm","floor":1.0,"turns":4.0},{"damage":0.0,"enemies":"Cultist","floor":2.0,"turns":4.0},{"damage":0.0,"enemies":"Small Slimes","floor":5.0,"turns":3.0},{"damage":6,"enemies":"Exordium Wildlife","floor":6,"turns":5},{"damage":2,"enemies":"Exordium Thugs","floor":7,"turns":5},{"damage":0,"enemies":"Blue Slaver","floor":13,"turns":4},{"damage":4,"enemies":"Looter","floor":14,"turns":2},{"damage":20,"enemies":"The Guardian","floor":16,"turns":14},{"damage":2,"enemies":"Chosen","floor":18,"turns":5},{"damage":12,"enemies":"Spheric Guardian","floor":22,"turns":4},{"damage":23,"enemies":"Centurion and Healer","floor":24,"turns":7},{"damage":9,"enemies":"Snake Plant","floor":28,"turns":3},{"damage":0,"enemies":"Masked Bandits","floor":29,"turns":2},{"damage":0,"enemies":"Cultist and Chosen","floor":31,"turns":4},{"damage":5,"enemies":"Automaton","floor":33,"turns":7},{"damage":20,"enemies":"3 Darklings","floor":35,"turns":4},{"damage":3,"enemies":"Orb Walker","floor":38,"turns":3},{"damage":8,"enemies":"Writhing Mass","floor":41,"turns":5},{"damage":1,"enemies":"Maw","floor":44,"turns":7},{"damage":33,"enemies":"Spire Growth","floor":48,"turns":4},{"damage":27,"enemies":"Awakened One","floor":50,"turns":11}],"seed_played":"4078057292733572516","potions_obtained":[{"floor":2.0,"key":"GhostInAJar"},{"floor":14,"key":"Energy Potion"},{"floor":16,"key":"SkillPotion"},{"floor":24,"key":"Poison Potion"},{"floor":29,"key":"PowerPotion"},{"floor":33,"key":"Energy Potion"},{"floor":38,"key":"Strength Potion"}],"is_trial":false,"path_per_floor":["M","M","$","?","M","M","M","R","T","?","T","$","M","M","R","B",null,"M","$","?","$","M","R","M","?","T","T","M","?","R","M","R","B",null,"M","?","$","M","$","R","M","R","T","M","?","R","?","M","R","B",null],"character_chosen":"THE_SILENT","items_purchased":["Slice","Dash","Accuracy","Cloak And Dagger","Footwork","Finesse","Cloak And Dagger","Noxious Fumes","Accuracy"],"campfire_rested":2,"item_purchase_floors":[3,3,12,19,19,19,37,37,39],"current_hp_per_floor":[70,70,70,70,70,64,62,62,72,52,52,52,52,48,48,28,80,78,78,78,78,66,66,43,43,43,43,34,34,34,34,58,53,80,60,60,60,57,57,57,49,49,49,48,48,48,48,15,39,12],"gold":139,"neow_bonus":"RANDOM_COMMON_RELIC","is_prod":false,"is_daily":false,"chose_seed":false,"campfire_upgraded":7,"win_rate":0,"timestamp":1547530550,"path_taken":["M","M","$","?","?","M","M","R","T","?","?","$","M","M","R","BOSS","M","$","?","?","M","R","M","?","T","?","?","?","R","M","R","BOSS","M","?","$","M","$","R","M","R","T","M","?","R","?","M","R","BOSS"],"build_version":"2019-01-10","purchased_purges":1,"victory":true,"max_hp_per_floor":[70,70,70,70,70,70,70,70,80,80,80,80,80,80,80,80,80,80,80,80,80,80,80,80,80,80,80,80,80,80,80,80,80,80,80,80,80,80,80,80,80,80,80,80,80,80,80,80,80,80],"card_choices":[{"not_picked":["Prepared","Poisoned Stab"],"picked":"Acrobatics","floor":1.0},{"not_picked":["Slice","Prepared"],"picked":"Cloak And Dagger","floor":2.0},{"not_picked":["Sucker Punch","Heel Hook"],"picked":"Dagger Spray","floor":5},{"not_picked":["Predator","Poisoned Stab"],"picked":"Quick Slash","floor":6},{"not_picked":["PiercingWail","Tactician"],"picked":"Accuracy","floor":7},{"not_picked":["Flying Knee","Malaise"],"picked":"Accuracy","floor":13},{"not_picked":["Deflect","Reflex","Dagger Throw"],"picked":"SKIP","floor":14},{"not_picked":["Burst","Doppelganger"],"picked":"Malaise","floor":16},{"not_picked":["PiercingWail","Bane"],"picked":"Dash+1","floor":18},{"not_picked":["Outmaneuver","All Out Attack"],"picked":"Cloak And Dagger","floor":22},{"not_picked":["Acrobatics","PiercingWail+1"],"picked":"Blade Dance+1","floor":24},{"not_picked":["Deflect+1","Sucker Punch"],"picked":"Backstab+1","floor":28},{"not_picked":["Bane","Malaise"],"picked":"Accuracy","floor":29},{"not_picked":["Poisoned Stab","Skewer","Riddle With Holes"],"picked":"SKIP","floor":31},{"not_picked":["Grand Finale","Night Terror"],"picked":"Wraith Form v2","floor":33},{"not_picked":["Eviscerate+1","Accuracy"],"picked":"Backflip","floor":35},{"not_picked":["Flying Knee","Poisoned Stab","Dodge and Roll+1"],"picked":"SKIP","floor":38},{"not_picked":["Underhanded Strike+1","Deadly Poison+1"],"picked":"Cloak And Dagger","floor":41},{"not_picked":["Leg Sweep","Cloak And Dagger","Caltrops"],"picked":"SKIP","floor":44},{"not_picked":["Madness","Discovery"],"picked":"Thinking Ahead","floor":45},{"not_picked":["Sucker Punch","Deadly Poison","Slice+1"],"picked":"SKIP","floor":48}],"player_experience":942299,"relics_obtained":[{"floor":9,"key":"Pear"},{"floor":11,"key":"Centennial Puzzle"},{"floor":26,"key":"Pen Nib"},{"floor":27,"key":"Ninja Scroll"},{"floor":29,"key":"Red Mask"},{"floor":43,"key":"Juzu Bracelet"}],"event_choices":[{"cards_removed":["Strike_G"],"damage_healed":0.0,"max_hp_gain":0.0,"max_hp_loss":0.0,"gold_gain":0.0,"event_name":"Purifier","player_choice":"Purged","floor":4.0,"gold_loss":0.0,"damage_taken":0.0},{"damage_healed":0,"gold_gain":0,"player_choice":"Take Damage","damage_taken":20,"relics_obtained":["Golden Idol"],"max_hp_gain":0,"max_hp_loss":0,"event_name":"Golden Idol","floor":10,"gold_loss":0},{"damage_healed":0,"gold_gain":0,"player_choice":"Traded Relic","damage_taken":0,"relics_obtained":["Nloth\u0027s Gift"],"max_hp_gain":0,"max_hp_loss":0,"event_name":"N\u0027loth","floor":20,"relics_lost":["Pear"],"gold_loss":0},{"damage_healed":0,"gold_gain":0,"player_choice":"Inject Mutagens","damage_taken":0,"relics_obtained":["MutagenicStrength"],"max_hp_gain":0,"max_hp_loss":0,"event_name":"Drug Dealer","floor":25,"gold_loss":0},{"damage_healed":0,"gold_gain":0,"player_choice":"Fought Bandits","damage_taken":0,"max_hp_gain":0,"max_hp_loss":0,"event_name":"Masked Bandits","floor":29,"gold_loss":0},{"cards_removed":["Accuracy"],"damage_healed":0,"gold_gain":0,"player_choice":"Removed Power","damage_taken":0,"max_hp_gain":0,"max_hp_loss":0,"event_name":"Falling","floor":36,"gold_loss":0},{"damage_healed":0,"gold_gain":0,"player_choice":"Memory 1","damage_taken":0,"max_hp_gain":0,"max_hp_loss":0,"event_name":"SensoryStone","floor":45,"gold_loss":0},{"damage_healed":0,"gold_gain":0,"player_choice":"Ignored","damage_taken":0,"max_hp_gain":0,"max_hp_loss":0,"event_name":"Mysterious Sphere","floor":47,"gold_loss":0}],"is_beta":false,"boss_relics":[{"not_picked":["Lizard Tail","Coffee Dripper"],"picked":"Pandora\u0027s Box"},{"not_picked":["Eternal Feather","Astrolabe"],"picked":"Empty Cage"}],"items_purged_floors":[37],"is_endless":false,"potions_floor_spawned":[2,14,16,24,29,31,33,38,41],"ascension_level":0}