{"path_per_floor":["M","M","?","?","$","E","M","M","T","M","M","M","R","?","R","B",null,"M","?","?","?","M","M","M","M","T","R","M","$","E","?","R","B",null,"M","$","M","M","?","M","?","E","T","R","$","M","R","M","R","B"],"character_chosen":"IRONCLAD","items_purchased":["Offering","Gambling Chip","Whetstone","Strange Spoon","Weak Potion"],"gold_per_floor":[117,137,137,137,62,101,116,132,132,151,171,191,191,191,191,321,321,337,337,252,522,541,559,583,606,606,606,620,77,116,116,116,246,246,259,114,132,148,204,224,224,255,255,255,4,4,4,27,27,27],"floor_reached":51,"campfire_rested":3,"playtime":1589,"current_hp_per_floor":[80,80,80,74,74,74,69,70,70,74,70,72,72,65,65,11,74,73,73,73,41,45,54,41,32,32,56,55,55,57,57,80,42,80,80,80,78,76,69,60,80,67,67,67,67,65,65,63,80,53],"items_purged":["Normality","Decay"],"gold":27,"score":603,"play_id":"39d50f69-8799-47e6-a58e-6fdcbe0661a0","is_prod":false,"is_daily":false,"is_ascension_mode":false,"campfire_upgraded":2,"path_taken":["M","?","?","?","$","E","M","M","T","M","?","M","R","?","R","BOSS","M","?","?","?","M","?","M","M","T","R","M","$","E","?","R","BOSS","M","?","M","M","?","M","?","E","T","R","$","M","R","M","R","BOSS"],"build_version":"2018-02-12-PROD1","purchased_purges":3,"victory":true,"master_deck":["Strike_R","Strike_R+1","Strike_R+1","Strike_R","Strike_R","Defend_R","Defend_R","Defend_R","Bash","Pommel Strike+1","Spot Weakness+1","Battle Trance","Clash","Feed","Pommel Strike+1","Iron Wave","Thunderclap","Seeing Red","Clash","Offering+1","Exhume","Shrug It Off+1","Uppercut","Impervious"],"max_hp_per_floor":[80,80,80,74,74,74,74,74,74,74,74,74,74,74,74,74,74,74,74,74,74,77,80,80,80,80,80,80,80,80,80,80,80,80,80,80,80,80,80,80,80,80,80,80,80,80,80,80,80,80],"relics":["Burning Blood","NeowsBlessing","Letter Opener","Golden Idol","Charon\u0027s Ashes","Anchor","Cursed Key","Shuriken","Ornamental Fan","Gambling Chip","Frozen Egg 2","Philosopher\u0027s Stone","Whetstone","Red Skull","Peace Pipe","Ginger","Strange Spoon"],"card_choices":[{"not_picked":["Limit Break","Burning Pact"],"picked":"Pommel Strike"},{"not_picked":["Flex","Body Slam"],"picked":"Spot Weakness"},{"not_picked":["Twin Strike","Pommel Strike"],"picked":"Battle Trance"},{"not_picked":["Hemokinesis","Heavy Blade"],"picked":"Clash"},{"not_picked":["Barricade","Dark Embrace"],"picked":"Feed"},{"not_picked":["Battle Trance","Feel No Pain"],"picked":"Pommel Strike"},{"not_picked":["Shockwave","Searing Blow"],"picked":"Iron Wave"},{"not_picked":["Searing Blow","Flex"],"picked":"Thunderclap"},{"not_picked":["Thunderclap","Dual Wield"],"picked":"Seeing Red"},{"not_picked":["Thunderclap","Seeing Red"],"picked":"Clash"},{"not_picked":["Brutality","Bludgeon"],"picked":"Exhume"},{"not_picked":["Corruption","Bloodletting"],"picked":"Shrug It Off"},{"not_picked":["Pommel Strike","Anger"],"picked":"Uppercut"},{"not_picked":["Dropkick","Pommel Strike"],"picked":"Impervious"}],"player_experience":262884,"potions_floor_usage":[50,50,50],"damage_taken":[{"damage":0.0,"enemies":"Blue Slaver","floor":1.0,"turns":1.0},{"damage":0.0,"enemies":"Small Slimes","floor":2.0,"turns":1.0},{"damage":0.0,"enemies":"Gremlin Nob","floor":6.0,"turns":1.0},{"damage":11.0,"enemies":"Jaw Worm","floor":7.0,"turns":2.0},{"damage":5.0,"enemies":"Looter","floor":8.0,"turns":3.0},{"damage":0.0,"enemies":"3 Louse","floor":10.0,"turns":3.0},{"damage":10.0,"enemies":"Exordium Wildlife","floor":11.0,"turns":3.0},{"damage":4.0,"enemies":"Gremlin Gang","floor":12.0,"turns":4.0},{"damage":60.0,"enemies":"Hexaghost","floor":16.0,"turns":9.0},{"damage":7.0,"enemies":"3 Byrds","floor":18.0,"turns":5.0},{"damage":5.0,"enemies":"2 Thieves","floor":22.0,"turns":3.0},{"damage":0.0,"enemies":"Centurion and Healer","floor":23.0,"turns":4.0},{"damage":19.0,"enemies":"Cultist and Chosen","floor":24.0,"turns":4.0},{"damage":15.0,"enemies":"Snecko","floor":25.0,"turns":3.0},{"damage":7.0,"enemies":"Snake Plant","floor":28.0,"turns":2.0},{"damage":4.0,"enemies":"Book of Stabbing","floor":30.0,"turns":2.0},{"damage":44.0,"enemies":"Champ","floor":33.0,"turns":7.0},{"damage":5.0,"enemies":"3 Shapes","floor":35.0,"turns":2.0},{"damage":8.0,"enemies":"3 Darklings","floor":37.0,"turns":1.0},{"damage":8.0,"enemies":"Sphere and 2 Shapes","floor":38.0,"turns":1.0},{"damage":13.0,"enemies":"Mysterious Sphere","floor":39.0,"turns":3.0},{"damage":15.0,"enemies":"Maw","floor":40.0,"turns":4.0},{"damage":19.0,"enemies":"Giant Head","floor":42.0,"turns":4.0},{"damage":8.0,"enemies":"4 Shapes","floor":46.0,"turns":1.0},{"damage":8.0,"enemies":"3 Darklings","floor":48.0,"turns":3.0},{"damage":33,"enemies":"Time Eater","floor":50,"turns":8}],"event_choices":[{"event_name":"Accursed Blacksmith","player_choice":"Rummage","floor":3.0,"damage_taken":0.0},{"event_name":"Golden Idol","player_choice":"Lose Max HP","floor":4.0,"damage_taken":0.0},{"event_name":"Golden Wing","player_choice":"Card Removal","floor":14.0,"damage_taken":0.0},{"event_name":"Vampires","player_choice":"Ignored","floor":19.0,"damage_taken":0.0},{"event_name":"Addict","player_choice":"Obtained Relic","floor":20.0,"damage_taken":0.0},{"event_name":"Knowing Skull","player_choice":"GOLD GOLD GOLD ","floor":21.0,"damage_taken":0.0},{"event_name":"Upgrade Shrine","player_choice":"Upgraded","floor":31.0,"damage_taken":0.0},{"event_name":"Mysterious Sphere","player_choice":"Fight","floor":39.0,"damage_taken":0.0},{"event_name":"Winding Halls","player_choice":"Writhe","floor":41.0,"damage_taken":0.0}],"boss_relics":[],"potions_floor_spawned":[1,11,16,23,28,33,37,38,40,48],"seed_played":"2399768786890816305","ascension_level":0,"is_trial":false}