{"gold_per_floor":[116,126,126,142,142,142,172,172,240,253,253,428,440,440,440,540,540,559,66,82,102,178,205,217,249,261,273,285,7,7,18,18,116,116,136,0,0,15,15,40,40,40,40,40,52,62,62,74,74,74],"floor_reached":51,"playtime":3344,"items_purged":["Strike_G"],"score":729,"play_id":"b956a9b9-2671-49a7-910a-743023ca730d","local_time":"20181128093022","is_ascension_mode":true,"campfire_choices":[{"data":"Neutralize","floor":6,"key":"SMITH"},{"floor":8,"key":"REST"},{"data":"Crippling Poison","floor":11,"key":"SMITH"},{"floor":15,"key":"REST"},{"floor":27,"key":"REST"},{"floor":30,"key":"DIG"},{"floor":32,"key":"DIG"},{"floor":41,"key":"DIG"},{"floor":44,"key":"DIG"},{"floor":49,"key":"REST"}],"neow_cost":"NONE","seed_source_timestamp":383928203843877,"circlet_count":0,"master_deck":["Defend_G","Defend_G","Defend_G","Defend_G+1","Defend_G","Strike_G","Strike_G","Strike_G","Survivor+1","Neutralize+1","Poisoned Stab","Caltrops+1","Escape Plan","Crippling Poison+1","Flying Knee","After Image","Outmaneuver+1","Leg Sweep","Footwork","Adrenaline+1","Poisoned Stab+1","Noxious Fumes","Deadly Poison+1","A Thousand Cuts","Outmaneuver+1","Crippling Poison+1","Outmaneuver+1","Bullet Time+1","Leg Sweep+1","Cloak And Dagger+1"],"relics":["Ring of the Snake","Smiling Mask","Blood Vial","Dodecahedron","Fusion Hammer","TwistedFunnel","Bottled Flame","Toxic Egg 2","MawBank","Whetstone","Shovel","Bronze Scales","Pantograph","Eternal Feather","Red Mask","Centennial Puzzle","War Paint","Regal Pillow","Prayer Wheel","StoneCalendar"],"potions_floor_usage":[23,33,33,40,40,48,48],"damage_taken":[{"damage":2,"enemies":"Small Slimes","floor":1,"turns":6},{"damage":0,"enemies":"Cultist","floor":2,"turns":4},{"damage":0,"enemies":"2 Louse","floor":4,"turns":3},{"damage":27,"enemies":"Gremlin Nob","floor":7,"turns":5},{"damage":11,"enemies":"Lots of Slimes","floor":10,"turns":2},{"damage":11,"enemies":"Gremlin Gang","floor":13,"turns":3},{"damage":25,"enemies":"Hexaghost","floor":16,"turns":9},{"damage":0,"enemies":"3 Byrds","floor":18,"turns":3},{"damage":0,"enemies":"Spheric Guardian","floor":20,"turns":4},{"damage":0,"enemies":"Centurion and Healer","floor":21,"turns":8},{"damage":0,"enemies":"Book of Stabbing","floor":23,"turns":5},{"damage":7,"enemies":"Snake Plant","floor":25,"turns":4},{"damage":9,"enemies":"Cultist and Chosen","floor":31,"turns":4},{"damage":23,"enemies":"Automaton","floor":33,"turns":9},{"damage":17,"enemies":"Orb Walker","floor":35,"turns":3},{"damage":14,"enemies":"3 Shapes","floor":38,"turns":3},{"damage":48,"enemies":"Reptomancer","floor":40,"turns":6},{"damage":17,"enemies":"Jaw Worm Horde","floor":45,"turns":3},{"damage":15,"enemies":"4 Shapes","floor":46,"turns":4},{"damage":9,"enemies":"3 Darklings","floor":48,"turns":4},{"damage":48,"enemies":"Donu and Deca","floor":50,"turns":9}],"seed_played":"6162228896276662278","potions_obtained":[{"floor":7,"key":"FairyPotion"},{"floor":16,"key":"LiquidBronze"},{"floor":18,"key":"Dexterity Potion"},{"floor":25,"key":"Dexterity Potion"},{"floor":33,"key":"FearPotion"},{"floor":38,"key":"Regen Potion"},{"floor":40,"key":"SpeedPotion"},{"floor":45,"key":"PowerPotion"}],"is_trial":false,"path_per_floor":["M","M","?","M","?","R","E","R","T","M","R","?","M","?","R","B",null,"M","$","M","M","T","E","$","M","T","R","?","$","R","M","R","B",null,"M","?","$","M","T","E","R","$","T","R","M","M","?","M","R","B",null],"character_chosen":"THE_SILENT","items_purchased":["TwistedFunnel","Bottled Flame","Shovel"],"campfire_rested":4,"item_purchase_floors":[19,19,29],"current_hp_per_floor":[68,68,68,68,68,68,41,62,62,53,53,53,44,44,65,42,70,70,70,70,70,70,70,70,63,63,70,70,70,70,61,61,47,70,53,53,53,41,41,10,25,25,25,40,25,12,12,5,59,22],"gold":74,"neow_bonus":"RANDOM_COMMON_RELIC","is_prod":false,"is_daily":false,"chose_seed":false,"campfire_upgraded":2,"win_rate":0,"timestamp":1543415422,"path_taken":["M","M","?","M","?","R","E","R","T","?","R","?","M","?","R","BOSS","M","?","?","M","?","E","$","M","T","R","?","?","R","M","R","BOSS","M","?","$","M","?","E","R","?","T","R","M","M","?","M","R","BOSS"],"build_version":"2018-11-15","purchased_purges":1,"victory":true,"max_hp_per_floor":[70,70,70,70,70,70,70,70,70,70,70,70,70,70,70,70,70,70,70,70,70,70,70,70,70,70,70,70,70,70,70,70,70,70,70,70,70,70,70,70,70,70,70,70,70,70,70,70,70,70],"card_choices":[{"not_picked":["Sucker Punch","Outmaneuver"],"picked":"Poisoned Stab","floor":1},{"not_picked":["Cloak And Dagger","Underhanded Strike"],"picked":"Caltrops","floor":2},{"not_picked":["Slice","Terror"],"picked":"Escape Plan","floor":4},{"not_picked":["Slice","Finisher"],"picked":"Crippling Poison","floor":7},{"not_picked":["Backflip","Grand Finale"],"picked":"Flying Knee","floor":10},{"not_picked":["Riddle With Holes","Backstab","Bane"],"picked":"SKIP","floor":13},{"not_picked":["Die Die Die","Doppelganger"],"picked":"After Image","floor":16},{"not_picked":["Bane","Well Laid Plans"],"picked":"Outmaneuver+1","floor":18},{"not_picked":["Riddle With Holes+1","Slice"],"picked":"Leg Sweep","floor":20},{"not_picked":["Blade Dance","Dagger Throw"],"picked":"Footwork","floor":21},{"not_picked":["Underhanded Strike+1","Phantasmal Killer+1"],"picked":"Adrenaline+1","floor":23},{"not_picked":["Slice","Backflip+1"],"picked":"Poisoned Stab","floor":25},{"not_picked":["Flying Knee","Tactician+1"],"picked":"Deadly Poison+1","floor":31},{"not_picked":["Night Terror+1","Glass Knife"],"picked":"A Thousand Cuts","floor":33},{"not_picked":["Sucker Punch+1","Terror+1","Underhanded Strike+1"],"picked":"SKIP","floor":35},{"not_picked":["Dagger Spray+1","Bane+1"],"picked":"Outmaneuver+1","floor":38},{"not_picked":["Poisoned Stab","Endless Agony+1"],"picked":"Crippling Poison+1","floor":40},{"not_picked":["Poisoned Stab","Blade Dance+1"],"picked":"Outmaneuver+1","floor":45},{"not_picked":["Distraction+1","Flechettes"],"picked":"Bullet Time+1","floor":45},{"not_picked":["Quick Slash","Prepared+1"],"picked":"Leg Sweep+1","floor":46},{"not_picked":["Calculated Gamble+1","Dash","Eviscerate"],"picked":"SKIP","floor":46},{"not_picked":["Prepared+1","Heel Hook+1"],"picked":"Cloak And Dagger+1","floor":48},{"not_picked":["Predator","Backstab","All Out Attack"],"picked":"SKIP","floor":48}],"player_experience":178875,"relics_obtained":[{"floor":7,"key":"Blood Vial"},{"floor":9,"key":"Dodecahedron"},{"floor":22,"key":"Toxic Egg 2"},{"floor":23,"key":"MawBank"},{"floor":26,"key":"Whetstone"},{"floor":30,"key":"Bronze Scales"},{"floor":32,"key":"Pantograph"},{"floor":39,"key":"Centennial Puzzle"},{"floor":40,"key":"War Paint"},{"floor":41,"key":"Regal Pillow"},{"floor":43,"key":"Prayer Wheel"},{"floor":44,"key":"StoneCalendar"}],"event_choices":[{"damage_healed":0,"gold_gain":0,"player_choice":"Grow","damage_taken":0,"max_hp_gain":0,"max_hp_loss":0,"event_name":"Living Wall","floor":3,"gold_loss":0,"cards_upgraded":["Caltrops"]},{"damage_healed":0,"gold_gain":0,"player_choice":"Bought 0 Potions","damage_taken":0,"max_hp_gain":0,"max_hp_loss":0,"event_name":"The Woman in Blue","floor":5,"gold_loss":0},{"damage_healed":0,"gold_gain":175,"player_choice":"AGREE","damage_taken":0,"max_hp_gain":0,"max_hp_loss":0,"event_name":"Liars Game","floor":12,"gold_loss":0,"cards_obtained":["Doubt"]},{"cards_removed":["Doubt"],"damage_healed":0,"gold_gain":0,"player_choice":"Removed Curses","damage_taken":0,"max_hp_gain":0,"max_hp_loss":0,"event_name":"Fountain of Cleansing","floor":14,"gold_loss":0},{"damage_healed":0,"gold_gain":0,"player_choice":"Read","damage_taken":0,"max_hp_gain":0,"max_hp_loss":0,"event_name":"The Library","floor":28,"gold_loss":0,"cards_obtained":["Noxious Fumes"]},{"damage_healed":0,"gold_gain":0,"player_choice":"Paid","damage_taken":0,"relics_obtained":["Red Mask"],"max_hp_gain":0,"max_hp_loss":0,"event_name":"Tomb of Lord Red Mask","floor":36,"gold_loss":136},{"cards_removed":["Strike_G"],"damage_healed":0,"gold_gain":0,"player_choice":"Removed Attack","damage_taken":0,"max_hp_gain":0,"max_hp_loss":0,"event_name":"Falling","floor":47,"gold_loss":0}],"is_beta":false,"boss_relics":[{"not_picked":["Empty Cage","Ring of the Serpent"],"picked":"Fusion Hammer"},{"not_picked":["Philosopher\u0027s Stone","Calling Bell"],"picked":"Eternal Feather"}],"items_purged_floors":[19],"is_endless":false,"potions_floor_spawned":[7,16,18,25,33,38,40,45],"ascension_level":1}