{"gold_per_floor":[214,226,239,258,67,96,107,107,162,178,178,64,64,42,42,139,139,150,163,174,185,284,284,294,294,294,144,144,99,299,317,317,420,720,737,737,737,755,770,770,781,304,376,376],"floor_reached":44,"playtime":3550,"items_purged":["Strike_B","Strike_B","Normality"],"score":508,"play_id":"45820450-3e9e-417f-b084-51a0f1202582","local_time":"20190131223725","is_ascension_mode":true,"campfire_choices":[{"data":"Creative AI","floor":11,"key":"SMITH"},{"data":"Zap","floor":13,"key":"SMITH"},{"floor":15,"key":"REST"},{"data":"Self Repair","floor":23,"key":"SMITH"},{"data":"Coolheaded","floor":25,"key":"SMITH"},{"floor":28,"key":"DIG"},{"floor":32,"key":"REST"},{"floor":40,"key":"REST"}],"neow_cost":"NONE","seed_source_timestamp":988209116707129,"circlet_count":0,"master_deck":["Strike_B","Defend_B","Defend_B","Defend_B","Defend_B","Zap+1","Dualcast","Melter","Tempest","Creative AI+1","Cold Snap","Sweeping Beam","Darkness","Electrodynamics","BootSequence","Self Repair+1","Force Field","Coolheaded","Conserve Battery+1","Rebound+1","Coolheaded+1","Conserve Battery","Conserve Battery","Loop","Clumsy","Shame","Lockon+1","Secret Technique","Magnetism","Panache","Reinforced Body+1","Reinforced Body+1"],"relics":["Cracked Core","Singing Bowl","Art of War","Velvet Choker","Shovel","Darkstone Periapt","Calling Bell","Omamori","Dodecahedron","Old Coin","NlothsMask","Runic Capacitor","Oddly Smooth Stone"],"potions_floor_usage":[16,33,39,41,44],"damage_taken":[{"damage":2,"enemies":"2 Louse","floor":1,"turns":2},{"damage":1,"enemies":"Cultist","floor":2,"turns":3},{"damage":1,"enemies":"Jaw Worm","floor":3,"turns":3},{"damage":19,"enemies":"Gremlin Gang","floor":4,"turns":5},{"damage":16,"enemies":"Gremlin Nob","floor":6,"turns":3},{"damage":2,"enemies":"Large Slime","floor":7,"turns":4},{"damage":0,"enemies":"2 Fungi Beasts","floor":10,"turns":2},{"damage":4,"enemies":"Slime Boss","floor":16,"turns":8},{"damage":0,"enemies":"Chosen","floor":18,"turns":3},{"damage":10,"enemies":"Spheric Guardian","floor":19,"turns":5},{"damage":14,"enemies":"Centurion and Healer","floor":20,"turns":5},{"damage":29,"enemies":"Snake Plant","floor":21,"turns":4},{"damage":0,"enemies":"Sentry and Sphere","floor":24,"turns":2},{"damage":16,"enemies":"Snecko","floor":31,"turns":7},{"damage":61,"enemies":"Automaton","floor":33,"turns":15},{"damage":7,"enemies":"3 Shapes","floor":35,"turns":5},{"damage":34,"enemies":"Orb Walker","floor":38,"turns":5},{"damage":64,"enemies":"Writhing Mass","floor":39,"turns":8},{"damage":27,"enemies":"Spire Growth","floor":41,"turns":8},{"damage":32,"enemies":"Nemesis","floor":44,"turns":2}],"seed_played":"-4388561285019910865","potions_obtained":[{"floor":3,"key":"Ancient Potion"},{"floor":4,"key":"Dexterity Potion"},{"floor":6,"key":"Block Potion"},{"floor":18,"key":"Explosive Potion"},{"floor":20,"key":"Block Potion"},{"floor":35,"key":"Swift Potion"}],"is_trial":false,"path_per_floor":["M","M","M","M","$","E","M","?","T","M","R","$","R","$","R","B",null,"M","M","M","M","?","R","M","R","T","$","R","$","?","M","R","B",null,"M","?","?","M","M","R","M","$","T","E"],"character_chosen":"DEFECT","items_purchased":["Sweeping Beam","Darkness","Self Repair","Force Field","Coolheaded","Conserve Battery","Conserve Battery","Runic Capacitor","Oddly Smooth Stone"],"campfire_rested":3,"item_purchase_floors":[5,5,12,12,14,27,29,42,42],"current_hp_per_floor":[73,72,71,52,52,36,34,34,34,36,36,36,36,36,59,64,79,81,78,71,49,49,49,51,51,51,51,51,51,51,45,69,20,103,103,93,93,71,17,48,31,31,31,0],"gold":376,"neow_bonus":"HUNDRED_GOLD","is_prod":false,"is_daily":false,"chose_seed":false,"campfire_upgraded":4,"win_rate":0,"timestamp":1548974245,"path_taken":["M","M","M","M","$","E","M","?","T","?","R","$","R","$","R","BOSS","M","M","M","M","?","R","M","R","T","$","R","$","?","M","R","BOSS","M","?","?","M","?","R","M","$","T","E"],"build_version":"2019-01-23","purchased_purges":3,"victory":false,"max_hp_per_floor":[75,75,75,75,75,75,75,75,75,77,77,77,77,77,77,79,79,81,81,81,81,81,81,83,83,83,83,83,83,83,83,83,85,103,103,103,103,105,105,105,105,105,105,105],"card_choices":[{"not_picked":["Compile Driver","Beam Cell"],"picked":"Melter","floor":1},{"not_picked":["Go for the Eyes","Streamline"],"picked":"Tempest","floor":2},{"not_picked":["Recycle","Streamline"],"picked":"Creative AI","floor":3},{"not_picked":["Melter","Redo"],"picked":"Cold Snap","floor":4},{"not_picked":["BootSequence","Hello World"],"picked":"Electrodynamics","floor":6},{"not_picked":["Rip and Tear","Chaos"],"picked":"BootSequence","floor":7},{"not_picked":["Skim","Gash","Streamline"],"picked":"Singing Bowl","floor":10},{"not_picked":["Creative AI","Hyperbeam","Electrodynamics"],"picked":"Singing Bowl","floor":16},{"not_picked":["Turbo","Self Repair","Beam Cell+1"],"picked":"Singing Bowl","floor":18},{"not_picked":["Heatsinks+1","Hologram"],"picked":"Conserve Battery+1","floor":19},{"not_picked":["Fusion","Turbo"],"picked":"Rebound+1","floor":20},{"not_picked":["Core Surge","Compile Driver"],"picked":"Coolheaded","floor":21},{"not_picked":["Sweeping Beam+1","Undo","Steam Power"],"picked":"Singing Bowl","floor":24},{"not_picked":["Streamline","Go for the Eyes+1"],"picked":"Loop","floor":31},{"not_picked":["Fission","Rainbow","Echo Form"],"picked":"Singing Bowl","floor":33},{"not_picked":["Conserve Battery","Gash"],"picked":"Lockon+1","floor":35},{"not_picked":["Panacea","Mayhem"],"picked":"Secret Technique","floor":36},{"not_picked":["Chrysalis","Thinking Ahead"],"picked":"Magnetism","floor":36},{"not_picked":["Blind","Dramatic Entrance"],"picked":"Panache","floor":36},{"not_picked":["Barrage","Aggregate+1","Beam Cell+1"],"picked":"Singing Bowl","floor":38},{"not_picked":["Rebound","Sweeping Beam+1"],"picked":"Reinforced Body+1","floor":39},{"not_picked":["Ball Lightning+1","Hologram"],"picked":"Reinforced Body+1","floor":41}],"player_experience":403282,"relics_obtained":[{"floor":6,"key":"Singing Bowl"},{"floor":9,"key":"Art of War"},{"floor":26,"key":"Shovel"},{"floor":28,"key":"Darkstone Periapt"},{"floor":34,"key":"Omamori"},{"floor":34,"key":"Dodecahedron"},{"floor":34,"key":"Old Coin"}],"event_choices":[{"cards_removed":["Strike_B"],"damage_healed":0,"gold_gain":0,"player_choice":"Purged","damage_taken":0,"max_hp_gain":0,"max_hp_loss":0,"event_name":"Purifier","floor":8,"gold_loss":0},{"damage_healed":0,"gold_gain":99,"player_choice":"Stole From Cult","damage_taken":0,"max_hp_gain":0,"max_hp_loss":0,"event_name":"Nest","floor":22,"gold_loss":0},{"damage_healed":0,"gold_gain":200,"player_choice":"Gold","damage_taken":0,"max_hp_gain":0,"max_hp_loss":0,"event_name":"Wheel of Change","floor":30,"gold_loss":0},{"damage_healed":0,"gold_gain":0,"player_choice":"Memory 3","damage_taken":10,"max_hp_gain":0,"max_hp_loss":0,"event_name":"SensoryStone","floor":36,"gold_loss":0},{"damage_healed":0,"gold_gain":0,"player_choice":"Trade","damage_taken":0,"relics_obtained":["NlothsMask"],"max_hp_gain":0,"max_hp_loss":0,"event_name":"FaceTrader","floor":37,"gold_loss":0}],"is_beta":false,"boss_relics":[{"not_picked":["Busted Crown","Ectoplasm"],"picked":"Velvet Choker"},{"not_picked":["Cursed Key","Runic Dome"],"picked":"Calling Bell"}],"items_purged_floors":[5,27,42],"is_endless":false,"potions_floor_spawned":[3,4,6,18,20,35],"killed_by":"Nemesis","ascension_level":1}