{"gold_per_floor":[112,112,182,193,133,161,161,236,290,290,305,15,85,135,135,238,238,257,6,26,86,105,105,155,155,237,253,303,303],"floor_reached":29,"playtime":1240,"items_purged":[],"score":245,"play_id":"f9a33fb3-600a-4856-a7df-8d56e7af5718","local_time":"20181201182400","is_ascension_mode":true,"campfire_choices":[{"data":"Choke","floor":7,"key":"SMITH"},{"data":"Neutralize","floor":10,"key":"SMITH"},{"data":"Blur","floor":15,"key":"SMITH"},{"data":"Storm of Steel","floor":23,"key":"SMITH"},{"data":"Choke","floor":25,"key":"SMITH"}],"neow_cost":"NONE","seed_source_timestamp":677277533520161,"circlet_count":0,"master_deck":["Defend_G+1","Defend_G+1","Defend_G+1","Defend_G+1","Defend_G+1","Strike_G+1","Strike_G+1","Strike_G+1","Strike_G+1","Strike_G+1","Survivor","Neutralize+1","Flying Knee","Choke+1","Crippling Poison","Dash","Blur+1","Backstab","Flying Knee","Heel Hook","Blade Dance","Dash","Regret","Storm of Steel+1","Blade Dance","Prepared+1","Reflex+1","Choke+1","Caltrops+1"],"relics":["Runic Dome","SsserpentHead","Blood Vial","Odd Mushroom","Regal Pillow","Toy Ornithopter","Happy Flower","Eternal Feather","Shuriken","Frozen Egg 2"],"potions_floor_usage":[8,8,21,22,27,27],"damage_taken":[{"damage":0,"enemies":"Small Slimes","floor":1,"turns":3},{"damage":0,"enemies":"Cultist","floor":3,"turns":4},{"damage":0,"enemies":"2 Louse","floor":4,"turns":2},{"damage":18,"enemies":"Lagavulin","floor":6,"turns":7},{"damage":1,"enemies":"The Mushroom Lair","floor":8,"turns":2},{"damage":0,"enemies":"Exordium Wildlife","floor":11,"turns":3},{"damage":0,"enemies":"Exordium Thugs","floor":13,"turns":4},{"damage":38,"enemies":"The Guardian","floor":16,"turns":9},{"damage":4,"enemies":"Chosen","floor":18,"turns":4},{"damage":0,"enemies":"Shell Parasite","floor":21,"turns":2},{"damage":18,"enemies":"Snake Plant","floor":22,"turns":4},{"damage":20,"enemies":"Centurion and Healer","floor":27,"turns":5},{"damage":61,"enemies":"Slavers","floor":29,"turns":4}],"seed_played":"7670403968478708748","potions_obtained":[{"floor":4,"key":"SteroidPotion"},{"floor":6,"key":"Explosive Potion"},{"floor":11,"key":"GhostInAJar"},{"floor":20,"key":"SneckoOil"},{"floor":20,"key":"SneckoOil"},{"floor":22,"key":"Fire Potion"}],"is_trial":false,"path_per_floor":["M","?","M","M","$","E","R","?","T","R","M","$","M","?","R","B",null,"M","$","?","M","M","R","?","R","T","M","?","E"],"character_chosen":"THE_SILENT","items_purchased":["Dash","Blur","Toy Ornithopter","Blade Dance","Dash","Shuriken"],"campfire_rested":0,"item_purchase_floors":[5,5,12,12,12,19],"current_hp_per_floor":[70,70,70,70,70,52,52,53,53,53,55,55,57,57,57,21,70,66,66,66,70,52,67,67,70,70,50,50,0],"gold":303,"neow_bonus":"BOSS_RELIC","is_prod":false,"is_daily":false,"chose_seed":false,"campfire_upgraded":5,"win_rate":0,"timestamp":1543706640,"path_taken":["M","?","?","M","?","E","R","?","T","R","M","?","?","?","R","BOSS","M","$","?","?","M","R","?","R","T","M","?","E"],"build_version":"2018-11-15","purchased_purges":0,"victory":false,"max_hp_per_floor":[70,70,70,70,70,70,70,70,70,70,70,70,70,70,70,70,70,70,70,70,70,70,70,70,70,70,70,70,70],"card_choices":[{"not_picked":["Sucker Punch","Blade Dance"],"picked":"Flying Knee","floor":1},{"not_picked":["Slice","Sucker Punch"],"picked":"Choke","floor":3},{"not_picked":["Outmaneuver","Heel Hook"],"picked":"Crippling Poison","floor":4},{"not_picked":["Catalyst","Flying Knee"],"picked":"Backstab","floor":6},{"not_picked":["Reflex","Bane"],"picked":"Flying Knee","floor":8},{"not_picked":["Outmaneuver","Predator"],"picked":"Heel Hook","floor":11},{"not_picked":["Acrobatics","Concentrate","Dagger Spray"],"picked":"SKIP","floor":13},{"not_picked":["Adrenaline","Malaise"],"picked":"Storm of Steel","floor":16},{"not_picked":["Dagger Throw","Escape Plan"],"picked":"Blade Dance","floor":18},{"not_picked":["Poisoned Stab","Dodge and Roll"],"picked":"Prepared+1","floor":21},{"not_picked":["Deadly Poison","Prepared"],"picked":"Reflex+1","floor":22},{"not_picked":["Calculated Gamble+1","Predator"],"picked":"Caltrops+1","floor":27}],"player_experience":217072,"relics_obtained":[{"floor":6,"key":"Blood Vial"},{"floor":8,"key":"Odd Mushroom"},{"floor":9,"key":"Regal Pillow"},{"floor":26,"key":"Frozen Egg 2"}],"event_choices":[{"damage_healed":0,"gold_gain":0,"player_choice":"Trade","damage_taken":0,"relics_obtained":["SsserpentHead"],"max_hp_gain":0,"max_hp_loss":0,"event_name":"FaceTrader","floor":2,"gold_loss":0},{"damage_healed":0,"gold_gain":0,"player_choice":"Fought Mushrooms","damage_taken":0,"max_hp_gain":0,"max_hp_loss":0,"event_name":"Mushrooms","floor":8,"gold_loss":0},{"damage_healed":0,"gold_gain":0,"player_choice":"Box","damage_taken":0,"relics_obtained":["Happy Flower"],"max_hp_gain":0,"max_hp_loss":0,"event_name":"Big Fish","floor":14,"gold_loss":0,"cards_obtained":["Regret"]},{"damage_healed":0,"gold_gain":0,"player_choice":"Bought 2 Potions","damage_taken":0,"max_hp_gain":0,"max_hp_loss":0,"event_name":"The Woman in Blue","floor":20,"gold_loss":0},{"damage_healed":0,"gold_gain":0,"player_choice":"Read","damage_taken":0,"max_hp_gain":0,"max_hp_loss":0,"event_name":"The Library","floor":24,"gold_loss":0,"cards_obtained":["Choke"]},{"damage_healed":0,"gold_gain":0,"player_choice":"Simplicity","damage_taken":0,"max_hp_gain":0,"max_hp_loss":0,"event_name":"Back to Basics","floor":28,"gold_loss":0,"cards_upgraded":["Defend_G","Defend_G","Defend_G","Defend_G","Defend_G","Strike_G","Strike_G","Strike_G","Strike_G","Strike_G"]}],"is_beta":false,"boss_relics":[{"not_picked":["Velvet Choker","Fusion Hammer"],"picked":"Eternal Feather"}],"items_purged_floors":[],"is_endless":false,"potions_floor_spawned":[4,6,11,22],"killed_by":"Slavers","ascension_level":2}