{"gold_per_floor":[16,16,29,29,46,79,146,101],"floor_reached":8,"playtime":312,"items_purged":[],"score":58,"play_id":"b85f5acf-243c-4f0c-86e9-c9299f52369e","local_time":"20181110183718","is_ascension_mode":false,"campfire_choices":[],"neow_cost":"NO_GOLD","seed_source_timestamp":435505564791964,"circlet_count":0,"master_deck":["Strike_B","Strike_B","Strike_B","Strike_B","Defend_B","Defend_B","Defend_B","Zap","Dualcast","Loop","Beam Cell","Capacitor","Conserve Battery","Chaos"],"relics":["Cracked Core","Mango","SsserpentHead","Smiling Mask"],"potions_floor_usage":[8,8],"damage_taken":[{"damage":11,"enemies":"Jaw Worm","floor":1,"turns":3},{"damage":14,"enemies":"2 Louse","floor":3,"turns":2},{"damage":6,"enemies":"Cultist","floor":5,"turns":3},{"damage":32,"enemies":"Gremlin Nob","floor":6,"turns":4},{"damage":16,"enemies":"Red Slaver","floor":7,"turns":4},{"damage":15,"enemies":"Exordium Thugs","floor":8,"turns":3}],"seed_played":"5830980337043287752","potions_obtained":[{"floor":5,"key":"Energy Potion"},{"floor":6,"key":"Block Potion"},{"floor":7,"key":"Regen Potion"}],"is_trial":false,"path_per_floor":["M","?","M","?","M","E","M","M"],"character_chosen":"DEFECT","items_purchased":[],"campfire_rested":0,"item_purchase_floors":[],"current_hp_per_floor":[78,71,57,57,51,19,3,0],"gold":101,"neow_bonus":"ONE_RARE_RELIC","is_prod":false,"is_daily":false,"chose_seed":false,"campfire_upgraded":0,"win_rate":0.0,"timestamp":1541893038,"path_taken":["M","?","M","?","M","E","?","M"],"build_version":"2018-11-08","purchased_purges":0,"victory":false,"max_hp_per_floor":[89,89,89,89,89,89,89,89],"card_choices":[{"not_picked":["Streamline","Sweeping Beam"],"picked":"Loop","floor":1},{"not_picked":["Redo","Rebound"],"picked":"Beam Cell","floor":3},{"not_picked":["Glacier","Melter"],"picked":"Capacitor","floor":5},{"not_picked":["Turbo","Hologram"],"picked":"Conserve Battery","floor":6},{"not_picked":["Loop","Rip and Tear"],"picked":"Chaos","floor":7}],"player_experience":162855,"relics_obtained":[{"floor":6,"key":"Smiling Mask"}],"event_choices":[{"cards_removed":["Defend_B"],"damage_healed":0,"gold_gain":0,"player_choice":"Card Removal","damage_taken":7,"max_hp_gain":0,"max_hp_loss":0,"event_name":"Golden Wing","floor":2,"gold_loss":0},{"damage_healed":0,"gold_gain":0,"player_choice":"Trade","damage_taken":0,"relics_obtained":["SsserpentHead"],"max_hp_gain":0,"max_hp_loss":0,"event_name":"FaceTrader","floor":4,"gold_loss":0}],"is_beta":false,"boss_relics":[],"items_purged_floors":[],"is_endless":false,"potions_floor_spawned":[5,6,7],"killed_by":"Exordium Thugs","ascension_level":0}