{"gold_per_floor":[216,116,129,190,33,33,33,33,33,108,138,152,152,164,164,269,269,280,295,295,45,64,64,64,76,76,87,100,100,130,205,205,309,309,320,335,384,62,62,88,88,88,111,144,144,32,49,67,67,67],"floor_reached":50,"playtime":2667,"items_purged":["Clumsy"],"score":581,"play_id":"bba4d556-c38b-4531-9c7f-38928e2d19a6","local_time":"20181224222346","is_ascension_mode":true,"campfire_choices":[{"data":"Bash","floor":8,"key":"SMITH"},{"data":"Shockwave","floor":13,"key":"SMITH"},{"data":"Iron Wave","floor":15,"key":"SMITH"},{"data":"Immolate","floor":23,"key":"SMITH"},{"data":"Seeing Red","floor":29,"key":"SMITH"},{"data":"Infernal Blade","floor":32,"key":"SMITH"},{"floor":42,"key":"REST"},{"floor":45,"key":"REST"},{"floor":49,"key":"REST"}],"neow_cost":"NONE","seed_source_timestamp":359698174150486,"circlet_count":0,"master_deck":["Strike_R","Strike_R","Strike_R","Strike_R","Defend_R","Defend_R","Defend_R","Defend_R","Bash+1","Thunderclap","Flex","Heavy Blade","Iron Wave+1","Shockwave+1","Immolate+1","Intimidate","Warcry","Necronomicurse","Ghostly Armor","Rage+1","Seeing Red+1","Infernal Blade+1","Exhume","Armaments+1","Feel No Pain+1","Warcry","Madness","Madness","Injury"],"relics":["Burning Blood","Blood Vial","Oddly Smooth Stone","Charon\u0027s Ashes","Orichalcum","Cursed Key","Necronomicon","Ornamental Fan","Gremlin Horn","Potion Belt","Busted Crown","Torii","Membership Card","Bag of Marbles","Juzu Bracelet","Boot","Calipers","Bronze Scales"],"potions_floor_usage":[7,16,18,25,27,33,36,44,44,50],"damage_taken":[{"damage":19,"enemies":"Jaw Worm","floor":1,"turns":3},{"damage":2,"enemies":"2 Louse","floor":3,"turns":2},{"damage":0,"enemies":"3 Sentries","floor":7,"turns":1},{"damage":18,"enemies":"Gremlin Nob","floor":11,"turns":4},{"damage":0,"enemies":"Cultist","floor":12,"turns":2},{"damage":10,"enemies":"Lots of Slimes","floor":14,"turns":3},{"damage":34,"enemies":"Slime Boss","floor":16,"turns":9},{"damage":0,"enemies":"Chosen","floor":18,"turns":3},{"damage":5,"enemies":"Spheric Guardian","floor":19,"turns":4},{"damage":26,"enemies":"Snake Plant","floor":22,"turns":3},{"damage":0,"enemies":"Snecko","floor":25,"turns":2},{"damage":0,"enemies":"3 Cultists","floor":27,"turns":1},{"damage":0,"enemies":"Shelled Parasite and Fungi","floor":28,"turns":1},{"damage":13,"enemies":"Gremlin Leader","floor":30,"turns":3},{"damage":32,"enemies":"Champ","floor":33,"turns":8},{"damage":12,"enemies":"3 Shapes","floor":35,"turns":3},{"damage":2,"enemies":"3 Darklings","floor":36,"turns":3},{"damage":29,"enemies":"2 Orb Walkers","floor":37,"turns":4},{"damage":17,"enemies":"Giant Head","floor":40,"turns":7},{"damage":49,"enemies":"Nemesis","floor":44,"turns":11},{"damage":12,"enemies":"Sphere and 2 Shapes","floor":47,"turns":3},{"damage":10,"enemies":"Jaw Worm Horde","floor":48,"turns":4},{"damage":70,"enemies":"Time Eater","floor":50,"turns":7}],"seed_played":"1779131880321612343","potions_obtained":[{"floor":1,"key":"SmokeBomb"},{"floor":11,"key":"Regen Potion"},{"floor":12,"key":"Strength Potion"},{"floor":16,"key":"Poison Potion"},{"floor":22,"key":"Strength Potion"},{"floor":28,"key":"Strength Potion"},{"floor":33,"key":"SteroidPotion"},{"floor":35,"key":"SkillPotion"},{"floor":40,"key":"PowerPotion"},{"floor":47,"key":"Fire Potion"}],"is_trial":false,"path_per_floor":["M","$","M","?","$","?","E","R","T","?","E","M","R","M","R","B",null,"M","M","?","$","M","R","?","M","T","M","M","R","E","?","R","B",null,"M","M","?","$","?","E","?","R","T","E","R","$","M","M","R","B"],"character_chosen":"IRONCLAD","items_purchased":["Flex","Heavy Blade","Blood Vial","Ornamental Fan","Membership Card","Bag of Marbles","Feel No Pain","Warcry","Bronze Scales"],"campfire_rested":3,"item_purchase_floors":[2,2,5,21,38,38,38,38,46],"current_hp_per_floor":[67,67,71,71,71,64,72,72,72,61,51,59,59,57,57,31,80,80,80,64,64,46,46,46,59,59,67,75,75,70,62,62,38,80,74,80,57,57,57,48,38,62,62,21,45,45,41,39,63,0],"gold":67,"neow_bonus":"HUNDRED_GOLD","is_prod":false,"is_daily":false,"chose_seed":false,"campfire_upgraded":6,"win_rate":0,"timestamp":1545708226,"path_taken":["M","$","M","?","$","?","E","R","T","?","E","?","R","M","R","BOSS","M","M","?","$","M","R","?","?","T","?","M","R","E","?","R","BOSS","M","?","?","$","?","E","?","R","T","E","R","$","M","M","R","BOSS"],"build_version":"2018-12-20","purchased_purges":1,"victory":false,"max_hp_per_floor":[80,80,80,80,80,80,80,80,80,80,80,80,80,80,80,80,80,80,80,80,80,80,80,80,80,80,80,80,80,80,80,80,80,80,80,80,80,80,80,80,80,80,80,80,80,80,80,80,80,80],"card_choices":[{"not_picked":["Dual Wield","True Grit"],"picked":"Thunderclap","floor":1},{"not_picked":["Dropkick","Clash"],"picked":"Iron Wave","floor":3},{"not_picked":["Twin Strike","Body Slam"],"picked":"Shockwave","floor":11},{"not_picked":["Wild Strike","Bludgeon","Body Slam"],"picked":"SKIP","floor":12},{"not_picked":["Burning Pact","Metallicize","Dropkick"],"picked":"SKIP","floor":14},{"not_picked":["Exhume","Offering"],"picked":"Immolate","floor":16},{"not_picked":["Heavy Blade","Dropkick"],"picked":"Intimidate","floor":18},{"not_picked":["Clothesline+1","Dual Wield"],"picked":"Warcry","floor":19},{"not_picked":["Rampage","Sword Boomerang","Hemokinesis"],"picked":"SKIP","floor":22},{"not_picked":["Disarm","Inflame"],"picked":"Ghostly Armor","floor":25},{"not_picked":["Headbutt","Sever Soul"],"picked":"Rage+1","floor":27},{"not_picked":["Uppercut","Blood for Blood"],"picked":"Seeing Red","floor":28},{"not_picked":["Perfected Strike","Armaments+1"],"picked":"Infernal Blade","floor":30},{"not_picked":["Berserk","Juggernaut"],"picked":"Exhume","floor":33},{"not_picked":[],"picked":"Armaments+1","floor":35},{"not_picked":["Warcry"],"picked":"SKIP","floor":36},{"not_picked":["Hemokinesis"],"picked":"SKIP","floor":40},{"not_picked":["Hemokinesis"],"picked":"SKIP","floor":44},{"not_picked":["Wild Strike+1"],"picked":"SKIP","floor":47},{"not_picked":["Wild Strike"],"picked":"SKIP","floor":48}],"player_experience":388261,"relics_obtained":[{"floor":9,"key":"Charon\u0027s Ashes"},{"floor":11,"key":"Orichalcum"},{"floor":20,"key":"Necronomicon"},{"floor":26,"key":"Gremlin Horn"},{"floor":30,"key":"Potion Belt"},{"floor":37,"key":"Torii"},{"floor":40,"key":"Juzu Bracelet"},{"floor":43,"key":"Boot"},{"floor":44,"key":"Calipers"}],"event_choices":[{"damage_healed":0,"gold_gain":61,"player_choice":"Gained Gold","damage_taken":0,"max_hp_gain":0,"max_hp_loss":0,"event_name":"Golden Wing","floor":4,"gold_loss":0},{"damage_healed":0,"gold_gain":0,"player_choice":"Success","damage_taken":7,"relics_obtained":["Oddly Smooth Stone"],"max_hp_gain":0,"max_hp_loss":0,"event_name":"Scrap Ooze","floor":6,"gold_loss":0},{"damage_healed":0,"gold_gain":75,"player_choice":"Gather Gold","damage_taken":11,"max_hp_gain":0,"max_hp_loss":0,"event_name":"World of Goop","floor":10,"gold_loss":0},{"damage_healed":0,"gold_gain":0,"player_choice":"Obtained Book","damage_taken":16,"max_hp_gain":0,"max_hp_loss":0,"event_name":"Cursed Tome","floor":20,"gold_loss":0},{"cards_removed":["Strike_R"],"damage_healed":0,"gold_gain":0,"player_choice":"Purged","damage_taken":0,"max_hp_gain":0,"max_hp_loss":0,"event_name":"Purifier","floor":24,"gold_loss":0},{"damage_healed":0,"gold_gain":75,"player_choice":"Touch","damage_taken":8,"max_hp_gain":0,"max_hp_loss":0,"event_name":"FaceTrader","floor":31,"gold_loss":0},{"damage_healed":0,"gold_gain":0,"player_choice":"Fight","damage_taken":0,"max_hp_gain":0,"max_hp_loss":0,"event_name":"Mysterious Sphere","floor":37,"gold_loss":0},{"damage_healed":0,"gold_gain":0,"player_choice":"Upgraded","damage_taken":0,"max_hp_gain":0,"max_hp_loss":0,"event_name":"Upgrade Shrine","floor":39,"gold_loss":0,"cards_upgraded":["Feel No Pain"]},{"damage_healed":0,"gold_gain":0,"player_choice":"Embrace Madness","damage_taken":10,"max_hp_gain":0,"max_hp_loss":0,"event_name":"Winding Halls","floor":41,"gold_loss":0,"cards_obtained":["Madness","Madness"]}],"is_beta":false,"boss_relics":[{"not_picked":["Eternal Feather","White Beast Statue"],"picked":"Cursed Key"},{"not_picked":["Runic Cube","Black Blood"],"picked":"Busted Crown"}],"items_purged_floors":[46],"is_endless":false,"potions_floor_spawned":[1,11,12,16,22,28,33,35,40,47],"killed_by":"Time Eater","ascension_level":2}