{"gold_per_floor":[116,116,43,56,8,37,37,67,67,85,85,112,129,20,20,91,91,108,408,408,419,430,464,464,490,490,509,509],"floor_reached":28,"playtime":2440,"items_purged":["Strike_R"],"score":435,"play_id":"193a4c9d-1990-445f-ab4a-d88934b316cf","local_time":"20190222210501","is_ascension_mode":true,"campfire_choices":[{"data":"Armaments","floor":7,"key":"SMITH"},{"floor":11,"key":"REST"},{"floor":15,"key":"REST"},{"floor":24,"key":"REST"}],"neow_cost":"NONE","seed_source_timestamp":202623638352100,"circlet_count":0,"master_deck":["AscendersBane","Strike_R","Strike_R","Defend_R","Defend_R","Defend_R","Defend_R","Bash","Armaments+1","Exhume","Corruption","Shockwave","Sword Boomerang","Searing Blow","Feel No Pain","Whirlwind","Seeing Red","Metallicize","Demon Form","Sentinel","Bloodletting","Feed","Shrug It Off","Armaments"],"relics":["Burning Blood","Lantern","Girya","Sundial","Ornamental Fan","Nunchaku","Sozu","Old Coin","Dodecahedron","Bag of Preparation","Incense Burner"],"potions_floor_usage":[12,16,16],"damage_taken":[{"damage":2,"enemies":"Jaw Worm","floor":1,"turns":5},{"damage":1,"enemies":"Cultist","floor":4,"turns":4},{"damage":32,"enemies":"Gremlin Nob","floor":6,"turns":5},{"damage":43,"enemies":"Lagavulin","floor":8,"turns":9},{"damage":0,"enemies":"Small Slimes","floor":10,"turns":3},{"damage":19,"enemies":"Gremlin Nob","floor":12,"turns":6},{"damage":7,"enemies":"Blue Slaver","floor":13,"turns":4},{"damage":12,"enemies":"The Guardian","floor":16,"turns":10},{"damage":9,"enemies":"3 Byrds","floor":18,"turns":4},{"damage":2,"enemies":"Chosen","floor":21,"turns":5},{"damage":16,"enemies":"3 Cultists","floor":22,"turns":7},{"damage":59,"enemies":"Book of Stabbing","floor":23,"turns":8},{"damage":19,"enemies":"Centurion and Healer","floor":27,"turns":6},{"damage":28,"enemies":"Slavers","floor":28,"turns":2}],"seed_played":"6294970493264080963","potions_obtained":[{"floor":1,"key":"PowerPotion"},{"floor":8,"key":"SpeedPotion"},{"floor":10,"key":"Block Potion"},{"floor":12,"key":"Poison Potion"}],"is_trial":false,"path_per_floor":["M","?","$","M","$","E","R","E","T","M","R","E","M","$","R","B",null,"M","?","?","M","M","E","R","T","T","M","E"],"character_chosen":"IRONCLAD","items_purchased":["Corruption","Sword Boomerang","Metallicize"],"campfire_rested":3,"item_purchase_floors":[3,5,14],"current_hp_per_floor":[72,72,72,75,75,49,49,12,12,18,40,27,26,26,48,42,67,64,64,64,68,62,13,37,37,37,28,0],"gold":509,"neow_bonus":"RANDOM_COMMON_RELIC","is_prod":false,"is_daily":false,"chose_seed":false,"campfire_upgraded":1,"win_rate":0,"timestamp":1550887501,"path_taken":["M","?","?","M","$","E","R","E","T","M","R","E","M","$","R","BOSS","M","?","?","M","M","E","R","?","T","?","E"],"build_version":"2019-01-23","purchased_purges":1,"victory":false,"max_hp_per_floor":[75,75,75,75,75,75,75,75,75,75,75,75,75,75,75,75,75,75,75,75,75,79,83,83,83,83,87,87],"card_choices":[{"not_picked":["Second Wind","Body Slam"],"picked":"Armaments","floor":1},{"not_picked":["Thunderclap","Havoc"],"picked":"Shockwave","floor":4},{"not_picked":["Armaments","Power Through"],"picked":"Searing Blow","floor":6},{"not_picked":["Wild Strike","Disarm"],"picked":"Feel No Pain","floor":8},{"not_picked":["True Grit","Warcry"],"picked":"Whirlwind","floor":10},{"not_picked":["Havoc","Combust","Carnage"],"picked":"SKIP","floor":12},{"not_picked":["Thunderclap","Flex"],"picked":"Seeing Red","floor":13},{"not_picked":["Fiend Fire","Brutality"],"picked":"Demon Form","floor":16},{"not_picked":["Rage","Whirlwind"],"picked":"Sentinel","floor":18},{"not_picked":["Headbutt","Feel No Pain"],"picked":"Shrug It Off","floor":21},{"not_picked":["Second Wind","Reckless Charge+1","Warcry"],"picked":"SKIP","floor":22},{"not_picked":["Heavy Blade","Twin Strike"],"picked":"Armaments","floor":23},{"not_picked":["Fire Breathing","True Grit","Flex"],"picked":"SKIP","floor":27}],"player_experience":1304812,"relics_obtained":[{"floor":6,"key":"Girya"},{"floor":8,"key":"Sundial"},{"floor":9,"key":"Ornamental Fan"},{"floor":12,"key":"Nunchaku"},{"floor":23,"key":"Dodecahedron"},{"floor":25,"key":"Bag of Preparation"},{"floor":26,"key":"Incense Burner"}],"event_choices":[{"damage_healed":0,"gold_gain":0,"player_choice":"1 cards matched","damage_taken":0,"max_hp_gain":0,"max_hp_loss":0,"event_name":"Match and Keep!","floor":2,"gold_loss":0,"cards_obtained":["Exhume"]},{"damage_healed":0,"gold_gain":0,"player_choice":"Opened","damage_taken":0,"relics_obtained":["Old Coin"],"max_hp_gain":0,"max_hp_loss":0,"event_name":"The Mausoleum","floor":19,"gold_loss":0},{"damage_healed":0,"gold_gain":0,"cards_transformed":["Strike_R","Strike_R"],"player_choice":"Became Test Subject","damage_taken":0,"max_hp_gain":0,"max_hp_loss":0,"event_name":"Drug Dealer","floor":20,"gold_loss":0,"cards_obtained":["Bloodletting","Feed"]}],"is_beta":false,"boss_relics":[{"not_picked":["Astrolabe","Lizard Tail"],"picked":"Sozu"}],"items_purged_floors":[14],"is_endless":false,"potions_floor_spawned":[1,8,10,12,13,22,23],"killed_by":"Slavers","ascension_level":14}