{"path_per_floor":["M","M","$","?","M","E","M","?","T","M","R","M","E"],"character_chosen":"THE_SILENT","items_purchased":[],"gold_per_floor":[116,126,126,126,144,173,187,209,236,250,250,265,294,264],"floor_reached":14,"campfire_rested":1,"playtime":1271,"item_purchase_floors":[],"current_hp_per_floor":[68,68,68,68,62,40,26,17,17,5,26,20,7,0],"items_purged":[],"gold":264,"score":102,"play_id":"00338672-8656-4aac-b8e0-bbb8b31f9463","local_time":"20180609170611","is_prod":false,"is_daily":false,"chose_seed":false,"is_ascension_mode":false,"campfire_upgraded":0,"win_rate":0,"timestamp":1528578371,"campfire_choices":[{"floor":11,"key":"REST"}],"path_taken":["M","M","$","?","M","E","M","?","T","M","R","M","E","M"],"build_version":"2018-06-07v3","seed_source_timestamp":19272884373368,"purchased_purges":0,"victory":false,"master_deck":["Defend_G","Defend_G","Defend_G","Defend_G","Strike_G","Strike_G","Strike_G","Strike_G+1","Strike_G","Survivor","Neutralize","Phantasmal Killer","Deadly Poison","Masterful Stab","Tools of the Trade","Dagger Throw","Dagger Throw+1","Flying Knee","Acrobatics","Outmaneuver","Skewer","Night Terror"],"max_hp_per_floor":[70,70,70,70,70,70,70,70,70,70,70,70,70,70],"relics":["Ring of the Snake","Juzu Bracelet","Odd Mushroom","Whetstone","Snake Skull"],"card_choices":[{"not_picked":["PiercingWail","Predator"],"picked":"Deadly Poison","floor":1},{"not_picked":["Slice","Sucker Punch"],"picked":"Masterful Stab","floor":2},{"not_picked":["Flechettes","Outmaneuver"],"picked":"Dagger Throw","floor":5},{"not_picked":["Corpse Explosion","Dodge and Roll"],"picked":"Dagger Throw","floor":6},{"not_picked":["Sucker Punch","Expertise"],"picked":"Flying Knee","floor":7},{"not_picked":["Well Laid Plans","Expertise"],"picked":"Acrobatics","floor":8},{"not_picked":["Deflect","Masterful Stab"],"picked":"Outmaneuver","floor":10},{"not_picked":["Dodge and Roll","Slice"],"picked":"Skewer","floor":12},{"not_picked":["Choke","Finisher"],"picked":"Night Terror","floor":13}],"player_experience":126828,"potions_floor_usage":[8,13,13],"damage_taken":[{"damage":2,"enemies":"Jaw Worm","floor":1,"turns":4},{"damage":0,"enemies":"Small Slimes","floor":2,"turns":3},{"damage":6,"enemies":"2 Louse","floor":5,"turns":2},{"damage":22,"enemies":"3 Sentries","floor":6,"turns":9},{"damage":14,"enemies":"Lots of Slimes","floor":7,"turns":4},{"damage":9,"floor":8,"turns":4},{"damage":12,"enemies":"2 Fungi Beasts","floor":10,"turns":3},{"damage":6,"enemies":"3 Louse","floor":12,"turns":2},{"damage":13,"enemies":"Gremlin Nob","floor":13,"turns":4},{"damage":15,"enemies":"Exordium Thugs","floor":14,"turns":2}],"relics_obtained":[{"floor":6,"key":"Juzu Bracelet"},{"floor":8,"key":"Odd Mushroom"},{"floor":9,"key":"Whetstone"},{"floor":13,"key":"Snake Skull"}],"event_choices":[{"event_name":"Living Wall","player_choice":"Change","floor":4,"damage_taken":0},{"event_name":"Mushrooms","player_choice":"Fought Mushrooms","floor":8,"damage_taken":0}],"boss_relics":[],"items_purged_floors":[],"potions_floor_spawned":[2,5,6,10,12],"seed_played":"-7196956414262662013","killed_by":"Exordium Thugs","ascension_level":0,"potions_obtained":[{"floor":2,"key":"Ancient Potion"},{"floor":5,"key":"GhostInAJar"},{"floor":6,"key":"Swift Potion"},{"floor":10,"key":"SkillPotion"}],"is_trial":false}