{"path_per_floor":["M","$","M","?","M","E","R","M","T","R","M","$","R","?","R","B",null,"M","?","?","M","M","R","?","R","T","?","R","M","E","T","R","B",null,"M","M","?","?","M","R","$","?","T","E","M","?","R","?","R","B"],"character_chosen":"THE_SILENT","items_purchased":["Ornamental Fan"],"gold_per_floor":[117,42,57,307,319,351,351,367,367,367,383,29,29,29,29,103,103,103,103,103,103,103,103,18,18,18,18,18,18,18,18,18,18,18,18,18,0,0,0,0,0,0,0,0,0,0,0,0,0,0],"floor_reached":51,"campfire_rested":0,"playtime":2353,"item_purchase_floors":[],"current_hp_per_floor":[60,60,57,57,54,34,34,15,15,15,7,7,7,7,7,5,54,52,52,52,52,52,52,52,52,52,52,52,44,38,38,38,20,58,49,47,47,47,44,44,44,34,34,17,13,61,61,61,61,14],"items_purged":["Regret","Regret"],"gold":0,"score":1133,"play_id":"a5d3ced1-282b-4fac-be88-d001c5d4c8da","local_time":"20180607015805","is_prod":false,"is_daily":false,"chose_seed":false,"is_ascension_mode":true,"campfire_upgraded":11,"win_rate":0,"timestamp":1528304285,"campfire_choices":[{"data":"Glass Knife","floor":7.0,"key":"SMITH"},{"data":"Dagger Spray","floor":10.0,"key":"SMITH"},{"data":"Dagger Spray","floor":13.0,"key":"SMITH"},{"data":"Well Laid Plans","floor":15.0,"key":"SMITH"},{"data":"Blade Dance","floor":23,"key":"SMITH"},{"data":"Escape Plan","floor":25,"key":"SMITH"},{"data":"Defend_G","floor":28,"key":"SMITH"},{"data":"Defend_G","floor":32,"key":"SMITH"},{"data":"Doppelganger","floor":40,"key":"SMITH"},{"data":"Defend_G","floor":47,"key":"SMITH"},{"data":"Defend_G","floor":49,"key":"SMITH"}],"path_taken":["M","$","?","?","M","E","R","M","T","R","M","$","R","?","R","BOSS","M","?","?","M","?","R","?","R","T","?","R","M","E","?","R","BOSS","M","M","?","?","?","R","?","?","T","E","M","?","R","?","R","BOSS"],"build_version":"2018-05-31","seed_source_timestamp":0,"purchased_purges":2,"victory":true,"master_deck":["Defend_G+1","Defend_G+1","Defend_G+1","Defend_G+1","Strike_G","Strike_G","Strike_G","Strike_G","Survivor+1","Neutralize+1","AscendersBane","Glass Knife+1","Dagger Spray+1","Dagger Spray+1","Well Laid Plans+1","Infinite Blades+1","Blade Dance+1","Infinite Blades+1","Escape Plan+1","Cloak And Dagger+1","Doppelganger+1","Dagger Throw+1","Envenom+1"],"max_hp_per_floor":[70,70,70,70,70,70,70,70,70,70,70,70,70,70,70,70,70,70,70,70,70,70,70,70,70,70,70,70,70,70,70,70,70,70,70,70,70,70,70,70,70,70,70,70,70,61,61,61,61,61],"relics":["Ring of the Snake","Kunai","Frozen Egg 2","Ornamental Fan","Ectoplasm","Dodecahedron","Oddly Smooth Stone","Molten Egg 2","Bronze Scales","Anchor","White Beast Statue","Red Mask","Tingsha","Bag of Marbles","Vajra"],"card_choices":[{"not_picked":["Night Terror","Grand Finale"],"picked":"Glass Knife","floor":0.0},{"not_picked":["Skewer","Prepared"],"picked":"Dagger Spray","floor":1.0},{"not_picked":["Deadly Poison","Quick Slash","Poisoned Stab"],"picked":"SKIP","floor":3.0},{"not_picked":["Dodge and Roll","Noxious Fumes"],"picked":"Dagger Spray","floor":5.0},{"not_picked":["Predator","Setup"],"picked":"Well Laid Plans","floor":6.0},{"not_picked":["Deadly Poison","Prepared","Deflect"],"picked":"SKIP","floor":8.0},{"not_picked":["Dagger Throw","Bouncing Flask"],"picked":"Infinite Blades+1","floor":11.0},{"not_picked":["Bane","Poisoned Stab"],"picked":"Blade Dance","floor":18},{"not_picked":["Dagger Spray","Underhanded Strike","Reflex"],"picked":"SKIP","floor":21},{"not_picked":["Phantasmal Killer","Dagger Throw"],"picked":"Escape Plan","floor":22},{"not_picked":["Poisoned Stab+1","Reflex","Quick Slash+1"],"picked":"SKIP","floor":29},{"not_picked":["Dagger Throw+1","Acrobatics"],"picked":"Cloak And Dagger+1","floor":30},{"not_picked":["Venomology","Storm of Steel"],"picked":"Doppelganger","floor":33},{"not_picked":["Masterful Stab+1","Crippling Poison+1"],"picked":"Dagger Throw+1","floor":35},{"not_picked":["Distraction","Poisoned Stab+1","Quick Slash+1"],"picked":"SKIP","floor":36},{"not_picked":["Calculated Gamble+1","Slice+1"],"picked":"Envenom+1","floor":39},{"not_picked":["Deadly Poison","Dagger Throw+1","Cloak And Dagger"],"picked":"SKIP","floor":44},{"not_picked":["Deadly Poison","Slice+1","Caltrops+1"],"picked":"SKIP","floor":45}],"player_experience":791899,"potions_floor_usage":[16,22,30,33,33,42,44,45,50,50,50,50,50,50],"damage_taken":[{"damage":3.0,"enemies":"Cultist","floor":1.0,"turns":4.0},{"damage":3.0,"enemies":"2 Louse","floor":3.0,"turns":2.0},{"damage":3.0,"enemies":"Jaw Worm","floor":5.0,"turns":4.0},{"damage":20.0,"enemies":"Gremlin Nob","floor":6.0,"turns":4.0},{"damage":19.0,"enemies":"Gremlin Gang","floor":8.0,"turns":4.0},{"damage":8.0,"enemies":"3 Louse","floor":11.0,"turns":2.0},{"damage":2,"enemies":"The Guardian","floor":16,"turns":12},{"damage":2,"enemies":"Spheric Guardian","floor":18,"turns":4},{"damage":0,"enemies":"3 Byrds","floor":21,"turns":3},{"damage":0,"enemies":"3 Cultists","floor":22,"turns":3},{"damage":8,"enemies":"Snake Plant","floor":29,"turns":5},{"damage":6,"enemies":"Gremlin Leader","floor":30,"turns":8},{"damage":18,"enemies":"Collector","floor":33,"turns":13},{"damage":9,"enemies":"Orb Walker","floor":35,"turns":4},{"damage":2,"enemies":"3 Shapes","floor":36,"turns":4},{"damage":3,"enemies":"Maw","floor":39,"turns":8},{"damage":10,"enemies":"Mysterious Sphere","floor":42,"turns":4},{"damage":17,"enemies":"2 Orb Walkers","floor":44,"turns":4},{"damage":4,"enemies":"4 Shapes","floor":45,"turns":4},{"damage":57,"enemies":"Donu and Deca","floor":50,"turns":10}],"relics_obtained":[{"floor":6.0,"key":"Kunai"},{"floor":9.0,"key":"Frozen Egg 2"},{"floor":26,"key":"Molten Egg 2"},{"floor":30,"key":"Bronze Scales"},{"floor":31,"key":"Anchor"},{"floor":42,"key":"Tingsha"},{"floor":43,"key":"Bag of Marbles"},{"floor":44,"key":"Vajra"}],"event_choices":[{"event_name":"Golden Shrine","player_choice":"Desecrate","floor":4.0,"damage_taken":0.0},{"event_name":"Upgrade Shrine","player_choice":"Upgraded","floor":14.0,"damage_taken":0.0},{"event_name":"The Mausoleum","player_choice":"Yes","floor":19,"damage_taken":0},{"event_name":"Duplicator","player_choice":"One dupe","floor":20,"damage_taken":0},{"event_name":"Addict","player_choice":"Obtained Relic","floor":24,"damage_taken":0},{"event_name":"Upgrade Shrine","player_choice":"Upgraded","floor":27,"damage_taken":0},{"event_name":"Tomb of Lord Red Mask","player_choice":"Paid","floor":37,"damage_taken":0},{"event_name":"Mysterious Sphere","player_choice":"Fight","floor":42,"damage_taken":0},{"event_name":"The Moai Head","player_choice":"Heal","floor":46,"damage_taken":0},{"event_name":"Bonfire Elementals","player_choice":"BASIC","floor":48,"damage_taken":0}],"boss_relics":[{"not_picked":["Lizard Tail","Orrery"],"picked":"Ectoplasm"},{"not_picked":["Philosopher\u0027s Stone","Tiny House"],"picked":"White Beast Statue"}],"items_purged_floors":[],"potions_floor_spawned":[3,5,6,16,18,21,30,35,36,39,42,44,45],"seed_played":"-3850944229680710201","ascension_level":13,"potions_obtained":[{"floor":3.0,"key":"Dexterity Potion"},{"floor":5.0,"key":"SteroidPotion"},{"floor":6.0,"key":"FearPotion"},{"floor":16,"key":"SteroidPotion"},{"floor":18,"key":"FearPotion"},{"floor":30,"key":"PowerPotion"},{"floor":35,"key":"Block Potion"},{"floor":36,"key":"PowerPotion"},{"floor":39,"key":"SpeedPotion"},{"floor":42,"key":"EssenceOfSteel"},{"floor":44,"key":"PowerPotion"},{"floor":45,"key":"EntropicBrew"}],"is_trial":false}