{"path_per_floor":["M","$","M","M","M","E","?","R","T","$","E","?","E","M","R","B",null,"M","M","$","?","M","E","M","E","T","?","M","E","R","$","R","B",null,"M","?","M","M","M","E","$","E","T","$","E","?","R","M","R","B"],"character_chosen":"IRONCLAD","items_purchased":["Shrug It Off","Feel No Pain","Whirlwind","Shrug It Off","Flame Barrier","Metallicize","Metallicize"],"gold_per_floor":[109,9,19,38,50,84,84,84,84,13,46,46,78,88,88,167,167,183,200,100,100,111,145,157,191,215,265,277,309,309,68,68,143,143,161,161,171,185,199,231,109,134,134,5,37,37,37,56,56,56],"floor_reached":51,"campfire_rested":3,"playtime":6042,"current_hp_per_floor":[70,70,73,79,74,40,33,33,33,33,55,55,54,48,48,32,78,83,75,75,75,65,49,41,37,37,37,46,35,62,62,62,63,86,86,69,65,74,69,78,78,33,33,33,42,42,70,71,97,93],"items_purged":["Parasite","Strike_R","Strike_R","Strike_R","Strike_R"],"gold":56,"score":1259,"play_id":"a7428f51-e4e8-4127-b8bd-ef8d2581f07a","is_prod":false,"is_daily":false,"is_ascension_mode":true,"campfire_upgraded":3,"path_taken":["M","$","M","M","M","E","?","R","T","$","E","?","E","M","R","BOSS","M","M","$","?","M","E","M","E","T","?","M","E","R","?","R","BOSS","M","?","M","?","M","E","$","E","T","$","E","?","R","M","R","BOSS"],"build_version":"2018-02-23-BETA1","purchased_purges":5,"victory":true,"master_deck":["Defend_R","Defend_R","Defend_R","Defend_R","Bash","Rampage+1","Shrug It Off","Shrug It Off","Flame Barrier+1","Feel No Pain","Evolve+1","Barricade","Disarm","Fiend Fire","Battle Trance","Headbutt","Immolate","True Grit+1","Whirlwind+1","Shrug It Off+1","Flame Barrier+1","Impervious+1","Madness+1","Madness+1","Evolve","Burning Pact+1","Shrug It Off+1","Metallicize","Metallicize","Demon Form"],"max_hp_per_floor":[82,79,79,79,79,79,79,79,79,79,93,93,93,93,93,93,93,93,93,93,93,93,93,93,93,93,93,93,93,93,93,93,93,93,93,93,93,93,93,93,93,95,95,95,95,95,95,97,97,97],"relics":["Burning Blood","Ice Cream","Magic Flower","Mango","Girya","Velvet Choker","Toxic Egg 2","Self Forming Clay","Orichalcum","Smiling Mask","Sozu","Bottled Tornado","Singing Bowl","Thread and Needle","Omamori"],"card_choices":[{"not_picked":["Wild Strike","Heavy Blade"],"picked":"Rampage"},{"not_picked":["Corruption","Clash"],"picked":"Shrug It Off"},{"not_picked":["Berserk","Warcry"],"picked":"Flame Barrier"},{"not_picked":["Cleave","Pommel Strike"],"picked":"Evolve"},{"not_picked":["Anger","Clothesline"],"picked":"Barricade"},{"not_picked":["Iron Wave","Warcry"],"picked":"Disarm"},{"not_picked":["Brutality","Berserk"],"picked":"Fiend Fire"},{"not_picked":["Twin Strike","Perfected Strike"],"picked":"Battle Trance"},{"not_picked":["Warcry","Pommel Strike"],"picked":"Headbutt"},{"not_picked":["Perfected Strike","Twin Strike"],"picked":"Immolate"},{"not_picked":["Armaments","Hemokinesis"],"picked":"True Grit"},{"not_picked":["Feed","Berserk"],"picked":"Impervious"},{"not_picked":["Heavy Blade","Uppercut"],"picked":"Evolve"},{"not_picked":["Havoc","Blood for Blood"],"picked":"Clothesline"},{"not_picked":["Havoc","Perfected Strike"],"picked":"Burning Pact"},{"not_picked":["Sword Boomerang","Havoc"],"picked":"Shrug It Off"},{"not_picked":["Thunderclap","Flex"],"picked":"Demon Form"}],"player_experience":230652,"potions_floor_usage":[13,16,23,23,29,29,29],"damage_taken":[{"damage":11,"enemies":"Jaw Worm","floor":1,"turns":4},{"damage":3,"enemies":"Small Slimes","floor":3,"turns":4},{"damage":0,"enemies":"Cultist","floor":4,"turns":4},{"damage":11,"enemies":"Looter","floor":5,"turns":4},{"damage":40,"enemies":"Lagavulin","floor":6,"turns":10},{"damage":1,"enemies":"3 Sentries","floor":11,"turns":12},{"damage":10,"enemies":"Lagavulin","floor":13,"turns":6},{"damage":15,"enemies":"Lots of Slimes","floor":14,"turns":8},{"damage":25,"enemies":"The Guardian","floor":16,"turns":13},{"damage":4,"enemies":"Shell Parasite","floor":18,"turns":7},{"damage":17,"enemies":"3 Byrds","floor":19,"turns":5},{"damage":19,"enemies":"Snake Plant","floor":22,"turns":3},{"damage":25,"enemies":"Slavers","floor":23,"turns":5},{"damage":17,"enemies":"Centurion and Healer","floor":24,"turns":9},{"damage":13,"enemies":"Book of Stabbing","floor":25,"turns":7},{"damage":0,"enemies":"Snecko","floor":28,"turns":5},{"damage":20,"enemies":"Slavers","floor":29,"turns":6},{"damage":8,"enemies":"Champ","floor":33,"turns":13},{"damage":9,"enemies":"Orb Walker","floor":35,"turns":5},{"damage":13,"enemies":"Flame Bruiser 1 Orb","floor":37,"turns":7},{"damage":0,"enemies":"4 Shapes","floor":38,"turns":9},{"damage":14,"enemies":"Spire Growth","floor":39,"turns":7},{"damage":0,"enemies":"Giant Head","floor":40,"turns":10},{"damage":56,"enemies":"2 Orb Walkers","floor":42,"turns":6},{"damage":0,"enemies":"Nemesis","floor":45,"turns":13},{"damage":10,"enemies":"Flame Bruiser 2 Orb","floor":48,"turns":9},{"damage":13,"enemies":"Time Eater","floor":50,"turns":12}],"event_choices":[{"event_name":"Golden Wing","player_choice":"Card Removal","floor":7,"damage_taken":0},{"event_name":"Accursed Blacksmith","player_choice":"Forge","floor":12,"damage_taken":0},{"event_name":"Drug Dealer","player_choice":"Ignored","floor":21,"damage_taken":0},{"event_name":"Golden Shrine","player_choice":"Pray","floor":27,"damage_taken":0},{"event_name":"Winding Halls","player_choice":"Embrace Madness","floor":36,"damage_taken":0}],"boss_relics":[{"not_picked":["Orrery","Snecko Eye"],"picked":"Velvet Choker"},{"not_picked":["Calling Bell","White Beast Statue"],"picked":"Sozu"}],"potions_floor_spawned":[11,13,14,16,22,24,25,28,35,39,45],"seed_played":"7242502204791511773","ascension_level":15,"is_trial":false}