{"gold_per_floor":[112,112,11,11,26,54,54,54,54,70,133,133,143,143,143,143],"floor_reached":16,"playtime":266,"items_purged":[],"score":98,"play_id":"9eac5f16-ed50-4ec8-a349-77f6f0b5a19b","local_time":"20190210120122","is_ascension_mode":false,"campfire_choices":[{"data":"Flex","floor":7,"key":"SMITH"},{"floor":12,"key":"REST"},{"data":"Bash","floor":15,"key":"SMITH"}],"neow_cost":"NONE","seed_source_timestamp":2657143526323083,"circlet_count":0,"master_deck":["Strike_R","Strike_R","Strike_R","Strike_R","Strike_R","Defend_R","Defend_R","Defend_R","Bash+1","Flex+1","Anger","Flex","Anger","Twin Strike","Iron Wave","Sword Boomerang"],"relics":["Burning Blood","Kunai","Singing Bowl","Art of War","The Courier"],"potions_floor_usage":[],"damage_taken":[{"damage":17,"enemies":"Small Slimes","floor":1,"turns":3},{"damage":15,"enemies":"2 Louse","floor":5,"turns":3},{"damage":20,"enemies":"Gremlin Nob","floor":6,"turns":4},{"damage":11,"enemies":"Jaw Worm","floor":10,"turns":2},{"damage":6,"enemies":"Gremlin Nob","floor":11,"turns":3},{"damage":16,"enemies":"3 Louse","floor":13,"turns":3},{"damage":68,"enemies":"Slime Boss","floor":16,"turns":10}],"seed_played":"-8928012202092488031","potions_obtained":[{"floor":1,"key":"SkillPotion"},{"floor":11,"key":"Swift Potion"}],"is_trial":false,"path_per_floor":["M","?","$","?","M","E","R","?","T","M","?","R","M","T","R","B"],"character_chosen":"IRONCLAD","items_purchased":["Flex","Anger"],"campfire_rested":1,"item_purchase_floors":[3,3],"current_hp_per_floor":[69,74,74,74,65,51,51,44,44,41,41,67,59,59,59,0],"gold":143,"neow_bonus":"THREE_CARDS","is_prod":false,"is_daily":false,"chose_seed":false,"campfire_upgraded":2,"win_rate":0,"timestamp":1549828882,"path_taken":["M","?","$","?","M","E","R","?","T","M","?","R","M","?","R","BOSS"],"build_version":"2019-01-23","purchased_purges":0,"victory":false,"max_hp_per_floor":[80,85,85,85,85,85,85,85,85,87,87,87,89,89,89,89],"card_choices":[{"not_picked":["Thunderclap","Burning Pact"],"picked":"Flex","floor":0},{"not_picked":["Body Slam","Iron Wave"],"picked":"Anger","floor":1},{"not_picked":["Shrug It Off","Fiend Fire"],"picked":"Twin Strike","floor":5},{"not_picked":["Anger","Twin Strike"],"picked":"Iron Wave","floor":6},{"not_picked":["Pommel Strike","Intimidate","Dropkick"],"picked":"Singing Bowl","floor":10},{"not_picked":["Battle Trance","Thunderclap"],"picked":"Sword Boomerang","floor":11},{"not_picked":["Twin Strike","Fiend Fire","Armaments"],"picked":"Singing Bowl","floor":13}],"player_experience":273286,"relics_obtained":[{"floor":6,"key":"Kunai"},{"floor":9,"key":"Singing Bowl"},{"floor":11,"key":"Art of War"},{"floor":14,"key":"The Courier"}],"event_choices":[{"damage_healed":0,"gold_gain":0,"player_choice":"Donut","damage_taken":0,"max_hp_gain":5,"max_hp_loss":0,"event_name":"Big Fish","floor":2,"gold_loss":0},{"damage_healed":0,"gold_gain":0,"player_choice":"Leave","damage_taken":0,"max_hp_gain":0,"max_hp_loss":0,"event_name":"The Cleric","floor":4,"gold_loss":0},{"cards_removed":["Defend_R"],"damage_healed":0,"gold_gain":0,"player_choice":"Card Removal","damage_taken":7,"max_hp_gain":0,"max_hp_loss":0,"event_name":"Golden Wing","floor":8,"gold_loss":0},{"damage_healed":0,"gold_gain":0,"player_choice":"Searched \u00271\u0027 times","damage_taken":0,"max_hp_gain":0,"max_hp_loss":0,"event_name":"Dead Adventurer","floor":11,"gold_loss":0}],"is_beta":false,"boss_relics":[],"items_purged_floors":[],"is_endless":false,"potions_floor_spawned":[1,11],"killed_by":"Slime Boss","ascension_level":0}