{"gold_per_floor":[118,293,293,308,30,30,46,65,111,141,141,156,156,188,188,293,293,310,310,324,236,236,236,247,247,247,273,273,273,9,28,28,125,125,135,148,148,158,158,158,158],"floor_reached":41,"playtime":5741,"items_purged":["Doubt","Concentrate"],"score":547,"play_id":"ea494e89-c568-4427-adcb-1aedd7f87d03","local_time":"20181215111400","is_ascension_mode":true,"campfire_choices":[{"data":"Noxious Fumes","floor":6,"key":"SMITH"},{"floor":15,"key":"REST"},{"data":"Noxious Fumes","floor":23,"key":"SMITH"},{"floor":25,"key":"REST"},{"floor":32,"key":"REST"},{"floor":40,"key":"REST"}],"neow_cost":"NONE","seed_source_timestamp":231376390454333,"circlet_count":0,"master_deck":["Survivor","Neutralize+1","Dodge and Roll+1","Noxious Fumes+1","Cloak And Dagger","Acrobatics","Dodge and Roll","Dagger Spray+1","Dodge and Roll","Envenom","Blade Dance","Crippling Poison","Venomology","Noxious Fumes+1","Choke+1","Venomology","Blur","Acrobatics","Well Laid Plans","Leg Sweep","Dagger Spray+1","Necronomicurse","Blur","After Image","Sucker Punch+1","Blade Dance+1","Envenom","Caltrops+1"],"relics":["Ring of the Serpent","Toolbox","Bag of Preparation","Smiling Mask","Bronze Scales","Pandora\u0027s Box","Snake Skull","The Courier","Whetstone","Necronomicon","ClockworkSouvenir"],"potions_floor_usage":[14,14,18,18,20,24,27,27,29,29,29,31,31,31,31,33,33,35,35,36,36,36,36,38,38,38,41,41],"damage_taken":[{"damage":0,"enemies":"Small Slimes","floor":1,"turns":3},{"damage":4,"enemies":"Cultist","floor":4,"turns":4},{"damage":1,"enemies":"Jaw Worm","floor":7,"turns":5},{"damage":0,"enemies":"Looter","floor":8,"turns":4},{"damage":22,"enemies":"3 Sentries","floor":10,"turns":8},{"damage":0,"enemies":"Red Slaver","floor":12,"turns":3},{"damage":11,"enemies":"Lagavulin","floor":14,"turns":6},{"damage":31,"enemies":"The Guardian","floor":16,"turns":10},{"damage":27,"enemies":"Shell Parasite","floor":18,"turns":6},{"damage":5,"enemies":"3 Byrds","floor":20,"turns":3},{"damage":7,"enemies":"3 Cultists","floor":24,"turns":3},{"damage":2,"enemies":"Book of Stabbing","floor":27,"turns":5},{"damage":14,"enemies":"Shelled Parasite and Fungi","floor":29,"turns":3},{"damage":1,"enemies":"Centurion and Healer","floor":31,"turns":5},{"damage":29,"enemies":"Champ","floor":33,"turns":12},{"damage":7,"enemies":"3 Darklings","floor":35,"turns":6},{"damage":13,"enemies":"Orb Walker","floor":36,"turns":4},{"damage":8,"enemies":"Spire Growth","floor":38,"turns":5},{"damage":51,"enemies":"Nemesis","floor":41,"turns":6}],"seed_played":"-235910973484404422","potions_obtained":[{"floor":4,"key":"Energy Potion"},{"floor":10,"key":"Ancient Potion"},{"floor":12,"key":"SkillPotion"},{"floor":16,"key":"Weak Potion"},{"floor":24,"key":"LiquidBronze"},{"floor":33,"key":"EssenceOfSteel"},{"floor":38,"key":"FearPotion"}],"is_trial":false,"path_per_floor":["M","?","?","M","$","R","M","M","T","E","?","M","?","E","R","B",null,"M","T","M","$","?","R","M","R","T","E","?","M","$","M","R","B",null,"M","M","?","M","$","R","E"],"character_chosen":"THE_SILENT","items_purchased":["Toolbox","Well Laid Plans","ClockworkSouvenir","Regen Potion","Energy Potion"],"campfire_rested":4,"item_purchase_floors":[5,21,30,30,30],"current_hp_per_floor":[63,63,63,59,59,59,58,58,58,36,22,22,22,11,32,1,53,26,26,21,21,21,21,14,35,35,33,17,3,3,17,38,9,55,48,35,35,27,27,48,0],"gold":158,"neow_bonus":"UPGRADE_CARD","is_prod":false,"is_daily":false,"chose_seed":false,"campfire_upgraded":2,"win_rate":0,"timestamp":1544890440,"path_taken":["M","?","?","?","?","R","M","M","T","E","?","M","?","E","R","BOSS","M","?","M","?","?","R","?","R","T","E","?","M","$","M","R","BOSS","M","M","?","?","$","R","E"],"build_version":"2018-12-13","purchased_purges":2,"victory":false,"max_hp_per_floor":[70,70,70,70,70,70,70,70,70,70,70,70,70,70,70,70,70,70,70,70,70,70,70,70,70,70,70,70,70,70,70,70,70,70,70,70,70,70,70,70,70],"card_choices":[{"not_picked":["Dagger Throw","Prepared"],"picked":"Dodge and Roll","floor":1},{"not_picked":["Footwork","Leg Sweep"],"picked":"Noxious Fumes","floor":4},{"not_picked":["Dodge and Roll","Reflex"],"picked":"Cloak And Dagger","floor":7},{"not_picked":["Prepared","Bane"],"picked":"Acrobatics","floor":8},{"not_picked":["Prepared","Bane"],"picked":"Dodge and Roll","floor":10},{"not_picked":["Sucker Punch","Poisoned Stab"],"picked":"Dagger Spray","floor":12},{"not_picked":["Riddle With Holes","Cloak And Dagger"],"picked":"Dodge and Roll","floor":14},{"not_picked":["Storm of Steel","Wraith Form v2"],"picked":"Envenom","floor":16},{"not_picked":["Dodge and Roll","Slice","PiercingWail"],"picked":"SKIP","floor":18},{"not_picked":["Prepared","Endless Agony+1","Bane"],"picked":"SKIP","floor":20},{"not_picked":["Deflect","Accuracy"],"picked":"Leg Sweep","floor":24},{"not_picked":["Expertise","Envenom"],"picked":"Dagger Spray","floor":27},{"not_picked":["Blade Dance+1","Catalyst"],"picked":"Blur","floor":31},{"not_picked":["Malaise","Grand Finale"],"picked":"After Image","floor":33},{"not_picked":["Acrobatics+1","Accuracy+1"],"picked":"Sucker Punch+1","floor":35},{"not_picked":["Cloak And Dagger","Bane+1"],"picked":"Blade Dance+1","floor":36},{"not_picked":["Outmaneuver","Blur"],"picked":"Caltrops+1","floor":38}],"player_experience":308679,"relics_obtained":[{"floor":9,"key":"Bag of Preparation"},{"floor":10,"key":"Smiling Mask"},{"floor":14,"key":"Bronze Scales"},{"floor":19,"key":"Snake Skull"},{"floor":26,"key":"The Courier"},{"floor":27,"key":"Whetstone"},{"floor":28,"key":"Necronomicon"}],"event_choices":[{"damage_healed":0,"gold_gain":175,"player_choice":"AGREE","damage_taken":0,"max_hp_gain":0,"max_hp_loss":0,"event_name":"Liars Game","floor":2,"gold_loss":0,"cards_obtained":["Doubt"]},{"damage_healed":0,"gold_gain":0,"player_choice":"Upgraded","damage_taken":0,"max_hp_gain":0,"max_hp_loss":0,"event_name":"Upgrade Shrine","floor":3,"gold_loss":0,"cards_upgraded":["Dodge and Roll"]},{"damage_healed":0,"gold_gain":0,"player_choice":"Entered Light","damage_taken":14,"max_hp_gain":0,"max_hp_loss":0,"event_name":"Shining Light","floor":11,"gold_loss":0,"cards_upgraded":["Strike_G","Strike_G"]},{"damage_healed":0,"gold_gain":0,"player_choice":"Forge","damage_taken":0,"max_hp_gain":0,"max_hp_loss":0,"event_name":"Accursed Blacksmith","floor":13,"gold_loss":0,"cards_upgraded":["Dagger Spray"]},{"cards_removed":["Tactician"],"damage_healed":0,"gold_gain":0,"player_choice":"Elegance","damage_taken":0,"max_hp_gain":0,"max_hp_loss":0,"event_name":"Back to Basics","floor":22,"gold_loss":0},{"damage_healed":0,"gold_gain":0,"player_choice":"Obtained Book","damage_taken":16,"max_hp_gain":0,"max_hp_loss":0,"event_name":"Cursed Tome","floor":28,"gold_loss":0},{"damage_healed":0,"gold_gain":0,"player_choice":"1 cards matched","damage_taken":0,"max_hp_gain":0,"max_hp_loss":0,"event_name":"Match and Keep!","floor":37,"gold_loss":0,"cards_obtained":["Envenom"]}],"is_beta":false,"boss_relics":[{"not_picked":["Calling Bell","Philosopher\u0027s Stone"],"picked":"Pandora\u0027s Box"},{"not_picked":["WristBlade","Coffee Dripper"],"picked":"Ring of the Serpent"}],"items_purged_floors":[5,21],"is_endless":false,"potions_floor_spawned":[4,10,12,16,24,29,33,38],"killed_by":"Nemesis","ascension_level":6}