{"gold_per_floor":[118,118,68,68,68,94,113,34,59,59,78,78,92,2,2,106,106,123,23,23,23,33,33,33,65,65,11,11,11,24,39,39,39],"floor_reached":33,"playtime":1282,"items_purged":["Strike_G"],"score":476,"play_id":"2f6e8b8d-1f0d-42cf-a687-fd8f3e093d6f","local_time":"20181127031626","is_ascension_mode":true,"campfire_choices":[{"data":"Catalyst","floor":10,"key":"SMITH"},{"floor":15,"key":"REST"},{"data":"Cloak And Dagger","floor":23,"key":"SMITH"},{"floor":28,"key":"REST"},{"floor":32,"key":"REST"}],"neow_cost":"NONE","seed_source_timestamp":1122180583927894,"circlet_count":0,"master_deck":["Defend_G","Defend_G","Defend_G","Defend_G","Strike_G","Survivor","Neutralize","Poisoned Stab","Blur","Backflip","Catalyst+1","Corpse Explosion","Flechettes","Dodge and Roll","Backstab","Footwork","Deadly Poison","Cloak And Dagger+1","RitualDagger","Noxious Fumes","Regret","Deadly Poison","Regret","Deadly Poison","PiercingWail"],"relics":["Ring of the Snake","NeowsBlessing","Pear","Orichalcum","Boot","Strawberry","Cursed Key","Anchor","Darkstone Periapt","Lantern"],"potions_floor_usage":[16,33],"damage_taken":[{"damage":0,"enemies":"2 Louse","floor":1,"turns":1},{"damage":0,"enemies":"3 Sentries","floor":6,"turns":1},{"damage":0,"enemies":"Jaw Worm","floor":7,"turns":1},{"damage":0,"enemies":"Small Slimes","floor":11,"turns":3},{"damage":3,"enemies":"Blue Slaver","floor":13,"turns":6},{"damage":46,"enemies":"Slime Boss","floor":16,"turns":9},{"damage":0,"enemies":"3 Byrds","floor":18,"turns":2},{"damage":2,"enemies":"Spheric Guardian","floor":22,"turns":4},{"damage":51,"enemies":"Gremlin Leader","floor":25,"turns":10},{"damage":8,"enemies":"Shelled Parasite and Fungi","floor":30,"turns":5},{"damage":19,"enemies":"Snecko","floor":31,"turns":4},{"damage":57,"enemies":"Collector","floor":33,"turns":5}],"seed_played":"-219830980104965003","potions_obtained":[{"floor":1,"key":"Ancient Potion"},{"floor":7,"key":"PowerPotion"},{"floor":13,"key":"Strength Potion"},{"floor":22,"key":"SteroidPotion"},{"floor":30,"key":"Strength Potion"}],"is_trial":false,"path_per_floor":["M","?","?","T","?","E","M","$","T","R","M","?","M","$","R","B",null,"M","$","?","?","M","R","?","E","T","$","R","T","M","M","R","B"],"character_chosen":"THE_SILENT","items_purchased":["Catalyst","Dodge and Roll","Backstab","Deadly Poison","Deadly Poison"],"campfire_rested":3,"item_purchase_floors":[8,14,14,19,27],"current_hp_per_floor":[63,56,56,66,48,48,48,48,55,55,55,55,52,52,78,32,73,73,73,73,73,71,71,65,14,20,20,47,53,45,26,55,0],"gold":39,"neow_bonus":"THREE_ENEMY_KILL","is_prod":false,"is_daily":false,"chose_seed":false,"campfire_upgraded":2,"win_rate":0,"timestamp":1543306586,"path_taken":["M","?","?","?","?","E","M","$","T","R","?","?","M","$","R","BOSS","M","$","?","?","M","R","?","E","T","$","R","?","M","M","R","BOSS"],"build_version":"2018-11-15","purchased_purges":1,"victory":false,"max_hp_per_floor":[70,70,70,80,80,80,80,80,87,87,87,87,87,87,87,87,87,87,87,87,87,87,87,87,87,93,93,93,99,99,99,99,99],"card_choices":[{"not_picked":["Underhanded Strike","Flying Knee"],"picked":"Poisoned Stab","floor":1},{"not_picked":["Dagger Throw","Sucker Punch"],"picked":"Blur","floor":6},{"not_picked":["Acrobatics","Slice"],"picked":"Backflip","floor":7},{"not_picked":["Flying Knee","Cloak And Dagger"],"picked":"Corpse Explosion","floor":11},{"not_picked":["Bane","Underhanded Strike","All Out Attack"],"picked":"SKIP","floor":13},{"not_picked":["Escape Plan","Expertise+1"],"picked":"Footwork","floor":18},{"not_picked":["Flying Knee","Blade Dance"],"picked":"Cloak And Dagger","floor":22},{"not_picked":["Skewer","Tactician"],"picked":"Noxious Fumes","floor":25},{"not_picked":["Deflect","Dash"],"picked":"Deadly Poison","floor":30},{"not_picked":["Acrobatics+1","Terror"],"picked":"PiercingWail","floor":31}],"player_experience":832847,"relics_obtained":[{"floor":4,"key":"Pear"},{"floor":6,"key":"Boot"},{"floor":9,"key":"Strawberry"},{"floor":25,"key":"Anchor"},{"floor":26,"key":"Darkstone Periapt"},{"floor":29,"key":"Lantern"}],"event_choices":[{"cards_removed":["Strike_G"],"damage_healed":0,"gold_gain":0,"player_choice":"Card Removal","damage_taken":7,"max_hp_gain":0,"max_hp_loss":0,"event_name":"Golden Wing","floor":2,"gold_loss":0},{"cards_removed":["Strike_G"],"damage_healed":0,"gold_gain":0,"player_choice":"Card Removal","damage_taken":0,"max_hp_gain":0,"max_hp_loss":0,"event_name":"The Cleric","floor":3,"gold_loss":50},{"damage_healed":0,"gold_gain":0,"player_choice":"Success","damage_taken":18,"relics_obtained":["Orichalcum"],"max_hp_gain":0,"max_hp_loss":0,"event_name":"Scrap Ooze","floor":5,"gold_loss":0},{"damage_healed":0,"gold_gain":0,"cards_transformed":["Defend_G"],"player_choice":"Transformed","damage_taken":0,"max_hp_gain":0,"max_hp_loss":0,"event_name":"Transmorgrifier","floor":12,"gold_loss":0,"cards_obtained":["Flechettes"]},{"cards_removed":["Strike_G"],"damage_healed":0,"gold_gain":0,"player_choice":"Elegance","damage_taken":0,"max_hp_gain":0,"max_hp_loss":0,"event_name":"Back to Basics","floor":20,"gold_loss":0},{"damage_healed":0,"gold_gain":0,"player_choice":"Joined the Cult","damage_taken":6,"max_hp_gain":0,"max_hp_loss":0,"event_name":"Nest","floor":24,"gold_loss":0,"cards_obtained":["RitualDagger"]}],"is_beta":false,"boss_relics":[{"not_picked":["Philosopher\u0027s Stone","Busted Crown"],"picked":"Cursed Key"}],"items_purged_floors":[19],"is_endless":false,"potions_floor_spawned":[1,7,13,22,30],"killed_by":"Collector","ascension_level":9}