{"gold_per_floor":[362,362,381,381,397,397,397,426,426,452,471,57,57,70],"floor_reached":14,"playtime":741,"items_purged":["Strike_R"],"score":100,"play_id":"1b89e052-656a-48e7-9df5-facb127de2db","local_time":"20190120205340","is_ascension_mode":false,"campfire_choices":[{"data":"Flex","floor":6,"key":"SMITH"},{"data":"Flame Barrier","floor":13,"key":"SMITH"}],"neow_cost":"CURSE","seed_source_timestamp":787621549292478,"circlet_count":0,"master_deck":["Strike_R","Strike_R","Strike_R","Strike_R","Defend_R","Defend_R","Defend_R","Defend_R","Bash+1","Flex+1","Flex+1","Flame Barrier+1","Metallicize","Feed+1","HandOfGreed+1"],"relics":["Burning Blood","Ginger","Molten Egg 2","Art of War"],"potions_floor_usage":[10],"damage_taken":[{"damage":3,"enemies":"2 Louse","floor":1,"turns":3},{"damage":3,"enemies":"Cultist","floor":3,"turns":3},{"damage":2,"enemies":"Small Slimes","floor":5,"turns":3},{"damage":25,"enemies":"3 Sentries","floor":8,"turns":8},{"damage":31,"enemies":"Lagavulin","floor":10,"turns":4},{"damage":13,"enemies":"Red Slaver","floor":11,"turns":4},{"damage":2,"enemies":"Looter","floor":14,"turns":4}],"seed_played":"-1532690811953810649","potions_obtained":[{"floor":8,"key":"SteroidPotion"},{"floor":10,"key":"PowerPotion"},{"floor":11,"key":"Swift Potion"}],"is_trial":false,"path_per_floor":["M","?","M","?","M","R","?","E","T","E","M","$","R","M"],"character_chosen":"IRONCLAD","items_purchased":["Feed+1","HandOfGreed+1"],"campfire_rested":0,"item_purchase_floors":[12,12],"current_hp_per_floor":[80,80,80,80,80,80,80,61,61,36,29,29,29,33],"gold":70,"neow_bonus":"TWO_FIFTY_GOLD","is_prod":false,"is_daily":false,"chose_seed":false,"campfire_upgraded":2,"win_rate":0,"timestamp":1547985220,"path_taken":["M","?","?","?","M","R","?","E","T","E","?","$","R","M"],"build_version":"2019-01-17v2","purchased_purges":1,"victory":false,"max_hp_per_floor":[80,80,80,80,80,80,80,80,80,80,80,80,80,80],"card_choices":[{"not_picked":["Warcry","Armaments"],"picked":"Flex","floor":1},{"not_picked":["Thunderclap","True Grit","Dual Wield"],"picked":"SKIP","floor":3},{"not_picked":["Pommel Strike","True Grit"],"picked":"Flex","floor":5},{"not_picked":["Searing Blow","Second Wind","Sentinel"],"picked":"SKIP","floor":8},{"not_picked":["Reckless Charge+1","Warcry"],"picked":"Flame Barrier","floor":10},{"not_picked":["Fire Breathing","Corruption"],"picked":"Metallicize","floor":11}],"player_experience":862367,"relics_obtained":[{"floor":8,"key":"Ginger"},{"floor":9,"key":"Molten Egg 2"},{"floor":10,"key":"Art of War"}],"event_choices":[{"damage_healed":0,"gold_gain":0,"player_choice":"Forge","damage_taken":0,"max_hp_gain":0,"max_hp_loss":0,"event_name":"Accursed Blacksmith","floor":2,"gold_loss":0,"cards_upgraded":["Bash"]},{"cards_removed":["Decay"],"damage_healed":0,"gold_gain":0,"player_choice":"Forget","damage_taken":0,"max_hp_gain":0,"max_hp_loss":0,"event_name":"Living Wall","floor":4,"gold_loss":0},{"damage_healed":0,"gold_gain":0,"player_choice":"Upgraded","damage_taken":0,"max_hp_gain":0,"max_hp_loss":0,"event_name":"Upgrade Shrine","floor":7,"gold_loss":0,"cards_upgraded":["Flex"]}],"is_beta":false,"boss_relics":[],"items_purged_floors":[12],"is_endless":false,"potions_floor_spawned":[8,10,11],"killed_by":"Looter","ascension_level":0}