{"gold_per_floor":[114,129,129,79,4,34,49,49,74,104,119,149,164,179,179,179],"floor_reached":16,"playtime":986,"items_purged":["Entrench"],"score":222,"play_id":"98aa0b8b-04f3-4ac9-b22c-5ce0a9433141","local_time":"20190127151156","daily_mods":["Insanity","ControlledChaos","Elite Swarm"],"is_ascension_mode":false,"campfire_choices":[{"data":"Brutality","floor":8,"key":"SMITH"},{"data":"Double Tap","floor":15,"key":"SMITH"}],"neow_cost":"","seed_source_timestamp":0,"circlet_count":0,"master_deck":["Flame Barrier","Thunderclap","Pummel","Iron Wave","Anger","Twin Strike","Headbutt","Heavy Blade","Wild Strike","Warcry","Sever Soul","Power Through","Burning Pact","Pommel Strike","Thunderclap","True Grit","Shrug It Off","Armaments","Warcry","Flex","Bloodletting","Intimidate","Cleave","Iron Wave","Clothesline","Armaments","Twin Strike","Bloodletting","Cleave","Reckless Charge","Body Slam","Havoc","Anger","Clothesline","Wild Strike","Warcry","Battle Trance","Pummel","Heavy Blade","Combust","Corruption","Flex","Heavy Blade","Heavy Blade","Flex","True Grit","Fire Breathing","Shrug It Off","Warcry","Brutality+1","Fire Breathing","Double Tap+1","Offering"],"special_seed":17923,"relics":["Burning Blood","Frozen Eye","Mummified Hand","Art of War","Dodecahedron","Charon\u0027s Ashes"],"potions_floor_usage":[6,14,16],"damage_taken":[{"damage":11,"enemies":"Jaw Worm","floor":1,"turns":2},{"damage":4,"enemies":"2 Louse","floor":2,"turns":2},{"damage":15,"enemies":"Lagavulin","floor":6,"turns":6},{"damage":0,"enemies":"Small Slimes","floor":7,"turns":3},{"damage":10,"enemies":"3 Sentries","floor":10,"turns":4},{"damage":1,"enemies":"2 Fungi Beasts","floor":11,"turns":2},{"damage":34,"enemies":"Lagavulin","floor":12,"turns":4},{"damage":12,"enemies":"Looter","floor":13,"turns":2},{"damage":11,"enemies":"Exordium Thugs","floor":14,"turns":2},{"damage":29,"enemies":"The Guardian","floor":16,"turns":6}],"seed_played":"-4277099179774056171","potions_obtained":[{"floor":1,"key":"Explosive Potion"},{"floor":2,"key":"Block Potion"},{"floor":12,"key":"Dexterity Potion"},{"floor":13,"key":"Strength Potion"},{"floor":14,"key":"Poison Potion"}],"is_trial":false,"path_per_floor":["M","M","?","?","$","E","M","R","T","E","M","E","M","M","R","B"],"character_chosen":"IRONCLAD","items_purchased":[],"campfire_rested":0,"item_purchase_floors":[],"current_hp_per_floor":[75,77,70,70,70,61,67,67,67,63,68,40,34,29,29,0],"gold":179,"neow_bonus":"","is_prod":false,"is_daily":true,"chose_seed":false,"campfire_upgraded":2,"win_rate":0,"timestamp":1548569516,"path_taken":["M","M","?","?","$","E","M","R","T","E","M","E","M","M","R","BOSS"],"build_version":"2019-01-23","purchased_purges":1,"victory":false,"max_hp_per_floor":[80,80,80,80,80,80,80,80,80,80,80,80,80,80,80,80],"card_choices":[{"not_picked":["Iron Wave","Shockwave"],"picked":"Shrug It Off","floor":1},{"not_picked":["Flex","Clash"],"picked":"Warcry","floor":2},{"not_picked":["Immolate","Bludgeon"],"picked":"Brutality","floor":6},{"not_picked":["Heavy Blade","Anger"],"picked":"Fire Breathing","floor":7},{"not_picked":["Feed","Limit Break"],"picked":"Double Tap","floor":10},{"not_picked":["Anger","Armaments","Seeing Red"],"picked":"SKIP","floor":11},{"not_picked":["Limit Break","Immolate"],"picked":"Offering","floor":12},{"not_picked":["Headbutt","Warcry","Thunderclap"],"picked":"SKIP","floor":13},{"not_picked":["Heavy Blade","Pommel Strike","Body Slam"],"picked":"SKIP","floor":14}],"player_experience":881818,"relics_obtained":[{"floor":6,"key":"Mummified Hand"},{"floor":9,"key":"Art of War"},{"floor":10,"key":"Dodecahedron"},{"floor":12,"key":"Charon\u0027s Ashes"}],"event_choices":[{"cards_removed":["Clash"],"damage_healed":0,"gold_gain":0,"player_choice":"Card Removal","damage_taken":7,"max_hp_gain":0,"max_hp_loss":0,"event_name":"Golden Wing","floor":3,"gold_loss":0},{"cards_removed":["Entrench"],"damage_healed":0,"gold_gain":0,"player_choice":"Card Removal","damage_taken":0,"max_hp_gain":0,"max_hp_loss":0,"event_name":"The Cleric","floor":4,"gold_loss":50}],"is_beta":false,"boss_relics":[],"items_purged_floors":[5],"is_endless":false,"potions_floor_spawned":[1,2,12,13,14],"killed_by":"The Guardian","ascension_level":0}