{"gold_per_floor":[112,112,37,109,125,125,154,154,154,154,171,187,217,247,247,247],"floor_reached":16,"playtime":416,"items_purged":[],"score":216,"play_id":"565a5ce7-1d37-41ab-8655-c24cf2ab025e","local_time":"20190303171047","is_ascension_mode":true,"campfire_choices":[{"data":"Bash","floor":6.0,"key":"SMITH"},{"data":"Sword Boomerang","floor":8.0,"key":"SMITH"},{"data":"Defend_R","floor":10.0,"key":"SMITH"},{"data":"Defend_R","floor":15.0,"key":"SMITH"}],"neow_cost":"NONE","seed_source_timestamp":0,"circlet_count":0,"master_deck":["AscendersBane","Strike_R","Strike_R","Strike_R+1","Strike_R+1","Defend_R+1","Defend_R","Defend_R","Defend_R+1","Bash+1","Sword Boomerang+1"],"special_seed":0,"relics":["Burning Blood","Whetstone","Sundial","Singing Bowl","Meat on the Bone","Bottled Lightning","Orichalcum"],"potions_floor_usage":[16],"damage_taken":[{"damage":5.0,"enemies":"Small Slimes","floor":1.0,"turns":3.0},{"damage":9.0,"enemies":"Jaw Worm","floor":5.0,"turns":4.0},{"damage":55.0,"enemies":"3 Sentries","floor":7.0,"turns":9.0},{"damage":0.0,"enemies":"Cultist","floor":11.0,"turns":3.0},{"damage":7.0,"enemies":"Looter","floor":12.0,"turns":4.0},{"damage":32.0,"enemies":"Gremlin Nob","floor":13.0,"turns":4.0},{"damage":25,"enemies":"Slime Boss","floor":16,"turns":8}],"seed_played":"2467882318538841860","potions_obtained":[{"floor":1.0,"key":"LiquidBronze"},{"floor":11.0,"key":"Energy Potion"}],"is_trial":false,"path_per_floor":["M","?","?","T","M","R","E","R","T","R","M","M","E","?","R","B"],"character_chosen":"IRONCLAD","items_purchased":[],"campfire_rested":0,"item_purchase_floors":[],"current_hp_per_floor":[69,74,74,74,71,71,22,22,22,22,42,55,43,43,43,18],"gold":247,"neow_bonus":"RANDOM_COMMON_RELIC","is_prod":false,"is_daily":false,"chose_seed":false,"campfire_upgraded":4,"win_rate":0,"timestamp":1551600647,"path_taken":["M","?","?","?","?","R","E","R","T","R","M","M","E","?","R","BOSS"],"build_version":"2019-01-23","purchased_purges":0,"victory":false,"max_hp_per_floor":[75,80,80,80,80,80,80,80,80,80,82,84,86,86,86,86],"card_choices":[{"not_picked":["Hemokinesis","Sentinel","Heavy Blade"],"picked":"SKIP","floor":1.0},{"not_picked":["Clash","Flex","Carnage"],"picked":"SKIP","floor":5.0},{"not_picked":["Body Slam","Armaments"],"picked":"Sword Boomerang","floor":7.0},{"not_picked":["Havoc","Reaper","Entrench"],"picked":"Singing Bowl","floor":11.0},{"not_picked":["Clothesline","Shrug It Off","Flex"],"picked":"Singing Bowl","floor":12.0},{"not_picked":["Wild Strike","Iron Wave","Body Slam"],"picked":"Singing Bowl","floor":13.0}],"player_experience":1042831,"relics_obtained":[{"floor":4.0,"key":"Sundial"},{"floor":7.0,"key":"Singing Bowl"},{"floor":9.0,"key":"Meat on the Bone"},{"floor":13.0,"key":"Bottled Lightning"}],"event_choices":[{"damage_healed":0.0,"max_hp_gain":5.0,"max_hp_loss":0.0,"gold_gain":0.0,"event_name":"Big Fish","player_choice":"Donut","floor":2.0,"gold_loss":0.0,"damage_taken":0.0},{"cards_removed":["Strike_R"],"damage_healed":0.0,"max_hp_gain":0.0,"max_hp_loss":0.0,"gold_gain":0.0,"event_name":"The Cleric","player_choice":"Card Removal","floor":3.0,"gold_loss":75.0,"damage_taken":0.0},{"damage_healed":0.0,"max_hp_gain":0.0,"max_hp_loss":0.0,"gold_gain":30.0,"event_name":"Dead Adventurer","player_choice":"Searched \u00272\u0027 times","floor":14.0,"gold_loss":0.0,"damage_taken":0.0,"relics_obtained":["Orichalcum"]}],"is_beta":false,"boss_relics":[],"items_purged_floors":[],"is_endless":false,"potions_floor_spawned":[1,11],"killed_by":"Slime Boss","ascension_level":20}