{"gold_per_floor":[114,114,137,137,137,177,193,212,280,59,79,103,147,78,78,209,209,234,257,172,172,196,227,240,240,267,308,327,361,173,194,194,194],"floor_reached":33,"playtime":2030,"items_purged":[],"score":642,"play_id":"e4281e98-f31d-4245-a0e6-db2878255965","local_time":"20181209205127","is_ascension_mode":true,"campfire_choices":[{"data":"Footwork","floor":15,"key":"SMITH"},{"data":"Neutralize","floor":25,"key":"SMITH"},{"data":"After Image","floor":32,"key":"SMITH"}],"neow_cost":"NONE","seed_source_timestamp":1376565445784097,"circlet_count":0,"master_deck":["Defend_G","Defend_G","Defend_G","Defend_G","Strike_G+1","Strike_G+1","Survivor","Neutralize+1","Backstab","Dash","Flechettes","Dodge and Roll","Blade Dance","Terror","Footwork+1","Backflip","Riddle With Holes","After Image+1","Caltrops","Bullet Time+1","Accuracy+1","Riddle With Holes+1","Die Die Die+1","Blade Dance+1","Blade Dance","Infinite Blades","Acrobatics","Bouncing Flask","Footwork","Deadly Poison+1","Caltrops","Infinite Blades","Noxious Fumes"],"relics":["Ring of the Snake","NeowsBlessing","Golden Idol","FossilizedHelix","PreservedInsect","Mercury Hourglass","Boot","Whetstone","Astrolabe","Centennial Puzzle","Orichalcum","Ancient Tea Set","Anchor","Smiling Mask","Vajra"],"potions_floor_usage":[8,16,22,27,28,31,33,33],"damage_taken":[{"damage":0,"enemies":"2 Louse","floor":1,"turns":1},{"damage":0,"enemies":"Small Slimes","floor":3,"turns":1},{"damage":0,"enemies":"3 Sentries","floor":6,"turns":1},{"damage":0,"enemies":"Cultist","floor":7,"turns":3},{"damage":0,"enemies":"Looter","floor":8,"turns":1},{"damage":0,"enemies":"Blue Slaver","floor":11,"turns":2},{"damage":0,"enemies":"Lots of Slimes","floor":12,"turns":3},{"damage":0,"enemies":"Gremlin Nob","floor":13,"turns":2},{"damage":0,"enemies":"Slime Boss","floor":16,"turns":9},{"damage":3,"enemies":"Shell Parasite","floor":18,"turns":6},{"damage":9,"enemies":"3 Byrds","floor":19,"turns":3},{"damage":16,"enemies":"Snake Plant","floor":22,"turns":4},{"damage":0,"enemies":"Gremlin Leader","floor":23,"turns":5},{"damage":14,"enemies":"Centurion and Healer","floor":24,"turns":3},{"damage":0,"enemies":"Book of Stabbing","floor":27,"turns":2},{"damage":0,"enemies":"Sentry and Sphere","floor":28,"turns":3},{"damage":0,"enemies":"Gremlin Leader","floor":29,"turns":3},{"damage":0,"enemies":"Snecko","floor":31,"turns":2},{"damage":35,"enemies":"Champ","floor":33,"turns":8}],"seed_played":"4693190326309506802","potions_obtained":[{"floor":6,"key":"Swift Potion"},{"floor":7,"key":"Explosive Potion"},{"floor":8,"key":"SkillPotion"},{"floor":16,"key":"Poison Potion"},{"floor":24,"key":"Fire Potion"},{"floor":27,"key":"PowerPotion"},{"floor":28,"key":"Dexterity Potion"},{"floor":29,"key":"SneckoOil"}],"is_trial":false,"path_per_floor":["M","?","M","?","?","E","M","M","T","$","M","M","E","$","R","B",null,"M","M","?","?","M","E","M","R","T","E","M","E","$","M","R","B"],"character_chosen":"THE_SILENT","items_purchased":["Boot","Footwork","Caltrops","Vajra","Infinite Blades"],"campfire_rested":0,"item_purchase_floors":[10,10,14,30,30],"current_hp_per_floor":[63,63,63,51,51,51,51,51,51,51,51,51,51,51,51,51,62,59,50,50,50,34,34,20,20,20,20,20,20,20,20,20,0],"gold":194,"neow_bonus":"THREE_ENEMY_KILL","is_prod":false,"is_daily":false,"chose_seed":false,"campfire_upgraded":3,"win_rate":0,"timestamp":1544406687,"path_taken":["M","?","M","?","?","E","M","M","T","$","?","M","E","$","R","BOSS","M","M","?","?","?","E","M","R","T","E","M","E","$","?","R","BOSS"],"build_version":"2018-12-06","purchased_purges":0,"victory":false,"max_hp_per_floor":[70,65,65,65,65,65,65,65,65,65,65,65,65,65,65,65,65,65,65,65,65,65,65,65,65,65,65,65,65,65,65,65,65],"card_choices":[{"not_picked":["Flying Knee","Finisher"],"picked":"Backstab","floor":1},{"not_picked":["Predator","Infinite Blades"],"picked":"Dash","floor":3},{"not_picked":["Dagger Throw","Underhanded Strike"],"picked":"Dodge and Roll","floor":6},{"not_picked":["Flying Knee","Deflect"],"picked":"Blade Dance","floor":7},{"not_picked":["Eviscerate","Outmaneuver"],"picked":"Terror","floor":8},{"not_picked":["Flying Knee","Eviscerate"],"picked":"Backflip","floor":11},{"not_picked":["Slice","Flying Knee"],"picked":"Riddle With Holes","floor":12},{"not_picked":["Flechettes","PiercingWail"],"picked":"After Image","floor":13},{"not_picked":["Envenom","Night Terror"],"picked":"Bullet Time","floor":16},{"not_picked":["Bane+1","Cloak And Dagger"],"picked":"Blade Dance+1","floor":18},{"not_picked":["Prepared","Backflip"],"picked":"Blade Dance","floor":19},{"not_picked":["Dodge and Roll","Reflex"],"picked":"Infinite Blades","floor":22},{"not_picked":["Tools of the Trade","Malaise"],"picked":"Acrobatics","floor":23},{"not_picked":["Quick Slash","Blade Dance"],"picked":"Bouncing Flask","floor":24},{"not_picked":["Flying Knee","Underhanded Strike+1"],"picked":"Footwork","floor":27},{"not_picked":["Deflect","Dagger Throw"],"picked":"Deadly Poison+1","floor":28},{"not_picked":["Backflip","Predator"],"picked":"Caltrops","floor":29},{"not_picked":["Slice","Wraith Form v2"],"picked":"Noxious Fumes","floor":31}],"player_experience":301268,"relics_obtained":[{"floor":6,"key":"PreservedInsect"},{"floor":9,"key":"Mercury Hourglass"},{"floor":13,"key":"Whetstone"},{"floor":23,"key":"Orichalcum"},{"floor":26,"key":"Ancient Tea Set"},{"floor":27,"key":"Anchor"},{"floor":29,"key":"Smiling Mask"}],"event_choices":[{"damage_healed":0,"gold_gain":0,"player_choice":"Lose Max HP","damage_taken":0,"relics_obtained":["Golden Idol"],"max_hp_gain":0,"max_hp_loss":5,"event_name":"Golden Idol","floor":2,"gold_loss":0},{"damage_healed":0,"gold_gain":0,"player_choice":"Success","damage_taken":12,"relics_obtained":["FossilizedHelix"],"max_hp_gain":0,"max_hp_loss":0,"event_name":"Scrap Ooze","floor":4,"gold_loss":0},{"damage_healed":0,"gold_gain":0,"cards_transformed":["Strike_G"],"player_choice":"Transformed","damage_taken":0,"max_hp_gain":0,"max_hp_loss":0,"event_name":"Transmorgrifier","floor":5,"gold_loss":0,"cards_obtained":["Flechettes"]},{"damage_healed":0,"gold_gain":0,"player_choice":"Obtained Relic","damage_taken":0,"relics_obtained":["Centennial Puzzle"],"max_hp_gain":0,"max_hp_loss":0,"event_name":"Addict","floor":20,"gold_loss":85},{"damage_healed":0,"gold_gain":0,"player_choice":"Upgraded","damage_taken":0,"max_hp_gain":0,"max_hp_loss":0,"event_name":"Upgrade Shrine","floor":21,"gold_loss":0,"cards_upgraded":["Bullet Time"]}],"is_beta":false,"boss_relics":[{"not_picked":["Calling Bell","White Beast Statue"],"picked":"Astrolabe"}],"items_purged_floors":[],"is_endless":false,"potions_floor_spawned":[6,7,8,16,24,27,28,29],"killed_by":"Champ","ascension_level":6}