{"path_per_floor":["M","M","M","?","?","R","?","R","T","R","$","M","M","E","R","B",null,"M","?","M","?","$","R","E","R","T","M","$","M","M","?","R","B",null,"M","$","M","?","?","R","M","M","T","M","$","R","M","E","R","B"],"character_chosen":"IRONCLAD","items_purchased":["Uppercut","Paper Frog","Seeing Red","Anchor","Shrug It Off"],"gold_per_floor":[109,125,145,145,145,145,320,320,399,399,247,265,280,320,320,440,440,464,564,583,583,167,167,208,208,208,228,36,57,82,82,82,201,201,220,95,115,0,0,0,21,42,42,67,67,67,92,128,128,128],"floor_reached":51,"campfire_rested":4,"playtime":3665,"current_hp_per_floor":[80,80,77,57,41,41,41,41,41,65,65,71,67,49,49,25,108,107,107,96,96,96,96,46,78,78,51,51,51,55,55,87,39,108,104,104,105,105,105,105,93,94,100,90,90,90,83,61,110,81],"items_purged":["Doubt","Decay","Injury"],"gold":128,"play_id":"8bc3446a-3db0-4dd4-a08d-41bdca1de426","is_prod":false,"is_daily":false,"campfire_rituals":0,"campfire_upgraded":6,"is_hardmode":false,"path_taken":["M","M","M","?","?","R","?","R","T","R","$","M","?","E","R","BOSS","M","?","M","?","$","R","E","R","T","M","$","?","M","?","R","BOSS","M","$","?","?","?","R","M","M","T","M","$","R","M","E","R","BOSS"],"build_version":"2018-01-18-PROD4","purchased_purges":3,"victory":true,"master_deck":["Strike_R","Strike_R","Strike_R","Strike_R","Strike_R","Defend_R","Defend_R","Defend_R","Bash","Whirlwind","Rampage","Iron Wave","Fiend Fire","Uppercut","Offering","Headbutt","True Grit","Seeing Red","Metallicize","Iron Wave","Shrug It Off","Shockwave","Demon Form","Shrug It Off","Battle Trance","Clumsy"],"max_hp_per_floor":[80,80,80,80,80,80,80,80,80,80,80,80,80,80,80,80,108,108,108,108,108,108,108,108,108,108,108,108,108,108,108,108,108,108,108,108,108,108,108,108,108,108,114,114,114,114,114,114,114,114],"relics":["Burning Blood","Golden Idol","Darkstone Periapt","Kunai","Calling Bell","Pear","Ice Cream","Prayer Wheel","Spirit Poop","Paper Frog","Gremlin Horn","Torii","Anchor","Cursed Key","Red Mask","Magic Flower","Regal Pillow"],"campfire_meditates":0,"card_choices":[{"not_picked":["Anger","Cleave"],"picked":"Rampage"},{"not_picked":["Wild Strike","Sever Soul"],"picked":"Iron Wave"},{"not_picked":["Ghostly Armor","Rupture"],"picked":"Fiend Fire"},{"not_picked":["Brutality","Dark Embrace"],"picked":"Offering"},{"not_picked":["Combust","Sever Soul"],"picked":"Headbutt"},{"not_picked":["Clothesline","Warcry"],"picked":"True Grit"},{"not_picked":["Body Slam","Rupture"],"picked":"Metallicize"},{"not_picked":["Thunderclap","Barricade"],"picked":"Iron Wave"},{"not_picked":["Cleave","True Grit"],"picked":"Shockwave"},{"not_picked":["Barricade","Bludgeon"],"picked":"Demon Form"},{"not_picked":["Heavy Blade","Body Slam"],"picked":"Shrug It Off"},{"not_picked":["Body Slam","Seeing Red"],"picked":"Battle Trance"}],"player_experience":150465,"potions_floor_usage":[16,18,20,24,24,33,33,41,48,50,50],"damage_taken":[{"damage":0,"enemies":"Small Slimes","floor":1,"turns":4},{"damage":6,"enemies":"2 Louse","floor":2,"turns":3},{"damage":9,"enemies":"Blue Slaver","floor":3,"turns":3},{"damage":0,"enemies":"Large Slime","floor":12,"turns":3},{"damage":10,"enemies":"Exordium Wildlife","floor":13,"turns":5},{"damage":24,"enemies":"Lagavulin","floor":14,"turns":5},{"damage":30,"enemies":"Slime Boss","floor":16,"turns":7},{"damage":7,"enemies":"Chosen","floor":18,"turns":4},{"damage":17,"enemies":"Shell Parasite","floor":20,"turns":4},{"damage":56,"enemies":"Slavers","floor":24,"turns":9},{"damage":33,"enemies":"Sentry and Sphere","floor":27,"turns":6},{"damage":6,"enemies":"Snake Plant","floor":29,"turns":4},{"damage":2,"enemies":"Centurion and Healer","floor":30,"turns":5},{"damage":54,"enemies":"Champ","floor":33,"turns":12},{"damage":10,"enemies":"3 Darklings","floor":35,"turns":5},{"damage":5,"enemies":"Orb Walker","floor":37,"turns":3},{"damage":18,"enemies":"Sphere and 2 Shapes","floor":41,"turns":4},{"damage":5,"enemies":"3 Darklings","floor":42,"turns":3},{"damage":19,"enemies":"4 Shapes","floor":44,"turns":3},{"damage":16,"enemies":"Maw","floor":47,"turns":6},{"damage":31,"enemies":"Nemesis","floor":48,"turns":7},{"damage":38,"enemies":"Awakened One","floor":50,"turns":9}],"event_choices":[{"event_name":"Golden Idol","player_choice":"Take Damage","floor":4,"damage_taken":0},{"event_name":"Shining Light","player_choice":"Entered Light","floor":5,"damage_taken":0},{"event_name":"Liars Game","player_choice":"agreed","floor":7,"damage_taken":0},{"event_name":"Golden Shrine","player_choice":"Pray","floor":19,"damage_taken":0},{"event_name":"Bonfire Elementals","player_choice":"CURSE","floor":21,"damage_taken":0},{"event_name":"Drug Dealer","player_choice":"Ignored","floor":31,"damage_taken":0},{"event_name":"Tomb of Lord Red Mask","player_choice":"Paid","floor":38,"damage_taken":0},{"event_name":"Accursed Blacksmith","player_choice":"Forge","floor":39,"damage_taken":0}],"boss_relics":[{"not_picked":["Question Card","White Beast Statue"],"picked":"Calling Bell"},{"not_picked":["Velvet Choker","Runic Cube"],"picked":"Cursed Key"}],"potions_floor_spawned":[2,13,14,16,18,24,30,33,35,37,47],"seed_played":"-5809374250064763826","is_trial":false}