{"gold_per_floor":[114,129,129,139,64,94,94,94,94,94,111,111,36,111,111,186,186,186,186,186,186,186,186,186,186,186,186,186,86,1,1,1,1],"floor_reached":33,"playtime":993,"items_purged":["Defend_R","Writhe"],"score":606,"play_id":"5744b8a3-7042-433b-9493-b8a1324d9275","local_time":"20190302234511","is_ascension_mode":true,"campfire_choices":[{"data":"Bash","floor":7,"key":"SMITH"},{"data":"Twin Strike","floor":10,"key":"SMITH"},{"data":"Flex","floor":12,"key":"SMITH"},{"data":"Pummel","floor":15,"key":"SMITH"},{"data":"Heavy Blade","floor":24,"key":"SMITH"},{"data":"J.A.X.","floor":28,"key":"SMITH"},{"data":"Pummel","floor":32,"key":"SMITH"}],"neow_cost":"NONE","seed_source_timestamp":94711661593858,"circlet_count":0,"master_deck":["AscendersBane","Strike_R","Strike_R","Strike_R","Strike_R","Defend_R","Defend_R","Defend_R","Bash+1","Twin Strike+1","Pummel+1","Flex+1","Reaper","Sword Boomerang+1","J.A.X.+1","Pummel+1","Heavy Blade+1","Shrug It Off+1"],"relics":["Burning Blood","NeowsBlessing","Incense Burner","WarpedTongs","Shuriken","Ectoplasm","Red Mask","Toxic Egg 2","Red Skull","Kunai","Frozen Egg 2"],"potions_floor_usage":[16,16,25],"damage_taken":[{"damage":0,"enemies":"Cultist","floor":1,"turns":1},{"damage":0,"enemies":"Small Slimes","floor":2,"turns":1},{"damage":0,"enemies":"2 Louse","floor":4,"turns":1},{"damage":32,"enemies":"Gremlin Nob","floor":6,"turns":4},{"damage":13,"enemies":"Red Slaver","floor":11,"turns":4},{"damage":0,"enemies":"Slime Boss","floor":16,"turns":4},{"damage":25,"enemies":"Spheric Guardian","floor":18,"turns":4},{"damage":13,"enemies":"3 Byrds","floor":19,"turns":5},{"damage":13,"enemies":"Masked Bandits","floor":21,"turns":3},{"damage":35,"enemies":"Slavers","floor":23,"turns":5},{"damage":17,"enemies":"Centurion and Healer","floor":25,"turns":4},{"damage":1,"enemies":"Snecko","floor":31,"turns":2},{"damage":87,"enemies":"Collector","floor":33,"turns":6}],"seed_played":"-2883829513711793605","potions_obtained":[{"floor":2,"key":"Swift Potion"},{"floor":6,"key":"Fire Potion"},{"floor":11,"key":"Strength Potion"},{"floor":23,"key":"Explosive Potion"},{"floor":31,"key":"Ancient Potion"}],"is_trial":false,"path_per_floor":["M","M","?","M","$","E","R","?","T","R","M","R","?","?","R","B",null,"M","M","?","?","?","E","R","M","T","?","R","$","?","M","R","B"],"character_chosen":"IRONCLAD","items_purchased":[],"campfire_rested":0,"item_purchase_floors":[],"current_hp_per_floor":[74,75,80,80,80,54,54,54,54,54,47,47,47,36,36,42,71,57,66,66,59,59,51,51,40,40,40,40,40,40,45,45,0],"gold":1,"neow_bonus":"THREE_ENEMY_KILL","is_prod":false,"is_daily":false,"chose_seed":false,"campfire_upgraded":7,"win_rate":0,"timestamp":1551537911,"path_taken":["M","?","?","M","$","E","R","?","T","R","?","R","?","?","R","BOSS","M","M","?","?","?","E","R","?","T","?","R","$","?","M","R","BOSS"],"build_version":"2019-01-23","purchased_purges":2,"victory":false,"max_hp_per_floor":[75,75,80,80,80,80,80,80,80,80,80,80,80,80,80,80,80,80,80,80,80,80,80,80,80,80,80,80,80,80,80,80,80],"card_choices":[{"not_picked":["Clothesline","Second Wind","Reckless Charge"],"picked":"SKIP","floor":1},{"not_picked":["Anger","Wild Strike"],"picked":"Twin Strike","floor":2},{"not_picked":["Body Slam","Evolve"],"picked":"Pummel","floor":4},{"not_picked":["Juggernaut","Wild Strike","Burning Pact"],"picked":"SKIP","floor":6},{"not_picked":["Cleave","Combust"],"picked":"Flex","floor":11},{"not_picked":["Juggernaut","Bludgeon"],"picked":"Reaper","floor":16},{"not_picked":["Heavy Blade","Flex","Pommel Strike"],"picked":"SKIP","floor":18},{"not_picked":["Bloodletting","Carnage"],"picked":"Sword Boomerang+1","floor":19},{"not_picked":["Headbutt","Carnage"],"picked":"Pummel","floor":21},{"not_picked":["Metallicize+1","Intimidate"],"picked":"Heavy Blade","floor":23},{"not_picked":["Cleave","Shockwave+1"],"picked":"Shrug It Off+1","floor":25},{"not_picked":["Clothesline","Twin Strike","Body Slam+1"],"picked":"SKIP","floor":31}],"player_experience":1012934,"relics_obtained":[{"floor":6,"key":"Incense Burner"},{"floor":9,"key":"Shuriken"},{"floor":21,"key":"Red Mask"},{"floor":23,"key":"Toxic Egg 2"},{"floor":26,"key":"Red Skull"}],"event_choices":[{"damage_healed":0,"gold_gain":0,"player_choice":"Donut","damage_taken":0,"max_hp_gain":5,"max_hp_loss":0,"event_name":"Big Fish","floor":3,"gold_loss":0},{"damage_healed":0,"gold_gain":0,"player_choice":"Rummage","damage_taken":0,"relics_obtained":["WarpedTongs"],"max_hp_gain":0,"max_hp_loss":0,"event_name":"Accursed Blacksmith","floor":8,"gold_loss":0,"cards_obtained":["Pain"]},{"cards_removed":["Pain"],"damage_healed":0,"gold_gain":0,"player_choice":"Card Removal","damage_taken":0,"max_hp_gain":0,"max_hp_loss":0,"event_name":"The Cleric","floor":13,"gold_loss":75},{"damage_healed":0,"gold_gain":75,"player_choice":"Gather Gold","damage_taken":11,"max_hp_gain":0,"max_hp_loss":0,"event_name":"World of Goop","floor":14,"gold_loss":0},{"damage_healed":0,"gold_gain":0,"player_choice":"Obtain J.A.X.","damage_taken":0,"max_hp_gain":0,"max_hp_loss":0,"event_name":"Drug Dealer","floor":20,"gold_loss":0,"cards_obtained":["J.A.X."]},{"damage_healed":0,"gold_gain":0,"player_choice":"Fought Bandits","damage_taken":0,"max_hp_gain":0,"max_hp_loss":0,"event_name":"Masked Bandits","floor":21,"gold_loss":0},{"cards_removed":["Strike_R"],"damage_healed":0,"gold_gain":0,"player_choice":"Purged","damage_taken":0,"max_hp_gain":0,"max_hp_loss":0,"event_name":"Purifier","floor":22,"gold_loss":0},{"damage_healed":0,"gold_gain":0,"player_choice":"Opened","damage_taken":0,"relics_obtained":["Kunai"],"max_hp_gain":0,"max_hp_loss":0,"event_name":"The Mausoleum","floor":27,"gold_loss":0,"cards_obtained":["Writhe"]},{"damage_healed":0,"gold_gain":0,"player_choice":"Obtained Relic","damage_taken":0,"relics_obtained":["Frozen Egg 2"],"max_hp_gain":0,"max_hp_loss":0,"event_name":"Addict","floor":30,"gold_loss":85}],"is_beta":false,"boss_relics":[{"not_picked":["Pandora\u0027s Box","Runic Dome"],"picked":"Ectoplasm"}],"items_purged_floors":[5,29],"is_endless":false,"potions_floor_spawned":[2,6,11,23,31],"killed_by":"Collector","ascension_level":19}