{"gold_per_floor":[12,87,104,123,123,123,134,134,134,154,184,203,203,128,128,206,206,221,221,239,253,253],"floor_reached":22,"playtime":2790,"items_purged":["Strike_R"],"score":367,"play_id":"8a76b713-670c-4c75-99a9-e6dba1c67d8d","local_time":"20190302152156","is_ascension_mode":true,"campfire_choices":[{"data":"Headbutt","floor":6,"key":"SMITH"},{"data":"Bash","floor":8,"key":"SMITH"},{"data":"Rampage","floor":13,"key":"SMITH"},{"data":"True Grit","floor":15,"key":"SMITH"}],"neow_cost":"NO_GOLD","seed_source_timestamp":62720062183639,"circlet_count":0,"master_deck":["AscendersBane","Strike_R","Strike_R","Strike_R","Defend_R","Defend_R","Defend_R","Bash+1","Anger","Headbutt+1","Shrug It Off","Rampage+1","True Grit+1","Flame Barrier+1"],"relics":["Burning Blood","Mummified Hand","Self Forming Clay","Coffee Dripper"],"potions_floor_usage":[11,18,22],"damage_taken":[{"damage":7,"enemies":"Small Slimes","floor":1,"turns":3},{"damage":7,"enemies":"2 Louse","floor":3,"turns":4},{"damage":2,"enemies":"Cultist","floor":4,"turns":4},{"damage":14,"enemies":"Exordium Wildlife","floor":7,"turns":4},{"damage":0,"enemies":"Gremlin Gang","floor":10,"turns":5},{"damage":22,"enemies":"3 Sentries","floor":11,"turns":10},{"damage":6,"enemies":"3 Louse","floor":12,"turns":4},{"damage":27,"enemies":"The Guardian","floor":16,"turns":10},{"damage":14,"enemies":"2 Thieves","floor":18,"turns":4},{"damage":23,"enemies":"Chosen","floor":20,"turns":5},{"damage":32,"enemies":"3 Cultists","floor":21,"turns":6},{"damage":18,"enemies":"Snecko","floor":22,"turns":5}],"seed_played":"7677447574469289487","potions_obtained":[{"floor":1,"key":"Block Potion"},{"floor":7,"key":"SkillPotion"},{"floor":11,"key":"SpeedPotion"},{"floor":21,"key":"SteroidPotion"}],"is_trial":false,"path_per_floor":["M","?","M","M","?","R","M","R","T","M","E","M","R","$","R","B",null,"M","?","M","M","M"],"character_chosen":"IRONCLAD","items_purchased":[],"campfire_rested":0,"item_purchase_floors":[],"current_hp_per_floor":[67,56,55,59,59,59,51,51,51,57,41,41,41,41,41,20,61,53,53,36,10,0],"gold":253,"neow_bonus":"REMOVE_TWO","is_prod":false,"is_daily":false,"chose_seed":false,"campfire_upgraded":4,"win_rate":0,"timestamp":1551507716,"path_taken":["M","?","M","M","?","R","?","R","T","M","E","M","R","$","R","BOSS","M","?","M","M","?"],"build_version":"2019-01-23","purchased_purges":1,"victory":false,"max_hp_per_floor":[75,75,75,75,75,75,75,75,75,75,75,75,75,75,75,75,75,75,75,75,75,75],"card_choices":[{"not_picked":["Burning Pact","Clash","Heavy Blade"],"picked":"SKIP","floor":1},{"not_picked":["Burning Pact","Combust","Twin Strike"],"picked":"SKIP","floor":3},{"not_picked":["Burning Pact","Combust","Twin Strike"],"picked":"SKIP","floor":3},{"not_picked":["Power Through","Pummel"],"picked":"Anger","floor":4},{"not_picked":["Havoc","Pommel Strike"],"picked":"Shrug It Off","floor":7},{"not_picked":["Heavy Blade","Blood for Blood","Armaments"],"picked":"SKIP","floor":10},{"not_picked":["Sever Soul","Iron Wave"],"picked":"Rampage","floor":11},{"not_picked":["Heavy Blade","Pommel Strike"],"picked":"True Grit","floor":12},{"not_picked":["Armaments","Dropkick","Body Slam"],"picked":"SKIP","floor":18},{"not_picked":["Burning Pact","Anger","Dropkick"],"picked":"SKIP","floor":20},{"not_picked":["Uppercut","Havoc"],"picked":"Flame Barrier+1","floor":21}],"player_experience":984047,"relics_obtained":[{"floor":9,"key":"Mummified Hand"},{"floor":11,"key":"Self Forming Clay"}],"event_choices":[{"damage_healed":0,"gold_gain":75,"player_choice":"Gather Gold","damage_taken":11,"max_hp_gain":0,"max_hp_loss":0,"event_name":"World of Goop","floor":2,"gold_loss":0},{"damage_healed":0,"gold_gain":0,"player_choice":"1 cards matched","damage_taken":0,"max_hp_gain":0,"max_hp_loss":0,"event_name":"Match and Keep!","floor":5,"gold_loss":0,"cards_obtained":["Headbutt"]},{"damage_healed":0,"gold_gain":0,"player_choice":"Ignored","damage_taken":0,"max_hp_gain":0,"max_hp_loss":0,"event_name":"Duplicator","floor":19,"gold_loss":0}],"is_beta":false,"boss_relics":[{"not_picked":["Black Star","Runic Cube"],"picked":"Coffee Dripper"}],"items_purged_floors":[14],"is_endless":false,"potions_floor_spawned":[1,7,11,21],"killed_by":"Snecko","ascension_level":19}