{"gold_per_floor":[112,187,187,205,224,257,257,197,197,197,214,247,247,247,547,547],"floor_reached":16,"playtime":622,"items_purged":["Defend_R"],"score":108,"play_id":"75cea81f-089f-4d32-8aa6-d92fd3d348bf","local_time":"20190224192833","is_ascension_mode":false,"campfire_choices":[{"floor":7,"key":"DIG"},{"floor":10,"key":"DIG"},{"floor":13,"key":"DIG"},{"floor":15,"key":"DIG"}],"neow_cost":"NONE","seed_source_timestamp":0,"circlet_count":0,"master_deck":["Strike_R","Strike_R","Strike_R","Strike_R","Strike_R","Defend_R","Defend_R","Defend_R","Bash+1","Inflame","Flex","Finesse"],"special_seed":0,"relics":["Burning Blood","Shovel","The Courier","Incense Burner","Regal Pillow","Juzu Bracelet","Blood Vial","Old Coin"],"potions_floor_usage":[12,16],"damage_taken":[{"damage":5.0,"enemies":"Jaw Worm","floor":1.0,"turns":4.0},{"damage":0.0,"enemies":"Small Slimes","floor":4.0,"turns":2.0},{"damage":1.0,"enemies":"Cultist","floor":5.0,"turns":3.0},{"damage":30,"enemies":"Gremlin Nob","floor":6,"turns":4},{"damage":18,"enemies":"Lots of Slimes","floor":11,"turns":5},{"damage":39,"enemies":"3 Sentries","floor":12,"turns":10},{"damage":15,"enemies":"The Guardian","floor":16,"turns":5}],"seed_played":"-3540524850375728596","potions_obtained":[{"floor":5.0,"key":"Ancient Potion"},{"floor":6,"key":"EssenceOfSteel"},{"floor":11,"key":"FearPotion"}],"is_trial":false,"path_per_floor":["M","?","?","M","M","E","R","$","T","R","M","E","R","?","R","B"],"character_chosen":"IRONCLAD","items_purchased":[],"campfire_rested":0,"item_purchase_floors":[],"current_hp_per_floor":[80,69,69,75,80,56,56,56,56,56,44,11,11,11,11,0],"gold":547,"neow_bonus":"THREE_CARDS","is_prod":false,"is_daily":false,"chose_seed":false,"campfire_upgraded":0,"win_rate":0,"timestamp":1551004113,"path_taken":["M","?","?","?","?","E","R","?","T","R","?","E","R","?","R","BOSS"],"build_version":"2019-01-23","purchased_purges":1,"victory":false,"max_hp_per_floor":[80,80,80,80,80,80,80,80,80,80,80,80,80,80,80,80],"card_choices":[{"not_picked":["Entrench","Burning Pact"],"picked":"Inflame","floor":0.0},{"not_picked":["Warcry","Infernal Blade","True Grit"],"picked":"SKIP","floor":1.0},{"not_picked":["Clothesline","Havoc","Armaments"],"picked":"SKIP","floor":4.0},{"not_picked":["Thunderclap","Blood for Blood","Twin Strike"],"picked":"SKIP","floor":5.0},{"not_picked":["Havoc","Rampage","Pummel"],"picked":"SKIP","floor":6},{"not_picked":["Power Through","Fire Breathing","Cleave"],"picked":"SKIP","floor":11},{"not_picked":["Shrug It Off","Cleave","Sentinel"],"picked":"SKIP","floor":12}],"player_experience":922381,"relics_obtained":[{"floor":6,"key":"Shovel"},{"floor":7,"key":"The Courier"},{"floor":9,"key":"Incense Burner"},{"floor":10,"key":"Regal Pillow"},{"floor":12,"key":"Juzu Bracelet"},{"floor":13,"key":"Blood Vial"},{"floor":15,"key":"Old Coin"}],"event_choices":[{"damage_healed":0.0,"max_hp_gain":0.0,"max_hp_loss":0.0,"gold_gain":75.0,"event_name":"World of Goop","player_choice":"Gather Gold","floor":2.0,"gold_loss":0.0,"damage_taken":11.0},{"damage_healed":0.0,"max_hp_gain":0.0,"max_hp_loss":0.0,"gold_gain":0.0,"event_name":"Match and Keep!","player_choice":"2 cards matched","floor":3.0,"gold_loss":0.0,"damage_taken":0.0,"cards_obtained":["Flex","Finesse"]},{"damage_healed":0,"gold_gain":0,"player_choice":"Upgraded","damage_taken":0,"max_hp_gain":0,"max_hp_loss":0,"event_name":"Upgrade Shrine","floor":14,"gold_loss":0,"cards_upgraded":["Bash"]}],"is_beta":false,"boss_relics":[],"items_purged_floors":[8],"is_endless":false,"potions_floor_spawned":[5,6,11],"killed_by":"The Guardian","ascension_level":0}