{"gold_per_floor":[113,127,52,52,66,66,83,83,83,109,123,150,166,166,166,238,238,250,250,19,37,47,76,76,111,158,158,174,205,216,216,216,287,287,303,1302,1316,1045,1098,1125,1125,1125],"floor_reached":42,"playtime":2639,"items_purged":["Strike_G","Strike_G","Normality"],"score":1117,"play_id":"32f85a8a-b3ac-4e4d-a0c9-b204d313eba7","local_time":"20181220163321","is_ascension_mode":true,"campfire_choices":[{"data":"Noxious Fumes","floor":6,"key":"SMITH"},{"data":"Catalyst","floor":8,"key":"SMITH"},{"data":"Flechettes","floor":15,"key":"SMITH"},{"data":"Poisoned Stab","floor":24,"key":"SMITH"},{"data":"Strike_G","floor":27,"key":"PURGE"},{"data":"Strike_G","floor":32,"key":"PURGE"}],"neow_cost":"NONE","seed_source_timestamp":508988230992477,"circlet_count":0,"master_deck":["AscendersBane","Defend_G","Defend_G","Defend_G","Defend_G","Strike_G","Survivor","Neutralize+1","Noxious Fumes+1","Catalyst+1","Dagger Throw","PiercingWail","Calculated Gamble","Noxious Fumes","Adrenaline","Catalyst+1","Ghostly","Ghostly","Ghostly","Acrobatics","Poisoned Stab+1","PiercingWail","Prepared+1","Normality","Acrobatics","Dodge and Roll+1"],"relics":["Ring of the Snake","Strawberry","The Courier","Nunchaku","Busted Crown","Lantern","Blood Vial","Peace Pipe","Anchor","Bag of Marbles","Velvet Choker","Vajra","Prayer Wheel","PreservedInsect"],"potions_floor_usage":[12,12,33,39,39],"damage_taken":[{"damage":2,"enemies":"Small Slimes","floor":1,"turns":5},{"damage":2,"enemies":"Jaw Worm","floor":2,"turns":6},{"damage":6,"enemies":"Cultist","floor":5,"turns":5},{"damage":1,"enemies":"Blue Slaver","floor":7,"turns":4},{"damage":15,"enemies":"Lagavulin","floor":10,"turns":8},{"damage":1,"enemies":"Exordium Wildlife","floor":11,"turns":4},{"damage":15,"enemies":"3 Sentries","floor":12,"turns":6},{"damage":0,"enemies":"Looter","floor":13,"turns":4},{"damage":14,"enemies":"The Guardian","floor":16,"turns":8},{"damage":16,"enemies":"Spheric Guardian","floor":18,"turns":4},{"damage":8,"enemies":"2 Thieves","floor":21,"turns":4},{"damage":0,"enemies":"Centurion and Healer","floor":22,"turns":5},{"damage":2,"enemies":"Gremlin Leader","floor":23,"turns":5},{"damage":4,"enemies":"Slavers","floor":25,"turns":5},{"damage":1,"enemies":"Snecko","floor":28,"turns":6},{"damage":0,"enemies":"Gremlin Leader","floor":29,"turns":5},{"damage":0,"enemies":"3 Cultists","floor":30,"turns":5},{"damage":6,"enemies":"Collector","floor":33,"turns":6},{"damage":0,"enemies":"3 Shapes","floor":35,"turns":3},{"damage":0,"enemies":"Orb Walker","floor":37,"turns":3},{"damage":31,"enemies":"2 Orb Walkers","floor":39,"turns":6},{"damage":6,"enemies":"Reptomancer","floor":40,"turns":5},{"damage":12,"enemies":"Nemesis","floor":42,"turns":6}],"seed_played":"8665861051185851998","potions_obtained":[{"floor":7,"key":"GamblersBrew"},{"floor":10,"key":"Regen Potion"},{"floor":12,"key":"Block Potion"},{"floor":13,"key":"Regen Potion"},{"floor":35,"key":"SneckoOil"},{"floor":39,"key":"SteroidPotion"}],"is_trial":false,"path_per_floor":["M","M","$","?","M","R","M","R","T","E","M","E","M","?","R","B",null,"M","?","$","M","M","E","R","E","T","R","M","E","M","?","R","B",null,"M","?","M","$","?","E","?","E"],"character_chosen":"THE_SILENT","items_purchased":["Acrobatics","Lantern","Vajra","SkillPotion"],"campfire_rested":0,"item_purchase_floors":[20,20,38,38],"current_hp_per_floor":[57,55,55,48,42,42,41,41,48,33,32,32,32,32,32,18,59,43,36,36,28,28,26,26,24,24,24,25,27,29,21,21,32,39,41,41,41,41,10,6,6,0],"gold":1125,"neow_bonus":"UPGRADE_CARD","is_prod":false,"is_daily":false,"chose_seed":false,"campfire_upgraded":4,"win_rate":0,"timestamp":1545352401,"path_taken":["M","M","$","?","M","R","M","R","T","E","M","E","M","?","R","BOSS","M","?","$","M","M","E","R","E","T","R","M","E","M","?","R","BOSS","M","?","M","$","?","E","?","E"],"build_version":"2018-12-19","purchased_purges":3,"victory":false,"max_hp_per_floor":[66,66,66,66,66,66,66,66,73,73,73,73,73,73,73,73,73,73,36,36,36,36,36,36,36,36,36,36,36,36,41,41,41,41,41,41,41,41,41,41,41,41],"card_choices":[{"not_picked":["Deadly Poison","Bouncing Flask"],"picked":"Noxious Fumes","floor":1},{"not_picked":["Flying Knee","Outmaneuver"],"picked":"Catalyst","floor":2},{"not_picked":["Distraction","Underhanded Strike"],"picked":"Dagger Throw","floor":5},{"not_picked":["Choke","Backflip"],"picked":"PiercingWail","floor":7},{"not_picked":["Terror","Masterful Stab"],"picked":"Calculated Gamble","floor":10},{"not_picked":["Sucker Punch","Prepared"],"picked":"Noxious Fumes","floor":11},{"not_picked":["Calculated Gamble","Catalyst","Choke"],"picked":"SKIP","floor":12},{"not_picked":["Endless Agony","Bane","Choke"],"picked":"SKIP","floor":13},{"not_picked":["Venomology","Burst"],"picked":"Adrenaline","floor":16},{"not_picked":[],"picked":"Catalyst+1","floor":18},{"not_picked":["Prepared"],"picked":"SKIP","floor":21},{"not_picked":[],"picked":"Poisoned Stab","floor":22},{"not_picked":["Dagger Spray"],"picked":"SKIP","floor":23},{"not_picked":["Prepared"],"picked":"SKIP","floor":25},{"not_picked":[],"picked":"PiercingWail","floor":28},{"not_picked":["Blade Dance"],"picked":"SKIP","floor":29},{"not_picked":["Cloak And Dagger"],"picked":"SKIP","floor":30},{"not_picked":[],"picked":"Prepared+1","floor":35},{"not_picked":["Outmaneuver"],"picked":"SKIP","floor":37},{"not_picked":[],"picked":"Acrobatics","floor":39},{"not_picked":[],"picked":"Dodge and Roll+1","floor":40}],"player_experience":3947039,"relics_obtained":[{"floor":9,"key":"Strawberry"},{"floor":10,"key":"The Courier"},{"floor":12,"key":"Nunchaku"},{"floor":23,"key":"Blood Vial"},{"floor":25,"key":"Peace Pipe"},{"floor":26,"key":"Anchor"},{"floor":29,"key":"Bag of Marbles"},{"floor":39,"key":"Prayer Wheel"},{"floor":40,"key":"PreservedInsect"}],"event_choices":[{"cards_removed":["Defend_G"],"damage_healed":0,"gold_gain":0,"player_choice":"Card Removal","damage_taken":7,"max_hp_gain":0,"max_hp_loss":0,"event_name":"Golden Wing","floor":4,"gold_loss":0},{"damage_healed":0,"gold_gain":0,"player_choice":"1 cards matched","damage_taken":0,"max_hp_gain":0,"max_hp_loss":0,"event_name":"Match and Keep!","floor":14,"gold_loss":0,"cards_obtained":["Flechettes"]},{"damage_healed":0,"gold_gain":0,"player_choice":"Became a Ghost","damage_taken":0,"max_hp_gain":0,"max_hp_loss":37,"event_name":"Ghosts","floor":19,"gold_loss":0,"cards_obtained":["Ghostly","Ghostly","Ghostly"]},{"damage_healed":0,"gold_gain":0,"player_choice":"Shed Blood","damage_taken":13,"max_hp_gain":5,"max_hp_loss":0,"event_name":"Forgotten Altar","floor":31,"gold_loss":0},{"damage_healed":0,"gold_gain":999,"player_choice":"Gold","damage_taken":0,"max_hp_gain":0,"max_hp_loss":0,"event_name":"MindBloom","floor":36,"gold_loss":0,"cards_obtained":["Normality","Normality"]},{"damage_healed":0,"gold_gain":0,"player_choice":"Fight","damage_taken":0,"max_hp_gain":0,"max_hp_loss":0,"event_name":"Mysterious Sphere","floor":39,"gold_loss":0},{"cards_removed":["Flechettes"],"damage_healed":0,"gold_gain":0,"player_choice":"Removed Attack","damage_taken":0,"max_hp_gain":0,"max_hp_loss":0,"event_name":"Falling","floor":41,"gold_loss":0}],"is_beta":true,"boss_relics":[{"not_picked":["Runic Dome","WristBlade"],"picked":"Busted Crown"},{"not_picked":["Pandora\u0027s Box","Black Star"],"picked":"Velvet Choker"}],"items_purged_floors":[3,20,38],"is_endless":false,"potions_floor_spawned":[7,10,12,13,22,23,25,28,30,35,39],"killed_by":"Nemesis","ascension_level":20}