{"gold_per_floor":[14,26,44,62,162,162,187,199,199,214,224,224,254,272,272,272],"floor_reached":16,"playtime":3140,"items_purged":[],"score":205,"play_id":"e376e3cb-1396-4686-8e25-a674fc392811","local_time":"20190201212823","is_ascension_mode":true,"campfire_choices":[{"data":"Bash","floor":6,"key":"SMITH"},{"floor":12,"key":"REST"},{"floor":15,"key":"REST"}],"neow_cost":"NO_GOLD","seed_source_timestamp":1101770472764452,"circlet_count":0,"master_deck":["AscendersBane","Strike_R","Strike_R","Strike_R","Strike_R","Strike_R","Defend_R","Defend_R","Defend_R","Defend_R","Bash+1","Feed","Shrug It Off","Battle Trance","Limit Break","Iron Wave","Metallicize","Uppercut","Shrug It Off","Headbutt"],"relics":["Burning Blood","Dream Catcher","Bottled Tornado","Incense Burner"],"potions_floor_usage":[7,11],"damage_taken":[{"damage":4,"enemies":"Small Slimes","floor":1,"turns":4},{"damage":1,"enemies":"Cultist","floor":2,"turns":3},{"damage":9,"enemies":"Jaw Worm","floor":3,"turns":4},{"damage":17,"enemies":"3 Louse","floor":4,"turns":3},{"damage":47,"enemies":"3 Sentries","floor":7,"turns":13},{"damage":17,"enemies":"Large Slime","floor":8,"turns":6},{"damage":2,"enemies":"Blue Slaver","floor":10,"turns":4},{"damage":2,"enemies":"3 Louse","floor":11,"turns":4},{"damage":43,"enemies":"Gremlin Nob","floor":13,"turns":6},{"damage":23,"enemies":"Exordium Thugs","floor":14,"turns":11},{"damage":83,"enemies":"The Guardian","floor":16,"turns":21}],"seed_played":"-4266104885584083770","potions_obtained":[{"floor":3,"key":"BloodPotion"},{"floor":7,"key":"Poison Potion"},{"floor":10,"key":"Ancient Potion"}],"is_trial":false,"path_per_floor":["M","M","M","M","?","R","E","M","T","M","M","R","E","M","R","B"],"character_chosen":"IRONCLAD","items_purchased":[],"campfire_rested":2,"item_purchase_floors":[],"current_hp_per_floor":[77,85,85,77,77,77,48,40,40,47,54,85,51,34,66,0],"gold":272,"neow_bonus":"THREE_RARE_CARDS","is_prod":false,"is_daily":false,"chose_seed":false,"campfire_upgraded":1,"win_rate":0,"timestamp":1549074503,"path_taken":["M","M","M","M","?","R","E","M","T","M","M","R","E","M","R","BOSS"],"build_version":"2019-01-23","purchased_purges":0,"victory":false,"max_hp_per_floor":[83,86,89,92,92,92,95,98,98,101,104,104,107,107,107,107],"card_choices":[{"not_picked":["Barricade","Exhume"],"picked":"Feed","floor":0},{"not_picked":["Pommel Strike","Blood for Blood"],"picked":"Shrug It Off","floor":1},{"not_picked":["Clothesline","Warcry"],"picked":"Battle Trance","floor":2},{"not_picked":["Armaments","Anger"],"picked":"Limit Break","floor":3},{"not_picked":["Dropkick","Reckless Charge","Anger"],"picked":"SKIP","floor":4},{"not_picked":["Thunderclap","Anger"],"picked":"Iron Wave","floor":7},{"not_picked":["Disarm","Cleave"],"picked":"Metallicize","floor":8},{"not_picked":["Anger","Wild Strike"],"picked":"Uppercut","floor":10},{"not_picked":["Evolve","Iron Wave"],"picked":"Shrug It Off","floor":11},{"not_picked":["Power Through","Dropkick"],"picked":"Headbutt","floor":12},{"not_picked":["Warcry","Anger","Sever Soul"],"picked":"SKIP","floor":13},{"not_picked":["Power Through","Thunderclap","Sever Soul"],"picked":"SKIP","floor":14}],"player_experience":1099704,"relics_obtained":[{"floor":7,"key":"Dream Catcher"},{"floor":9,"key":"Bottled Tornado"},{"floor":13,"key":"Incense Burner"}],"event_choices":[{"damage_healed":0,"gold_gain":100,"player_choice":"Pray","damage_taken":0,"max_hp_gain":0,"max_hp_loss":0,"event_name":"Golden Shrine","floor":5,"gold_loss":0}],"is_beta":false,"boss_relics":[],"items_purged_floors":[],"is_endless":false,"potions_floor_spawned":[3,7,10],"killed_by":"The Guardian","ascension_level":11}