{"path_per_floor":["M","?","M","?","M","E","R","?","T","M","M","M","M"],"character_chosen":"IRONCLAD","items_purchased":[],"gold_per_floor":[115,115,131,81,94,120,120,120,120,134,146,166,183],"floor_reached":14,"campfire_rested":0,"playtime":535,"current_hp_per_floor":[80,80,69,69,68,43,43,25,25,9,7,1,1],"items_purged":[],"gold":183,"score":94,"play_id":"86c75a3d-5cb7-4a4d-bf4d-5f652fc04b3c","local_time":"20180304131136","is_prod":false,"is_daily":false,"is_ascension_mode":false,"campfire_upgraded":1,"timestamp":1520187096,"path_taken":["M","?","?","?","?","E","R","?","T","M","M","M","M","M"],"build_version":"2018-03-01-PROD1","purchased_purges":0,"victory":false,"master_deck":["Strike_R","Strike_R","Strike_R","Strike_R","Strike_R","Defend_R","Defend_R","Bash","Clothesline","Double Tap","Pommel Strike","Limit Break+1","Seeing Red","Uppercut","Cleave","Intimidate"],"max_hp_per_floor":[80,80,80,80,80,80,80,80,80,80,80,80,80],"relics":["Mark of Pain","Gremlin Horn","Gambling Chip"],"card_choices":[{"not_picked":["Sword Boomerang","Twin Strike"],"picked":"Clothesline"},{"not_picked":["Carnage","Perfected Strike"],"picked":"Double Tap"},{"not_picked":["Clash","Shrug It Off"],"picked":"Pommel Strike"},{"not_picked":["Ghostly Armor","Armaments"],"picked":"Limit Break"},{"not_picked":["Body Slam","Iron Wave"],"picked":"Seeing Red"},{"not_picked":["Clothesline","Twin Strike"],"picked":"Uppercut"},{"not_picked":["Clash","Feel No Pain"],"picked":"Cleave"},{"not_picked":["Sever Soul","Pummel"],"picked":"Intimidate"}],"player_experience":87210,"potions_floor_usage":[14],"damage_taken":[{"damage":0,"enemies":"2 Louse","floor":1,"turns":3},{"damage":11,"enemies":"Jaw Worm","floor":3,"turns":2},{"damage":1,"enemies":"Cultist","floor":5,"turns":3},{"damage":25,"enemies":"3 Sentries","floor":6,"turns":6},{"damage":16,"enemies":"Red Slaver","floor":10,"turns":3},{"damage":2,"enemies":"Blue Slaver","floor":11,"turns":2},{"damage":6,"enemies":"Exordium Wildlife","floor":12,"turns":2},{"damage":0,"enemies":"3 Louse","floor":13,"turns":1},{"damage":9,"enemies":"Red Slaver","floor":14,"turns":1}],"event_choices":[{"event_name":"Living Wall","player_choice":"Forget","floor":2,"damage_taken":0},{"event_name":"The Cleric","player_choice":"Card Removal","floor":4,"damage_taken":0},{"event_name":"Scrap Ooze","player_choice":"success","floor":8,"damage_taken":18}],"boss_relics":[],"potions_floor_spawned":[5,10,12,13],"seed_played":"1132017069771054071","killed_by":"Red Slaver","ascension_level":0,"is_trial":false}