{"path_per_floor":["M","?","M","M","M","R","M","M","T","R","?","R","M","$","R","B",null,"M","M","$","M","M","R","M","R","T","?","R","?","R","$","R","B",null,"M","?","M","$","M","R","?","?","T","R","$","M","E"],"character_chosen":"THE_SILENT","items_purchased":["Apotheosis","Catalyst","Footwork","Escape Plan","Caltrops"],"gold_per_floor":[109,109,122,134,153,153,166,177,201,201,201,201,213,31,31,134,134,149,164,54,68,79,79,89,89,115,115,115,115,115,40,40,142,142,162,162,177,68,87,87,87,87,135,135,35,45,73],"floor_reached":48,"campfire_rested":4,"playtime":4601,"current_hp_per_floor":[68,68,66,60,54,54,51,46,46,67,55,55,55,55,55,48,70,53,49,49,37,37,58,43,64,64,64,64,64,64,64,64,35,70,53,53,39,39,36,67,57,57,57,69,69,63,25],"items_purged":["Strike_G","Strike_G"],"gold":73,"play_id":"a398f839-5c91-4650-98a2-5c5357a3c2c9","is_prod":false,"is_daily":false,"is_ascension_mode":false,"campfire_upgraded":7,"path_taken":["M","?","M","M","M","R","M","M","T","R","?","R","M","$","R","BOSS","M","M","$","M","M","R","M","R","T","?","R","?","R","$","R","BOSS","M","?","M","$","M","R","?","?","T","R","$","?","E","M"],"build_version":"2018-02-01-PROD3","purchased_purges":2,"victory":false,"master_deck":["Defend_G","Defend_G","Defend_G","Defend_G","Defend_G","Strike_G+1","Strike_G+1","Survivor","Neutralize+1","A Thousand Cuts+1","Deadly Poison","Leg Sweep+1","Blade Dance","Heel Hook","Deflect","Apotheosis+1","Burst+1","Deflect+1","Catalyst+1","Backstab","Blur+1","Footwork+1","Tactician","Blade Dance+1","Escape Plan","Caltrops","Prepared+1","Madness","Madness","Blur","Footwork+1","Choke"],"max_hp_per_floor":[70,70,70,70,70,70,70,70,70,70,70,70,70,70,70,70,70,70,70,70,70,70,70,70,70,70,70,70,70,70,70,70,70,70,70,70,70,70,70,70,70,70,70,70,70,70,70],"relics":["Ring of the Snake","Prayer Wheel","Bag of Preparation","Snake Skull","The Specimen","Oddly Smooth Stone","Eternal Feather","Whetstone","Orichalcum"],"card_choices":[{"not_picked":["Flying Knee","Deadly Poison"],"picked":"A Thousand Cuts"},{"not_picked":["Underhanded Strike","Bouncing Flask"],"picked":"Deadly Poison"},{"not_picked":["Heel Hook","Dash"],"picked":"Leg Sweep"},{"not_picked":["Deadly Poison","Crippling Poison"],"picked":"Blade Dance"},{"not_picked":["Deadly Poison","Acrobatics"],"picked":"Heel Hook"},{"not_picked":["Masterful Stab","Underhanded Strike"],"picked":"Deflect"},{"not_picked":["Unload","Adrenaline"],"picked":"Burst"},{"not_picked":["Dagger Throw","Acrobatics"],"picked":"Deflect"},{"not_picked":["Catalyst","PiercingWail"],"picked":"Backstab"},{"not_picked":["Outmaneuver","Sucker Punch"],"picked":"Blur"},{"not_picked":["Deadly Poison","PiercingWail"],"picked":"Poisoned Stab"},{"not_picked":["Die Die Die","Unload"],"picked":"Tactician"},{"not_picked":["Dagger Throw","Deadly Poison"],"picked":"Blade Dance"},{"not_picked":["Outmaneuver","Finisher"],"picked":"Prepared"},{"not_picked":["Dodge and Roll","Poisoned Stab"],"picked":"Blur"},{"not_picked":["Deflect","Dagger Throw"],"picked":"Footwork"},{"not_picked":["Bullet Time","Flying Knee"],"picked":"Choke"}],"player_experience":59139,"potions_floor_usage":[8,19,21,24,33],"damage_taken":[{"damage":2,"enemies":"2 Louse","floor":1,"turns":4},{"damage":2,"enemies":"Jaw Worm","floor":3,"turns":4},{"damage":6,"enemies":"Small Slimes","floor":4,"turns":4},{"damage":6,"enemies":"Looter","floor":5,"turns":4},{"damage":3,"enemies":"Red Slaver","floor":7,"turns":4},{"damage":5,"enemies":"Large Slime","floor":8,"turns":6},{"damage":0,"enemies":"2 Fungi Beasts","floor":13,"turns":3},{"damage":7,"enemies":"The Guardian","floor":16,"turns":10},{"damage":17,"enemies":"Spheric Guardian","floor":18,"turns":6},{"damage":4,"enemies":"Shell Parasite","floor":19,"turns":5},{"damage":12,"enemies":"3 Cultists","floor":21,"turns":5},{"damage":0,"enemies":"Snake Plant","floor":22,"turns":7},{"damage":15,"enemies":"Slaver and Parasite","floor":24,"turns":9},{"damage":29,"enemies":"Automaton","floor":33,"turns":14},{"damage":17,"enemies":"3 Darklings","floor":35,"turns":6},{"damage":14,"enemies":"3 Shapes","floor":37,"turns":4},{"damage":3,"enemies":"3 Darklings","floor":39,"turns":5},{"damage":6,"enemies":"Maw","floor":46,"turns":8},{"damage":38,"enemies":"Nemesis","floor":47,"turns":11},{"damage":25,"enemies":"Sphere and 2 Shapes","floor":48,"turns":5}],"event_choices":[{"event_name":"Living Wall","player_choice":"Grow","floor":2,"damage_taken":0},{"event_name":"Scrap Ooze","player_choice":"success","floor":11,"damage_taken":12},{"event_name":"Back to Basics","player_choice":"Elegance","floor":27,"damage_taken":0},{"event_name":"Drug Dealer","player_choice":"Ignored","floor":29,"damage_taken":0},{"event_name":"Tomb of Lord Red Mask","player_choice":"Ignored","floor":36,"damage_taken":0},{"event_name":"Winding Halls","player_choice":"Embrace Madness","floor":41,"damage_taken":0}],"boss_relics":[{"not_picked":["Black Star","Runic Pyramid"],"picked":"The Specimen"},{"not_picked":["Calling Bell","Philosopher\u0027s Stone"],"picked":"Eternal Feather"}],"potions_floor_spawned":[1,4,5,16,21,35,37],"seed_played":"-7027574520626894214","killed_by":"Sphere and 2 Shapes","ascension_level":0,"is_trial":false}