{"gold_per_floor":[110,185,200,212,137,137,137,137,137,137,156,56,115,134,134,206,206,226,226,244,159,193,193,205,205,231,106,116,127,127,144,144,144],"floor_reached":33,"playtime":1370,"items_purged":["Strike_R","Defend_R","Strike_R"],"score":450,"play_id":"d052a8a6-a9f0-4c12-83cf-00b75ec5edc4","local_time":"20190301084125","is_ascension_mode":true,"campfire_choices":[{"data":"Bash","floor":6.0,"key":"SMITH"},{"data":"True Grit","floor":8.0,"key":"SMITH"},{"data":"Cleave","floor":10.0,"key":"SMITH"},{"data":"Flex","floor":15.0,"key":"SMITH"},{"data":"Pummel","floor":23.0,"key":"SMITH"},{"data":"Reaper","floor":25.0,"key":"SMITH"},{"data":"Pummel","floor":32,"key":"SMITH"}],"neow_cost":"NONE","seed_source_timestamp":0,"circlet_count":0,"master_deck":["AscendersBane","Strike_R","Defend_R","Defend_R","Defend_R","Bash+1","Cleave+1","True Grit+1","Dropkick","Flex+1","Reaper+1","Pummel+1","Pummel+1","Rupture"],"special_seed":0,"relics":["Burning Blood","Blood Vial","Bottled Lightning","Pocketwatch","Velvet Choker","Lantern","Red Mask","Regal Pillow"],"potions_floor_usage":[31],"damage_taken":[{"damage":4.0,"enemies":"Small Slimes","floor":1.0,"turns":4.0},{"damage":1.0,"enemies":"2 Louse","floor":3.0,"turns":3.0},{"damage":5.0,"enemies":"Jaw Worm","floor":4.0,"turns":3.0},{"damage":18.0,"enemies":"Exordium Thugs","floor":11.0,"turns":4.0},{"damage":27.0,"enemies":"Gremlin Nob","floor":13.0,"turns":4.0},{"damage":0.0,"enemies":"Blue Slaver","floor":14.0,"turns":3.0},{"damage":17.0,"enemies":"Hexaghost","floor":16.0,"turns":9.0},{"damage":19.0,"enemies":"Chosen","floor":18.0,"turns":5.0},{"damage":14.0,"enemies":"2 Thieves","floor":20.0,"turns":3.0},{"damage":59.0,"enemies":"Masked Bandits","floor":22.0,"turns":4.0},{"damage":16.0,"enemies":"Cultist and Chosen","floor":24.0,"turns":5.0},{"damage":9.0,"enemies":"Centurion and Healer","floor":28.0,"turns":4.0},{"damage":33,"enemies":"Sentry and Sphere","floor":29,"turns":4},{"damage":11,"enemies":"Snecko","floor":31,"turns":7},{"damage":76,"enemies":"Collector","floor":33,"turns":6}],"seed_played":"-1390451101890968593","potions_obtained":[{"floor":3.0,"key":"Poison Potion"},{"floor":13.0,"key":"Energy Potion"},{"floor":14.0,"key":"SkillPotion"},{"floor":16.0,"key":"Regen Potion"},{"floor":22.0,"key":"FearPotion"},{"floor":28.0,"key":"Dexterity Potion"}],"is_trial":false,"path_per_floor":["M","?","M","M","$","R","?","R","T","R","M","$","?","M","R","B",null,"M","?","M","?","?","R","M","R","T","$","M","M","?","M","R","B"],"character_chosen":"IRONCLAD","items_purchased":[],"campfire_rested":0,"item_purchase_floors":[],"current_hp_per_floor":[70,59,64,65,65,65,54,54,54,54,44,44,25,33,33,24,62,62,58,60,60,22,22,36,36,36,36,53,37,37,47,47,0],"gold":144,"neow_bonus":"REMOVE_CARD","is_prod":false,"is_daily":false,"chose_seed":false,"campfire_upgraded":7,"win_rate":0,"timestamp":1551397285,"path_taken":["M","?","M","M","$","R","?","R","T","R","M","$","?","M","R","BOSS","M","?","?","?","?","R","M","R","T","$","M","?","?","M","R","BOSS"],"build_version":"2019-01-23","purchased_purges":3,"victory":false,"max_hp_per_floor":[75,75,75,75,75,75,75,75,75,75,75,75,75,75,75,75,75,75,75,75,75,75,75,75,75,75,75,75,75,75,75,75,75],"card_choices":[{"not_picked":["Sword Boomerang","Hemokinesis"],"picked":"Cleave","floor":1.0},{"not_picked":["Clash","Clothesline"],"picked":"True Grit","floor":3.0},{"not_picked":["Shrug It Off","Seeing Red"],"picked":"Dropkick","floor":4.0},{"not_picked":["Pommel Strike","True Grit","Body Slam"],"picked":"SKIP","floor":11.0},{"not_picked":["Sword Boomerang","Perfected Strike"],"picked":"Flex","floor":14.0},{"not_picked":["Feed","Immolate"],"picked":"Reaper","floor":16.0},{"not_picked":["Sword Boomerang","Shockwave+1"],"picked":"Pummel","floor":18.0},{"not_picked":["Clash","Armaments+1","Corruption"],"picked":"SKIP","floor":20.0},{"not_picked":["Iron Wave","Anger","Power Through"],"picked":"SKIP","floor":24.0},{"not_picked":["Sentinel","Feel No Pain","True Grit"],"picked":"SKIP","floor":28.0},{"not_picked":["Impervious","Headbutt"],"picked":"Pummel","floor":29},{"not_picked":["Pummel","Dual Wield","True Grit+1"],"picked":"SKIP","floor":31}],"player_experience":961131,"relics_obtained":[{"floor":9.0,"key":"Bottled Lightning"},{"floor":13.0,"key":"Pocketwatch"},{"floor":22.0,"key":"Red Mask"},{"floor":26.0,"key":"Regal Pillow"}],"event_choices":[{"damage_healed":0.0,"max_hp_gain":0.0,"max_hp_loss":0.0,"gold_gain":75.0,"event_name":"World of Goop","player_choice":"Gather Gold","floor":2.0,"gold_loss":0.0,"damage_taken":11.0},{"damage_healed":0.0,"max_hp_gain":0.0,"max_hp_loss":0.0,"gold_gain":0.0,"event_name":"Scrap Ooze","player_choice":"Success","floor":7.0,"gold_loss":0.0,"damage_taken":11.0,"relics_obtained":["Blood Vial"]},{"damage_healed":0.0,"max_hp_gain":0.0,"max_hp_loss":0.0,"gold_gain":30.0,"event_name":"Dead Adventurer","player_choice":"Searched \u00272\u0027 times","floor":13.0,"gold_loss":0.0,"damage_taken":0.0},{"damage_healed":0.0,"max_hp_gain":0.0,"max_hp_loss":0.0,"gold_gain":0.0,"event_name":"The Woman in Blue","player_choice":"Bought 0 Potions","floor":19.0,"gold_loss":0.0,"damage_taken":0.0},{"damage_healed":0.0,"max_hp_gain":0.0,"max_hp_loss":0.0,"gold_gain":0.0,"event_name":"Addict","player_choice":"Obtained Relic","floor":21.0,"gold_loss":85.0,"damage_taken":0.0,"relics_obtained":["Lantern"]},{"damage_healed":0.0,"max_hp_gain":0.0,"max_hp_loss":0.0,"gold_gain":0.0,"event_name":"Masked Bandits","player_choice":"Fought Bandits","floor":22.0,"gold_loss":0.0,"damage_taken":0.0},{"damage_healed":0,"gold_gain":0,"cards_transformed":["Strike_R"],"player_choice":"Transformed","damage_taken":0,"max_hp_gain":0,"max_hp_loss":0,"event_name":"Transmorgrifier","floor":30,"gold_loss":0,"cards_obtained":["Rupture"]}],"is_beta":false,"boss_relics":[{"not_picked":["White Beast Statue","Black Blood"],"picked":"Velvet Choker"}],"items_purged_floors":[5,12,27],"is_endless":false,"potions_floor_spawned":[3,13,14,16,22,28],"killed_by":"Collector","ascension_level":18}