{"gold_per_floor":[112,123,139,69,69,69,69,69,118,118,135,135,160,180,180,282,282,294,244,254,264,277,277,291,30,103,103,103,103,123,48,48,48],"floor_reached":33,"playtime":1220,"items_purged":[],"score":322,"play_id":"6b1454bf-2a8a-4067-853f-dadd88744803","local_time":"20181020002312","is_ascension_mode":false,"campfire_choices":[{"data":"Pummel","floor":6,"key":"SMITH"},{"data":"Sword Boomerang","floor":8,"key":"SMITH"},{"data":"Heavy Blade","floor":12,"key":"SMITH"},{"floor":15,"key":"REST"},{"floor":23,"key":"REST"},{"data":"Pummel","floor":28,"key":"SMITH"},{"floor":32,"key":"REST"}],"neow_cost":"NONE","seed_source_timestamp":852792474912499,"circlet_count":0,"master_deck":["Strike_R","Strike_R","Strike_R+1","Defend_R","Defend_R","Defend_R","Defend_R","Bash+1","Spot Weakness+1","Sword Boomerang+1","Pummel+1","Heavy Blade+1","Offering","Pummel","Pummel+1","RitualDagger+1","Limit Break","Pummel+1"],"relics":["Burning Blood","Ancient Tea Set","Regal Pillow","Runic Cube","Molten Egg 2","Bottled Flame"],"potions_floor_usage":[14,14,16,22,33],"damage_taken":[{"damage":3,"enemies":"Small Slimes","floor":1,"turns":3},{"damage":6,"enemies":"Cultist","floor":2,"turns":3},{"damage":11,"enemies":"Jaw Worm","floor":3,"turns":3},{"damage":19,"enemies":"Exordium Wildlife","floor":11,"turns":2},{"damage":36,"enemies":"Lagavulin","floor":13,"turns":4},{"damage":12,"enemies":"Exordium Thugs","floor":14,"turns":6},{"damage":0,"enemies":"Slime Boss","floor":16,"turns":7},{"damage":6,"enemies":"Chosen","floor":18,"turns":4},{"damage":26,"enemies":"2 Thieves","floor":20,"turns":2},{"damage":25,"enemies":"Shelled Parasite and Fungi","floor":21,"turns":3},{"damage":16,"enemies":"Centurion and Healer","floor":22,"turns":3},{"damage":36,"enemies":"3 Cultists","floor":24,"turns":5},{"damage":14,"enemies":"Snecko","floor":30,"turns":3},{"damage":67,"enemies":"Collector","floor":33,"turns":6}],"seed_played":"5456988471612598837","potions_obtained":[{"floor":3,"key":"FearPotion"},{"floor":11,"key":"EntropicBrew"},{"floor":16,"key":"Energy Potion"},{"floor":18,"key":"Explosive Potion"},{"floor":20,"key":"PowerPotion"}],"is_trial":false,"path_per_floor":["M","M","M","$","?","R","?","R","T","?","M","R","E","M","R","B",null,"M","?","M","M","M","R","M","$","T","?","R","?","M","?","R"],"character_chosen":"IRONCLAD","items_purchased":["Pummel","Molten Egg 2"],"campfire_rested":3,"item_purchase_floors":[4,25],"current_hp_per_floor":[80,80,75,75,75,75,59,59,59,59,46,46,16,10,49,55,80,80,80,60,41,31,70,40,40,40,34,34,34,26,26,65,0],"gold":48,"neow_bonus":"UPGRADE_CARD","is_prod":false,"is_daily":false,"chose_seed":false,"campfire_upgraded":4,"win_rate":0,"timestamp":1540009392,"path_taken":["M","M","M","$","?","R","?","R","T","?","?","R","E","?","R","BOSS","M","?","M","?","M","R","M","$","T","?","R","?","M","?","R","BOSS"],"build_version":"2018-10-18","purchased_purges":0,"victory":false,"max_hp_per_floor":[80,80,80,80,80,80,80,80,80,80,80,80,80,80,80,80,80,80,80,80,80,80,80,80,80,80,80,80,80,80,80,80,80],"card_choices":[{"not_picked":["Anger","Battle Trance"],"picked":"Spot Weakness","floor":1},{"not_picked":["Entrench","Combust"],"picked":"Sword Boomerang","floor":2},{"not_picked":["Hemokinesis","Flame Barrier","Intimidate"],"picked":"SKIP","floor":3},{"not_picked":["Shrug It Off","Sword Boomerang"],"picked":"Heavy Blade","floor":11},{"not_picked":["Infernal Blade","Power Through","Clothesline"],"picked":"SKIP","floor":13},{"not_picked":["Wild Strike","Warcry","Feel No Pain"],"picked":"SKIP","floor":14},{"not_picked":["Exhume","Immolate"],"picked":"Offering","floor":16},{"not_picked":["Body Slam","Iron Wave","Warcry"],"picked":"SKIP","floor":18},{"not_picked":["Blood for Blood","Body Slam"],"picked":"Pummel","floor":20},{"not_picked":["Dropkick","Pommel Strike","Headbutt"],"picked":"SKIP","floor":21},{"not_picked":["Perfected Strike","Uppercut"],"picked":"Pummel","floor":22},{"not_picked":["Anger","Warcry","Clothesline"],"picked":"SKIP","floor":24},{"not_picked":["Wild Strike+1","Flame Barrier+1"],"picked":"Pummel+1","floor":30}],"player_experience":647306,"relics_obtained":[{"floor":9,"key":"Ancient Tea Set"},{"floor":13,"key":"Regal Pillow"},{"floor":26,"key":"Bottled Flame"}],"event_choices":[{"cards_removed":["Strike_R"],"damage_healed":0,"gold_gain":0,"player_choice":"Offered Basic","damage_taken":0,"max_hp_gain":0,"max_hp_loss":0,"event_name":"Bonfire Elementals","floor":5,"gold_loss":0},{"damage_healed":0,"gold_gain":0,"player_choice":"Entered Light","damage_taken":16,"max_hp_gain":0,"max_hp_loss":0,"event_name":"Shining Light","floor":7,"gold_loss":0,"cards_upgraded":["Strike_R","Spot Weakness"]},{"damage_healed":0,"gold_gain":0,"player_choice":"Bought 0 Potions","damage_taken":0,"max_hp_gain":0,"max_hp_loss":0,"event_name":"The Woman in Blue","floor":10,"gold_loss":0},{"damage_healed":0,"gold_gain":0,"player_choice":"Bet on Murderer","damage_taken":0,"max_hp_gain":0,"max_hp_loss":0,"event_name":"The Joust","floor":19,"gold_loss":50},{"damage_healed":0,"gold_gain":0,"player_choice":"Joined the Cult","damage_taken":6,"max_hp_gain":0,"max_hp_loss":0,"event_name":"Nest","floor":27,"gold_loss":0,"cards_obtained":["RitualDagger"]},{"damage_healed":0,"gold_gain":0,"player_choice":"Read","damage_taken":0,"max_hp_gain":0,"max_hp_loss":0,"event_name":"The Library","floor":29,"gold_loss":0,"cards_obtained":["Limit Break"]},{"cards_removed":["Strike_R"],"damage_healed":0,"gold_gain":0,"player_choice":"Gave Gold","damage_taken":0,"max_hp_gain":0,"max_hp_loss":0,"event_name":"Beggar","floor":31,"gold_loss":75}],"is_beta":false,"boss_relics":[{"not_picked":["Calling Bell","Black Star"],"picked":"Runic Cube"}],"items_purged_floors":[],"is_endless":false,"potions_floor_spawned":[3,11,16,18,20],"killed_by":"Collector","ascension_level":0}