{"path_per_floor":["M","M","?","M","M","R","?","R","T","$","M","M","$","M","R","B",null,"M","?","?","M","$","R","E","?","T","?","R","E","M","M","R","B",null,"M","$","?","?","$","E","R","M","T","?","T","M","R","M","R","B"],"character_chosen":"IRONCLAD","items_purchased":["Battle Trance","Perfected Strike","Paper Frog","Shockwave"],"gold_per_floor":[116,136,86,98,108,108,108,108,131,37,56,67,67,78,78,183,183,196,196,196,210,210,210,242,192,245,245,245,275,286,302,302,402,402,413,338,338,390,60,92,122,136,136,136,136,148,148,164,164,164],"floor_reached":51,"campfire_rested":1,"playtime":1787,"current_hp_per_floor":[74,79,79,80,53,53,35,35,35,35,40,44,44,46,46,38,70,71,71,71,77,77,77,42,42,42,42,66,69,75,87,87,13,69,75,75,75,71,71,76,76,85,85,74,74,86,86,87,87,17],"items_purged":["Doubt"],"gold":164,"score":934,"play_id":"d0741695-8dc4-46f7-a85c-10847aa139d9","local_time":"20180318215844","is_prod":false,"is_daily":false,"is_ascension_mode":true,"campfire_upgraded":3,"timestamp":1521428324,"path_taken":["M","M","?","?","M","R","?","R","T","$","M","M","?","M","R","BOSS","M","?","?","M","?","R","E","?","T","?","R","E","M","M","R","BOSS","M","$","?","?","$","E","R","M","T","?","?","M","R","M","R","BOSS"],"build_version":"2018-03-15v3","purchased_purges":2,"victory":true,"master_deck":["Strike_R","Strike_R","Strike_R","Defend_R","Defend_R","Defend_R","Defend_R","Bash+1","Iron Wave","Shrug It Off","Battle Trance","Perfected Strike","Flame Barrier","Perfected Strike","Bludgeon+1","Twin Strike+1","Pommel Strike","Shrug It Off+1","Whirlwind+1","Iron Wave+1","Cleave","Shockwave","Pain","Madness","Madness","Parasite","Metallicize+1"],"max_hp_per_floor":[80,80,80,80,80,80,80,80,80,80,80,80,80,80,80,80,80,80,80,80,80,80,80,80,80,80,80,80,87,87,87,87,87,87,87,87,87,87,87,87,87,87,87,87,87,87,87,87,87,87],"relics":["Burning Blood","Shovel","Juzu Bracelet","Art of War","Mercury Hourglass","Cursed Key","Thread and Needle","Red Skull","Oddly Smooth Stone","Strawberry","Snecko Eye","Magic Flower","Paper Frog","Happy Flower","Tiny Chest","Bird Faced Urn","Blood Vial","Omamori","Centennial Puzzle"],"card_choices":[{"not_picked":["Heavy Blade","Shockwave"],"picked":"Iron Wave"},{"not_picked":["Flex","Sever Soul"],"picked":"Shrug It Off"},{"not_picked":["Anger","Thunderclap"],"picked":"Flame Barrier"},{"not_picked":["Brutality","Flame Barrier"],"picked":"Perfected Strike"},{"not_picked":["Immolate","Barricade"],"picked":"Bludgeon"},{"not_picked":["Second Wind","Searing Blow"],"picked":"Twin Strike"},{"not_picked":["Clash","Perfected Strike"],"picked":"Pommel Strike"},{"not_picked":["Heavy Blade","Clash"],"picked":"Shrug It Off"},{"not_picked":["Limit Break","Pummel"],"picked":"Whirlwind"},{"not_picked":["Sword Boomerang","Rage"],"picked":"Iron Wave"},{"not_picked":["Clothesline","Shockwave"],"picked":"Cleave"},{"not_picked":["Carnage","Clothesline"],"picked":"Metallicize"}],"player_experience":316840,"potions_floor_usage":[5,14,16,21,31,31,31,42,50,50],"damage_taken":[{"damage":4,"enemies":"Small Slimes","floor":1,"turns":5},{"damage":1,"enemies":"Cultist","floor":2,"turns":5},{"damage":0,"enemies":"2 Louse","floor":4,"turns":3},{"damage":33,"enemies":"Large Slime","floor":5,"turns":12},{"damage":1,"enemies":"2 Fungi Beasts","floor":11,"turns":5},{"damage":2,"enemies":"Exordium Wildlife","floor":12,"turns":3},{"damage":4,"enemies":"Large Slime","floor":14,"turns":7},{"damage":14,"enemies":"Slime Boss","floor":16,"turns":8},{"damage":5,"enemies":"Shell Parasite","floor":18,"turns":7},{"damage":0,"enemies":"Spheric Guardian","floor":21,"turns":2},{"damage":41,"enemies":"Gremlin Leader","floor":24,"turns":5},{"damage":10,"enemies":"Slavers","floor":29,"turns":7},{"damage":0,"enemies":"Centurion and Healer","floor":30,"turns":6},{"damage":0,"enemies":"Cultist and Chosen","floor":31,"turns":4},{"damage":80,"enemies":"Collector","floor":33,"turns":9},{"damage":0,"enemies":"3 Darklings","floor":35,"turns":3},{"damage":10,"enemies":"Mysterious Sphere","floor":38,"turns":3},{"damage":4,"enemies":"2 Orb Walkers","floor":40,"turns":5},{"damage":0,"enemies":"3 Shapes","floor":42,"turns":3},{"damage":0,"enemies":"Sphere and 2 Shapes","floor":46,"turns":2},{"damage":4,"enemies":"Maw","floor":48,"turns":6},{"damage":82,"enemies":"Time Eater","floor":50,"turns":9}],"event_choices":[{"event_name":"The Cleric","player_choice":"Card Removal","floor":3,"damage_taken":0},{"event_name":"Scrap Ooze","player_choice":"success","floor":7,"damage_taken":18},{"event_name":"The Mausoleum","player_choice":"Yes","floor":19,"damage_taken":0},{"event_name":"Drug Dealer","player_choice":"Ignored","floor":20,"damage_taken":0},{"event_name":"The Joust","player_choice":"Bet on Murderer","floor":25,"damage_taken":0},{"event_name":"N\u0027loth","player_choice":"Ignored","floor":27,"damage_taken":0},{"event_name":"Tomb of Lord Red Mask","player_choice":"Ignored","floor":37,"damage_taken":0},{"event_name":"Mysterious Sphere","player_choice":"Fight","floor":38,"damage_taken":0},{"event_name":"Winding Halls","player_choice":"Embrace Madness","floor":44,"damage_taken":0}],"boss_relics":[{"not_picked":["Ectoplasm","Lizard Tail"],"picked":"Cursed Key"},{"not_picked":["Question Card","Pandora\u0027s Box"],"picked":"Snecko Eye"}],"potions_floor_spawned":[1,4,12,14,16,29,30,33,42,46,48],"seed_played":"-5570762920201657571","ascension_level":7,"is_trial":false}