{"path_per_floor":["M","M","M","?","M","R","M","R","T","?","E","M","M","M","R"],"character_chosen":"IRONCLAD","items_purchased":[],"gold_per_floor":[118,136,151,151,165,165,185,185,235,235,270,285,310,324,324],"floor_reached":16,"campfire_rested":1,"playtime":2295,"current_hp_per_floor":[76,85,81,81,78,78,74,93,93,86,64,68,72,66,66],"items_purged":[],"gold":324,"score":131,"play_id":"3567dfbc-385b-4dee-822a-877d12e97063","is_prod":false,"is_daily":false,"is_ascension_mode":false,"campfire_upgraded":2,"path_taken":["M","M","M","?","M","R","M","R","T","?","E","M","M","?","R","BOSS"],"build_version":"2018-02-22-PROD2","purchased_purges":0,"victory":false,"master_deck":["Strike_R","Strike_R","Strike_R","Strike_R","Strike_R","Defend_R","Defend_R+1","Defend_R+1","Defend_R","Bash","Feed+1","Twin Strike","Feel No Pain","Regret","Dual Wield","Iron Wave","Immolate","Sword Boomerang","Battle Trance+1"],"max_hp_per_floor":[83,86,86,86,89,89,93,93,93,86,86,90,94,98,98],"relics":["Burning Blood","Dodecahedron","Ancient Tea Set","Golden Idol","War Paint"],"card_choices":[{"not_picked":["Cleave","Sentinel"],"picked":"Twin Strike"},{"not_picked":["Heavy Blade","Shrug It Off"],"picked":"Feel No Pain"},{"not_picked":["Shrug It Off","Warcry"],"picked":"Dual Wield"},{"not_picked":["Warcry","Wild Strike"],"picked":"Iron Wave"},{"not_picked":["Wild Strike","Anger"],"picked":"Immolate"},{"not_picked":["Searing Blow","Spot Weakness"],"picked":"Sword Boomerang"},{"not_picked":["Sword Boomerang","Metallicize"],"picked":"Battle Trance"}],"player_experience":47926,"potions_floor_usage":[11,16,16],"damage_taken":[{"damage":13,"enemies":"Jaw Worm","floor":1,"turns":4},{"damage":0,"enemies":"2 Louse","floor":2,"turns":3},{"damage":10,"enemies":"Cultist","floor":3,"turns":4},{"damage":12,"enemies":"Looter","floor":5,"turns":3},{"damage":14,"enemies":"Exordium Wildlife","floor":7,"turns":5},{"damage":28,"enemies":"3 Sentries","floor":11,"turns":8},{"damage":6,"enemies":"3 Louse","floor":12,"turns":6},{"damage":6,"enemies":"Gremlin Gang","floor":13,"turns":6},{"damage":16,"enemies":"Blue Slaver","floor":14,"turns":5},{"damage":66,"enemies":"The Guardian","floor":16,"turns":11}],"event_choices":[{"event_name":"Big Fish","player_choice":"Box","floor":4,"damage_taken":0},{"event_name":"Golden Idol","player_choice":"Lose Max HP","floor":10,"damage_taken":0}],"boss_relics":[],"potions_floor_spawned":[2,5,14],"seed_played":"-464323449466896350","killed_by":"The Guardian","ascension_level":0,"is_trial":false}