{"gold_per_floor":[113,113,113,133,13,48,48,92,92,92,92,92,113,33,33,33],"floor_reached":16,"playtime":1002,"items_purged":[],"score":133,"play_id":"8dde8e76-2c9c-448d-8a05-9c71aa367a20","local_time":"20190220202657","is_ascension_mode":true,"campfire_choices":[{"floor":7,"key":"REST"},{"data":"Dash","floor":10,"key":"SMITH"},{"floor":15,"key":"REST"}],"neow_cost":"NONE","seed_source_timestamp":6168981755471,"circlet_count":0,"master_deck":["Defend_G","Defend_G","Defend_G","Defend_G","Defend_G","Strike_G","Strike_G","Strike_G","Strike_G","Strike_G","Survivor","Neutralize+1","Impatience","Dagger Spray","Backstab","Cloak And Dagger","Accuracy","Flying Knee","Dash+1","Outmaneuver","Predator"],"relics":["Ring of the Snake","Golden Idol","Bottled Tornado","FossilizedHelix","Gremlin Horn"],"potions_floor_usage":[8,16,16],"damage_taken":[{"damage":0,"enemies":"Small Slimes","floor":1,"turns":5},{"damage":1,"enemies":"Jaw Worm","floor":4,"turns":5},{"damage":30,"enemies":"Gremlin Nob","floor":6,"turns":4},{"damage":6,"enemies":"3 Sentries","floor":8,"turns":4},{"damage":0,"enemies":"2 Louse","floor":13,"turns":1},{"damage":58,"enemies":"Hexaghost","floor":16,"turns":12}],"seed_played":"4010435351058907185","potions_obtained":[{"floor":6,"key":"SteroidPotion"},{"floor":8,"key":"GamblersBrew"},{"floor":13,"key":"GhostInAJar"}],"is_trial":false,"path_per_floor":["M","?","?","M","$","E","R","E","T","R","$","$","M","$","R","B"],"character_chosen":"THE_SILENT","items_purchased":["Cloak And Dagger","Accuracy","Predator"],"campfire_rested":2,"item_purchase_floors":[5,5,14],"current_hp_per_floor":[70,53,53,52,52,22,43,37,37,37,37,37,37,37,58,0],"gold":33,"neow_bonus":"RANDOM_COLORLESS","is_prod":false,"is_daily":false,"chose_seed":false,"campfire_upgraded":1,"win_rate":0,"timestamp":1550694417,"path_taken":["M","?","?","M","$","E","R","E","T","R","?","$","M","$","R","BOSS"],"build_version":"2019-01-23","purchased_purges":0,"victory":false,"max_hp_per_floor":[70,70,70,70,70,70,70,70,70,70,70,70,70,70,70,70],"card_choices":[{"not_picked":["Bane","Prepared"],"picked":"Dagger Spray","floor":1},{"not_picked":["Escape Plan","Cloak And Dagger"],"picked":"Backstab","floor":4},{"not_picked":["Dodge and Roll","Dagger Throw"],"picked":"Flying Knee","floor":6},{"not_picked":["Skewer","Backflip"],"picked":"Dash","floor":8},{"not_picked":["Prepared","Sucker Punch"],"picked":"Outmaneuver","floor":13}],"player_experience":533802,"relics_obtained":[{"floor":6,"key":"Bottled Tornado"},{"floor":8,"key":"FossilizedHelix"},{"floor":9,"key":"Gremlin Horn"}],"event_choices":[{"damage_healed":0,"gold_gain":0,"player_choice":"Take Damage","damage_taken":17,"relics_obtained":["Golden Idol"],"max_hp_gain":0,"max_hp_loss":0,"event_name":"Golden Idol","floor":2,"gold_loss":0},{"damage_healed":0,"gold_gain":0,"player_choice":"Grow","damage_taken":0,"max_hp_gain":0,"max_hp_loss":0,"event_name":"Living Wall","floor":3,"gold_loss":0,"cards_upgraded":["Neutralize"]}],"is_beta":false,"boss_relics":[],"items_purged_floors":[],"is_endless":false,"potions_floor_spawned":[6,8,13],"killed_by":"Hexaghost","ascension_level":5}