{"gold_per_floor":[110,120,134,84,45,45,45,65,91,91,102,102,102],"floor_reached":13,"playtime":603,"items_purged":[],"score":79,"play_id":"e613b56e-3692-4932-b8ad-b67ae5334a7c","local_time":"20190217144432","is_ascension_mode":true,"campfire_choices":[{"data":"Genetic Algorithm","floor":6,"key":"SMITH"},{"data":"Genetic Algorithm","floor":10,"key":"SMITH"}],"neow_cost":"NONE","seed_source_timestamp":239154008601079,"circlet_count":0,"master_deck":["Strike_B","Strike_B","Strike_B","Defend_B","Defend_B","Defend_B","Zap","Dualcast","Genetic Algorithm+1","Genetic Algorithm","Coolheaded","Genetic Algorithm+1","Coolheaded"],"relics":["Cracked Core","Mercury Hourglass","Bag of Marbles","Bird Faced Urn"],"potions_floor_usage":[13],"damage_taken":[{"damage":1,"enemies":"Cultist","floor":1,"turns":3},{"damage":3,"enemies":"Jaw Worm","floor":2,"turns":6},{"damage":1,"enemies":"2 Louse","floor":3,"turns":3},{"damage":14,"enemies":"Exordium Wildlife","floor":8,"turns":5},{"damage":3,"enemies":"Red Slaver","floor":11,"turns":4},{"damage":53,"enemies":"Gremlin Nob","floor":13,"turns":5}],"seed_played":"-7428839023378312306","potions_obtained":[{"floor":2,"key":"SkillPotion"},{"floor":11,"key":"SkillPotion"}],"is_trial":false,"path_per_floor":["M","M","M","?","$","R","T","M","T","R","M","?","E"],"character_chosen":"DEFECT","items_purchased":["Genetic Algorithm"],"campfire_rested":0,"item_purchase_floors":[5],"current_hp_per_floor":[74,71,70,70,70,70,70,56,56,56,53,50,0],"gold":102,"neow_bonus":"REMOVE_CARD","is_prod":false,"is_daily":false,"chose_seed":false,"campfire_upgraded":2,"win_rate":0,"timestamp":1550432672,"path_taken":["M","?","M","?","$","R","?","M","T","R","M","?","E"],"build_version":"2019-01-23","purchased_purges":0,"victory":false,"max_hp_per_floor":[75,75,75,75,75,75,75,75,75,75,75,75,75],"card_choices":[{"not_picked":["Redo","Go for the Eyes"],"picked":"Genetic Algorithm","floor":1},{"not_picked":["Force Field","Steam"],"picked":"Genetic Algorithm","floor":2},{"not_picked":["Compile Driver","Stack"],"picked":"Coolheaded","floor":3},{"not_picked":["Aggregate","Sweeping Beam","Reinforced Body"],"picked":"SKIP","floor":8},{"not_picked":["Streamline","Steam"],"picked":"Coolheaded","floor":11}],"player_experience":1045887,"relics_obtained":[{"floor":7,"key":"Mercury Hourglass"},{"floor":9,"key":"Bag of Marbles"}],"event_choices":[{"cards_removed":["Defend_B"],"damage_healed":0,"gold_gain":0,"player_choice":"Card Removal","damage_taken":0,"max_hp_gain":0,"max_hp_loss":0,"event_name":"The Cleric","floor":4,"gold_loss":50},{"damage_healed":0,"gold_gain":0,"player_choice":"Success","damage_taken":3,"relics_obtained":["Bird Faced Urn"],"max_hp_gain":0,"max_hp_loss":0,"event_name":"Scrap Ooze","floor":12,"gold_loss":0}],"is_beta":false,"boss_relics":[],"items_purged_floors":[],"is_endless":false,"potions_floor_spawned":[2,11],"killed_by":"Gremlin Nob","ascension_level":1}