{"gold_per_floor":[114,164,175,192,208,208,225,225,299,299,311,337,337,348,348,348],"floor_reached":16,"playtime":786,"items_purged":[],"score":198,"play_id":"e404e275-cc47-484e-85d4-12a6a0b7558f","local_time":"20190303090456","is_ascension_mode":true,"campfire_choices":[{"data":"Caltrops","floor":6,"key":"SMITH"},{"data":"Leg Sweep","floor":8,"key":"SMITH"},{"data":"Footwork","floor":10,"key":"SMITH"},{"data":"Distraction","floor":13,"key":"SMITH"},{"data":"Survivor","floor":15,"key":"SMITH"}],"neow_cost":"NONE","seed_source_timestamp":130422404865088,"circlet_count":0,"master_deck":["AscendersBane","Defend_G","Defend_G","Defend_G","Defend_G","Defend_G","Strike_G","Strike_G","Strike_G","Strike_G","Strike_G","Survivor+1","Neutralize","Caltrops+1","Leg Sweep+1","Expertise","Footwork+1","Distraction+1","Backstab"],"relics":["Coffee Dripper","Dodecahedron","Unceasing Top"],"potions_floor_usage":[4,12,16,16],"damage_taken":[{"damage":0,"enemies":"Small Slimes","floor":1,"turns":4},{"damage":3,"enemies":"Cultist","floor":3,"turns":4},{"damage":0,"enemies":"2 Louse","floor":4,"turns":3},{"damage":4,"enemies":"Blue Slaver","floor":5,"turns":5},{"damage":6,"enemies":"Lots of Slimes","floor":7,"turns":5},{"damage":1,"enemies":"3 Louse","floor":11,"turns":3},{"damage":24,"enemies":"Gremlin Nob","floor":12,"turns":6},{"damage":0,"enemies":"Looter","floor":14,"turns":4},{"damage":35,"enemies":"Slime Boss","floor":16,"turns":10}],"seed_played":"4497473370644694801","potions_obtained":[{"floor":1,"key":"PowerPotion"},{"floor":7,"key":"SpeedPotion"},{"floor":11,"key":"Dexterity Potion"},{"floor":14,"key":"GamblersBrew"}],"is_trial":false,"path_per_floor":["M","?","M","M","M","R","M","R","T","R","M","E","R","M","R","B"],"character_chosen":"THE_SILENT","items_purchased":[],"campfire_rested":0,"item_purchase_floors":[],"current_hp_per_floor":[59,59,56,56,52,52,46,46,46,46,45,21,21,21,21,0],"gold":348,"neow_bonus":"BOSS_RELIC","is_prod":false,"is_daily":false,"chose_seed":false,"campfire_upgraded":5,"win_rate":0,"timestamp":1551596696,"path_taken":["M","?","?","M","M","R","M","R","T","R","M","E","R","M","R","BOSS"],"build_version":"2019-01-23","purchased_purges":0,"victory":false,"max_hp_per_floor":[66,66,66,66,66,66,66,66,66,66,66,66,66,66,66,66],"card_choices":[{"not_picked":["Calculated Gamble","Bane"],"picked":"Caltrops","floor":1},{"not_picked":["Dagger Spray","Dagger Throw"],"picked":"Leg Sweep","floor":3},{"not_picked":["Eviscerate","Accuracy","Bane"],"picked":"SKIP","floor":4},{"not_picked":["Prepared","Outmaneuver"],"picked":"Expertise","floor":5},{"not_picked":["Slice","PiercingWail"],"picked":"Footwork","floor":7},{"not_picked":["Outmaneuver","Dagger Spray","Distraction"],"picked":"SKIP","floor":11},{"not_picked":["Quick Slash","Cloak And Dagger"],"picked":"Distraction","floor":12},{"not_picked":["Underhanded Strike","Terror"],"picked":"Backstab","floor":14}],"player_experience":348257,"relics_obtained":[{"floor":9,"key":"Dodecahedron"},{"floor":12,"key":"Unceasing Top"}],"event_choices":[{"damage_healed":0,"gold_gain":50,"player_choice":"Pray","damage_taken":0,"max_hp_gain":0,"max_hp_loss":0,"event_name":"Golden Shrine","floor":2,"gold_loss":0}],"is_beta":false,"boss_relics":[],"items_purged_floors":[],"is_endless":false,"potions_floor_spawned":[1,7,11,14],"killed_by":"Slime Boss","ascension_level":18}