{"path_per_floor":["M","M","M","M","?","R","M","R","T","$","?","R","M","M","R","B",null,"M","?","?","M","M","R","M","$","T","$","R","M","?","$","R"],"character_chosen":"IRONCLAD","items_purchased":["Bag of Preparation","Perfected Strike","Metallicize","Metallicize"],"gold_per_floor":[112,131,147,167,167,167,186,186,186,40,40,40,56,76,76,195,195,214,214,214,228,241,241,261,59,59,59,59,79,79,7,7],"floor_reached":33,"campfire_rested":1,"playtime":1224,"current_hp_per_floor":[80,80,78,78,58,58,50,50,50,50,50,50,44,44,44,28,80,75,75,75,48,13,60,66,66,66,66,76,67,67,67,77],"items_purged":["Bash"],"gold":7,"score":287,"play_id":"59a27317-71b4-4c2d-948f-1f72ad31d5fc","local_time":"20180314164320","is_prod":false,"is_daily":false,"is_ascension_mode":true,"campfire_upgraded":6,"timestamp":1521060200,"path_taken":["M","M","M","M","?","R","M","R","T","$","?","R","M","M","R","BOSS","M","?","?","?","?","R","M","$","T","?","R","M","?","$","R","BOSS"],"build_version":"2018-03-09","purchased_purges":1,"victory":false,"master_deck":["Strike_R+1","Strike_R+1","Strike_R+1","Strike_R+1","Strike_R+1","Defend_R+1","Defend_R+1","Defend_R+1","Defend_R+1","Pummel","True Grit+1","Perfected Strike+1","Pommel Strike+1","Demon Form+1","Bash","Fiend Fire+1","Heavy Blade","Double Tap","Flex+1","Twin Strike","Warcry+1","Twin Strike","Pommel Strike","Perfected Strike+1","Metallicize","Metallicize"],"max_hp_per_floor":[80,80,80,80,80,80,80,80,80,80,80,80,80,80,80,80,80,80,80,80,80,80,80,80,80,80,80,80,80,80,80,80],"relics":["Burning Blood","Golden Idol","Regal Pillow","Bag of Preparation","Eternal Feather","Juzu Bracelet"],"card_choices":[{"not_picked":["Cleave","Feel No Pain"],"picked":"Pummel"},{"not_picked":["Clothesline","Rage"],"picked":"True Grit"},{"not_picked":["Pommel Strike","Body Slam"],"picked":"Perfected Strike"},{"not_picked":["Body Slam","Headbutt"],"picked":"Pommel Strike"},{"not_picked":["Sever Soul","Fire Breathing"],"picked":"Demon Form"},{"not_picked":["Flex","Anger"],"picked":"Heavy Blade"},{"not_picked":["Berserk","Bludgeon"],"picked":"Double Tap"},{"not_picked":["Headbutt","Thunderclap"],"picked":"Flex"},{"not_picked":["Ghostly Armor","Body Slam"],"picked":"Warcry"},{"not_picked":["Headbutt","Shockwave"],"picked":"Twin Strike"},{"not_picked":["Entrench","Thunderclap"],"picked":"Pommel Strike"}],"player_experience":262703,"potions_floor_usage":[16,16,16,21,33],"damage_taken":[{"damage":3,"enemies":"2 Louse","floor":1,"turns":3},{"damage":6,"enemies":"Cultist","floor":2,"turns":3},{"damage":8,"enemies":"Jaw Worm","floor":3,"turns":4},{"damage":6,"enemies":"3 Louse","floor":4,"turns":4},{"damage":14,"enemies":"Red Slaver","floor":7,"turns":2},{"damage":12,"enemies":"Large Slime","floor":13,"turns":5},{"damage":6,"enemies":"2 Fungi Beasts","floor":14,"turns":4},{"damage":22,"enemies":"Hexaghost","floor":16,"turns":6},{"damage":11,"enemies":"2 Thieves","floor":18,"turns":2},{"damage":33,"enemies":"Shell Parasite","floor":21,"turns":7},{"damage":41,"enemies":"Centurion and Healer","floor":22,"turns":4},{"damage":0,"enemies":"Snecko","floor":24,"turns":2},{"damage":15,"enemies":"Cultist and Chosen","floor":29,"turns":4},{"damage":77,"enemies":"Collector","floor":33,"turns":8}],"event_choices":[{"event_name":"Golden Idol","player_choice":"Take Damage","floor":5,"damage_taken":0},{"event_name":"Match and Keep!","player_choice":"2 cards matched","floor":11,"damage_taken":0},{"event_name":"The Library","player_choice":"Read","floor":19,"damage_taken":0},{"event_name":"Back to Basics","player_choice":"Simplicity","floor":20,"damage_taken":0},{"event_name":"Addict","player_choice":"Ignored","floor":30,"damage_taken":0}],"boss_relics":[{"not_picked":["Black Blood","Orrery"],"picked":"Eternal Feather"}],"potions_floor_spawned":[1,4,7,16,29],"seed_played":"1621064138833402067","killed_by":"Collector","ascension_level":4,"is_trial":false}