{"gold_per_floor":[114,114,39,54,69,69,69,84,84,84,99,114,129,144,144,244,244,259,274,289,304,319,334,346,388,475,487,499,511,523,550,562,674,686,713,740,767,794,821,863,875,887,899,911,938,950,20,20,20,20],"floor_reached":51,"playtime":1766,"items_purged":["Defend_G"],"score":997,"play_id":"324ee9f9-58e4-473f-aa67-45cb5acf6e27","local_time":"20190223181848","daily_mods":["Cursed Run","Vintage","Lethality"],"is_ascension_mode":false,"campfire_choices":[{"data":"Neutralize","floor":6.0,"key":"SMITH"},{"data":"A Thousand Cuts","floor":10.0,"key":"SMITH"},{"data":"Survivor","floor":15.0,"key":"SMITH"},{"data":"Terror","floor":24.0,"key":"SMITH"},{"data":"Backstab","floor":28.0,"key":"SMITH"},{"data":"Backstab","floor":30.0,"key":"SMITH"},{"data":"Dagger Spray","floor":32.0,"key":"SMITH"},{"data":"After Image","floor":41,"key":"SMITH"},{"data":"Impatience","floor":44,"key":"SMITH"},{"data":"Strike_G","floor":46,"key":"SMITH"},{"data":"Strike_G","floor":49,"key":"SMITH"}],"neow_cost":"","seed_source_timestamp":0,"circlet_count":0,"master_deck":["Defend_G+1","Defend_G+1","Defend_G","Defend_G","Strike_G+1","Strike_G+1","Strike_G+1","Strike_G+1","Strike_G+1","Survivor+1","Neutralize+1","Impatience+1","A Thousand Cuts+1","Decay","Clumsy","After Image+1","Backstab+1","Backstab+1","Dagger Spray+1","Terror+1","Regret","Decay","Die Die Die+1","Violence+1","Normality"],"special_seed":17950,"relics":["Cursed Key","Darkstone Periapt","Du-Vu Doll","FossilizedHelix","Orichalcum","Shuriken","Regal Pillow","Kunai","Smiling Mask","Torii","Boot","Pen Nib","Orrery","Dream Catcher","Thread and Needle","Ancient Tea Set","Gremlin Horn","Dead Branch","MawBank","Incense Burner","Toxic Egg 2","Letter Opener","PreservedInsect","Busted Crown","Whetstone","Bag of Marbles","Singing Bowl","War Paint","Omamori","The Courier","Bottled Lightning","Mummified Hand","Mercury Hourglass","TwistedFunnel","Ice Cream","Paper Crane"],"potions_floor_usage":[33],"damage_taken":[{"damage":0.0,"enemies":"Jaw Worm","floor":1.0,"turns":3.0},{"damage":0.0,"enemies":"2 Louse","floor":4.0,"turns":2.0},{"damage":0.0,"enemies":"Cultist","floor":5.0,"turns":3.0},{"damage":0.0,"enemies":"Blue Slaver","floor":8.0,"turns":3.0},{"damage":0.0,"enemies":"Exordium Thugs","floor":11.0,"turns":3.0},{"damage":0.0,"enemies":"Looter","floor":12.0,"turns":2.0},{"damage":0.0,"enemies":"Gremlin Gang","floor":13.0,"turns":4.0},{"damage":0.0,"enemies":"3 Louse","floor":14.0,"turns":2.0},{"damage":19.0,"enemies":"Hexaghost","floor":16.0,"turns":7.0},{"damage":0.0,"enemies":"Spheric Guardian","floor":18.0,"turns":2.0},{"damage":1.0,"enemies":"2 Thieves","floor":19.0,"turns":3.0},{"damage":15.0,"enemies":"Snecko","floor":20.0,"turns":4.0},{"damage":0.0,"enemies":"Sentry and Sphere","floor":21.0,"turns":4.0},{"damage":0.0,"enemies":"Chosen and Byrds","floor":22.0,"turns":3.0},{"damage":7.0,"enemies":"Snake Plant","floor":23.0,"turns":2.0},{"damage":0.0,"enemies":"Gremlin Leader","floor":25.0,"turns":3.0},{"damage":0.0,"enemies":"3 Cultists","floor":31.0,"turns":2.0},{"damage":0,"enemies":"Automaton","floor":33,"turns":5},{"damage":0,"enemies":"Orb Walker","floor":35,"turns":1},{"damage":15,"enemies":"3 Shapes","floor":36,"turns":1},{"damage":1,"enemies":"Jaw Worm Horde","floor":37,"turns":3},{"damage":0,"enemies":"Maw","floor":38,"turns":5},{"damage":0,"enemies":"Spire Growth","floor":39,"turns":2},{"damage":0,"enemies":"Giant Head","floor":40,"turns":4},{"damage":0,"enemies":"Jaw Worm Horde","floor":45,"turns":1},{"damage":16,"enemies":"Donu and Deca","floor":50,"turns":4}],"seed_played":"7047609916602226335","potions_obtained":[{"floor":4.0,"key":"Weak Potion"},{"floor":11.0,"key":"GamblersBrew"},{"floor":14.0,"key":"SkillPotion"},{"floor":18.0,"key":"Poison Potion"},{"floor":21.0,"key":"Fire Potion"},{"floor":23.0,"key":"Energy Potion"},{"floor":25.0,"key":"PowerPotion"},{"floor":36,"key":"LiquidBronze"},{"floor":38,"key":"SteroidPotion"},{"floor":40,"key":"PowerPotion"}],"is_trial":false,"path_per_floor":["M","?","$","M","M","R","?","M","T","R","M","M","M","M","R","B",null,"M","M","M","M","M","M","R","E","T","$","R","?","R","M","R","B",null,"M","M","M","M","M","E","R","?","T","R","M","R","$","?","R","B",null],"character_chosen":"THE_SILENT","items_purchased":["Violence+1","Mercury Hourglass","TwistedFunnel","Ice Cream","Paper Crane"],"campfire_rested":0,"item_purchase_floors":[47,47,47,47,47],"current_hp_per_floor":[70,56,56,56,56,56,56,56,62,62,62,62,62,62,62,49,82,82,81,66,66,66,59,59,59,65,65,65,65,65,65,65,71,94,94,79,78,78,78,80,80,80,80,80,80,80,80,96,96,86],"gold":20,"neow_bonus":"","is_prod":false,"is_daily":true,"chose_seed":false,"campfire_upgraded":11,"win_rate":0,"timestamp":1550913528,"path_taken":["M","?","$","M","M","R","?","M","T","R","M","M","M","M","R","BOSS","M","M","M","M","M","M","R","E","T","?","R","?","R","M","R","BOSS","M","M","M","M","M","E","R","?","T","R","M","R","$","?","R","BOSS"],"build_version":"2019-01-23","purchased_purges":1,"victory":true,"max_hp_per_floor":[70,70,70,70,70,70,70,70,76,76,76,76,76,76,76,82,82,82,82,82,82,82,82,82,82,88,88,88,88,88,88,88,94,94,94,94,94,94,94,96,96,96,96,96,96,96,96,96,96,102],"card_choices":[{"not_picked":["Bullet Time","Doppelganger"],"picked":"After Image","floor":16.0},{"not_picked":["Dagger Throw","Deflect"],"picked":"Backstab","floor":17.0},{"not_picked":["Outmaneuver","Acrobatics"],"picked":"Backstab","floor":17.0},{"not_picked":["Bane","Blade Dance"],"picked":"Dagger Spray","floor":17.0},{"not_picked":["Caltrops","Noxious Fumes"],"picked":"Terror","floor":17.0},{"not_picked":["Bane","Malaise","Tactician"],"picked":"SKIP","floor":25.0},{"not_picked":["Doppelganger+1","Burst+1"],"picked":"Die Die Die","floor":33},{"not_picked":["Bullet Time+1"],"picked":"Singing Bowl","floor":40}],"player_experience":894364,"relics_obtained":[{"floor":1.0,"key":"FossilizedHelix"},{"floor":4.0,"key":"Orichalcum"},{"floor":5.0,"key":"Shuriken"},{"floor":8.0,"key":"Regal Pillow"},{"floor":9.0,"key":"Kunai"},{"floor":11.0,"key":"Smiling Mask"},{"floor":12.0,"key":"Torii"},{"floor":13.0,"key":"Boot"},{"floor":14.0,"key":"Pen Nib"},{"floor":18.0,"key":"Dream Catcher"},{"floor":19.0,"key":"Thread and Needle"},{"floor":20.0,"key":"Ancient Tea Set"},{"floor":21.0,"key":"Gremlin Horn"},{"floor":22.0,"key":"Dead Branch"},{"floor":23.0,"key":"MawBank"},{"floor":25.0,"key":"Incense Burner"},{"floor":26.0,"key":"Toxic Egg 2"},{"floor":31.0,"key":"PreservedInsect"},{"floor":35,"key":"Whetstone"},{"floor":36,"key":"Bag of Marbles"},{"floor":37,"key":"Singing Bowl"},{"floor":38,"key":"War Paint"},{"floor":39,"key":"Omamori"},{"floor":40,"key":"The Courier"},{"floor":43,"key":"Bottled Lightning"},{"floor":45,"key":"Mummified Hand"}],"event_choices":[{"damage_healed":0.0,"max_hp_gain":0.0,"max_hp_loss":0.0,"gold_gain":0.0,"event_name":"Shining Light","player_choice":"Entered Light","floor":2.0,"gold_loss":0.0,"damage_taken":14.0,"cards_upgraded":["Strike_G","Strike_G"]},{"damage_healed":0.0,"max_hp_gain":0.0,"max_hp_loss":0.0,"gold_gain":0.0,"event_name":"Match and Keep!","player_choice":"2 cards matched","floor":7.0,"gold_loss":0.0,"damage_taken":0.0,"cards_obtained":["Impatience","A Thousand Cuts"]},{"damage_healed":0.0,"max_hp_gain":0.0,"max_hp_loss":0.0,"gold_gain":0.0,"event_name":"WeMeetAgain","player_choice":"Gave Potion","floor":29.0,"gold_loss":0.0,"damage_taken":0.0,"relics_obtained":["Letter Opener"]},{"damage_healed":0,"gold_gain":0,"player_choice":"Ignored","damage_taken":0,"max_hp_gain":0,"max_hp_loss":0,"event_name":"Tomb of Lord Red Mask","floor":42,"gold_loss":0},{"damage_healed":24,"gold_gain":0,"player_choice":"Writhe","damage_taken":0,"max_hp_gain":0,"max_hp_loss":0,"event_name":"Winding Halls","floor":48,"gold_loss":0,"cards_obtained":["Writhe"]}],"is_beta":false,"boss_relics":[{"not_picked":["Fusion Hammer","Velvet Choker"],"picked":"Orrery"},{"not_picked":["Empty Cage","Lizard Tail"],"picked":"Busted Crown"}],"items_purged_floors":[3],"is_endless":false,"potions_floor_spawned":[4,11,14,18,21,23,25,36,38,40],"ascension_level":0}