{"gold_per_floor":[111,57,232,251,251,251,264,264,316,316,328,328,161,171,171,276,276,287,287,202,148,166,166,48,48,75,75,95,95,111,17,17,17],"floor_reached":33,"playtime":1241,"items_purged":[],"score":232,"play_id":"047ea748-91df-4aeb-a4d3-97bb3af61de2","local_time":"20190115214219","is_ascension_mode":false,"campfire_choices":[{"data":"Perfected Strike","floor":6,"key":"SMITH"},{"data":"Infernal Blade","floor":8,"key":"SMITH"},{"data":"Armaments","floor":12,"key":"SMITH"},{"data":"Flame Barrier","floor":15,"key":"SMITH"},{"data":"Pommel Strike","floor":23,"key":"SMITH"},{"data":"Inflame","floor":25,"key":"SMITH"},{"data":"Spot Weakness","floor":27,"key":"SMITH"},{"floor":32,"key":"REST"}],"neow_cost":"NONE","seed_source_timestamp":576883015637939,"circlet_count":0,"master_deck":["Strike_R","Strike_R","Strike_R","Strike_R","Defend_R","Defend_R+1","Defend_R","Bash","Perfected Strike+1","Wild Strike","Battle Trance+1","Armaments+1","Pommel Strike","Battle Trance","Disarm","Flame Barrier+1","Reaper","Armaments+1","Heavy Blade+1","Disarm+1","Pommel Strike+1","Wild Strike","Spot Weakness+1","Inflame+1","Perfected Strike","Trip","Immolate","Deep Breath"],"relics":["Burning Blood","Spirit Poop","Bronze Scales","Astrolabe","Vajra","War Paint"],"potions_floor_usage":[30,33],"damage_taken":[{"damage":6,"enemies":"Jaw Worm","floor":1,"turns":3},{"damage":12,"enemies":"Small Slimes","floor":4,"turns":3},{"damage":0,"enemies":"Cultist","floor":7,"turns":2},{"damage":13,"enemies":"Lots of Slimes","floor":11,"turns":2},{"damage":8,"enemies":"Red Slaver","floor":14,"turns":2},{"damage":29,"enemies":"Slime Boss","floor":16,"turns":11},{"damage":8,"enemies":"Chosen","floor":18,"turns":5},{"damage":20,"enemies":"Spheric Guardian","floor":22,"turns":3},{"damage":21,"enemies":"Centurion and Healer","floor":28,"turns":6},{"damage":16,"enemies":"3 Cultists","floor":30,"turns":5},{"damage":79,"enemies":"Automaton","floor":33,"turns":10}],"seed_played":"3974497075786734677","potions_obtained":[{"floor":4,"key":"SpeedPotion"},{"floor":7,"key":"Block Potion"},{"floor":18,"key":"AttackPotion"}],"is_trial":false,"path_per_floor":["M","$","?","M","?","R","M","R","T","$","M","R","$","M","R","B",null,"M","?","?","$","M","R","$","R","T","R","M","?","M","$","R","B"],"character_chosen":"IRONCLAD","items_purchased":["Wild Strike","Pommel Strike","Battle Trance","Disarm","Wild Strike","Spot Weakness","Inflame","Deep Breath"],"campfire_rested":1,"item_purchase_floors":[2,13,13,13,21,24,24,31],"current_hp_per_floor":[80,80,80,74,74,74,80,80,80,80,73,73,73,71,71,48,80,78,78,78,78,64,64,64,64,64,64,58,58,48,48,72,0],"gold":17,"neow_bonus":"THREE_CARDS","is_prod":false,"is_daily":false,"chose_seed":false,"campfire_upgraded":7,"win_rate":0,"timestamp":1547606539,"path_taken":["M","$","?","M","?","R","?","R","T","$","?","R","?","M","R","BOSS","M","?","?","?","M","R","$","R","T","R","?","?","?","$","R","BOSS"],"build_version":"2019-01-10","purchased_purges":0,"victory":false,"max_hp_per_floor":[80,80,80,80,80,80,80,80,80,80,80,80,80,80,80,80,80,80,80,80,80,80,80,80,80,80,80,80,80,80,80,80,80],"card_choices":[{"not_picked":["Clash","Spot Weakness"],"picked":"Perfected Strike","floor":0},{"not_picked":["Heavy Blade","Combust","Feel No Pain"],"picked":"SKIP","floor":1},{"not_picked":["Inflame","Thunderclap"],"picked":"Infernal Blade","floor":4},{"not_picked":["Headbutt","Spot Weakness"],"picked":"Battle Trance","floor":7},{"not_picked":["Warcry","Uppercut"],"picked":"Armaments","floor":11},{"not_picked":["Anger","Sword Boomerang"],"picked":"Flame Barrier","floor":14},{"not_picked":["Dark Embrace","Bludgeon"],"picked":"Reaper","floor":16},{"not_picked":["Havoc+1","Cleave"],"picked":"Pommel Strike","floor":18},{"not_picked":["Cleave","Clash","Combust"],"picked":"SKIP","floor":22},{"not_picked":["True Grit","Cleave+1","Infernal Blade"],"picked":"SKIP","floor":28},{"not_picked":["Burning Pact+1","Rage"],"picked":"Immolate","floor":30}],"player_experience":946470,"relics_obtained":[{"floor":9,"key":"Bronze Scales"},{"floor":26,"key":"War Paint"}],"event_choices":[{"damage_healed":0,"gold_gain":175,"player_choice":"AGREE","damage_taken":0,"max_hp_gain":0,"max_hp_loss":0,"event_name":"Liars Game","floor":3,"gold_loss":0,"cards_obtained":["Doubt"]},{"cards_removed":["Doubt"],"damage_healed":0,"gold_gain":0,"player_choice":"Offered Curse","damage_taken":0,"relics_obtained":["Spirit Poop"],"max_hp_gain":0,"max_hp_loss":0,"event_name":"Bonfire Elementals","floor":5,"gold_loss":0},{"damage_healed":0,"gold_gain":0,"player_choice":"Ignored","damage_taken":0,"max_hp_gain":0,"max_hp_loss":0,"event_name":"Ghosts","floor":19,"gold_loss":0},{"damage_healed":0,"gold_gain":0,"player_choice":"Obtained Relic","damage_taken":0,"relics_obtained":["Vajra"],"max_hp_gain":0,"max_hp_loss":0,"event_name":"Addict","floor":20,"gold_loss":85},{"damage_healed":0,"gold_gain":0,"player_choice":"2 cards matched","damage_taken":0,"max_hp_gain":0,"max_hp_loss":0,"event_name":"Match and Keep!","floor":29,"gold_loss":0,"cards_obtained":["Perfected Strike","Trip"]}],"is_beta":false,"boss_relics":[{"not_picked":["Calling Bell","White Beast Statue"],"picked":"Astrolabe"}],"items_purged_floors":[],"is_endless":false,"potions_floor_spawned":[4,7,18],"killed_by":"Automaton","ascension_level":0}