{"gold_per_floor":[112,122,122,102,125,166,180,180,206,230,270,345,369,389,389,517,517,530,530,455,478,52,52,70,131,131,131,146,83,123,123,123,253,253,272,605,396,496,112,112,139,139,139,139,159,207,217,242,242,242],"floor_reached":51,"playtime":5534,"items_purged":["Writhe","Strike_B","Strike_B"],"score":1289,"play_id":"3e57c466-ce7a-40b2-8677-4c4afd2f5bba","local_time":"20190303115554","is_ascension_mode":true,"campfire_choices":[{"data":"Defragment","floor":15,"key":"SMITH"},{"data":"Apotheosis","floor":23,"key":"SMITH"},{"data":"Seek","floor":32,"key":"SMITH"},{"floor":40,"key":"DIG"},{"floor":42,"key":"DIG"},{"floor":44,"key":"DIG"},{"floor":49,"key":"DIG"}],"neow_cost":"NONE","seed_source_timestamp":1444195537408800,"circlet_count":0,"master_deck":["Strike_B","Defend_B","Defend_B","Defend_B","Defend_B","Zap","Dualcast","Glacier","Self Repair","Barrage","Defragment+1","Consume","FTL","Chaos","Seek+1","Go for the Eyes","Machine Learning","Coolheaded+1","Ghostly","Ghostly","Ghostly","Ghostly","Ghostly","Undo","Apotheosis+1","Loop","Double Energy","Lockon","Redo","Hologram+1","Electrodynamics+1","Echo Form+1","Melter","Defragment+1","Storm+1","White Noise+1","Capacitor+1","Amplify"],"relics":["Cracked Core","NeowsBlessing","Art of War","Matryoshka","Potion Belt","Strawberry","Regal Pillow","Bag of Preparation","Nuclear Battery","Membership Card","DataDisk","Tiny Chest","Singing Bowl","Frozen Egg 2","Nunchaku","Oddly Smooth Stone","Runic Pyramid","Lantern","Pocketwatch","Bronze Scales","Shovel","Pear","Mango","Bottled Tornado","Bag of Marbles","PreservedInsect","Dream Catcher","Question Card","Shuriken"],"potions_floor_usage":[6,6,11,12,16,25,25,25,25,48,50,50],"damage_taken":[{"damage":0,"enemies":"2 Louse","floor":1,"turns":1},{"damage":0,"enemies":"Small Slimes","floor":2,"turns":1},{"damage":0,"enemies":"Cultist","floor":5,"turns":1},{"damage":16,"enemies":"Gremlin Nob","floor":6,"turns":5},{"damage":1,"enemies":"Exordium Wildlife","floor":7,"turns":5},{"damage":8,"enemies":"Blue Slaver","floor":10,"turns":5},{"damage":0,"enemies":"Lagavulin","floor":11,"turns":10},{"damage":17,"enemies":"3 Sentries","floor":12,"turns":9},{"damage":0,"enemies":"3 Louse","floor":13,"turns":3},{"damage":0,"enemies":"Exordium Wildlife","floor":14,"turns":3},{"damage":14,"enemies":"The Guardian","floor":16,"turns":11},{"damage":12,"enemies":"Shell Parasite","floor":18,"turns":8},{"damage":4,"enemies":"Chosen","floor":21,"turns":7},{"damage":0,"enemies":"Snake Plant","floor":24,"turns":6},{"damage":4,"enemies":"Slavers","floor":25,"turns":7},{"damage":0,"enemies":"Centurion and Healer","floor":28,"turns":9},{"damage":0,"enemies":"Book of Stabbing","floor":30,"turns":6},{"damage":1,"enemies":"Champ","floor":33,"turns":11},{"damage":1,"enemies":"3 Darklings","floor":35,"turns":3},{"damage":1,"enemies":"Mind Bloom Boss Battle","floor":38,"turns":6},{"damage":1,"enemies":"Giant Head","floor":41,"turns":7},{"damage":3,"enemies":"3 Shapes","floor":45,"turns":4},{"damage":0,"enemies":"Maw","floor":47,"turns":5},{"damage":0,"enemies":"Reptomancer","floor":48,"turns":4},{"damage":13,"enemies":"Awakened One","floor":50,"turns":9}],"seed_played":"6344894957387127119","potions_obtained":[{"floor":1,"key":"Regen Potion"},{"floor":2,"key":"PowerPotion"},{"floor":4,"key":"Explosive Potion"},{"floor":10,"key":"LiquidBronze"},{"floor":14,"key":"SkillPotion"},{"floor":18,"key":"Ancient Potion"},{"floor":21,"key":"AttackPotion"},{"floor":24,"key":"Poison Potion"},{"floor":35,"key":"SpeedPotion"},{"floor":41,"key":"Strength Potion"},{"floor":45,"key":"LiquidBronze"}],"is_trial":false,"path_per_floor":["M","M","?","?","M","E","M","T","T","M","E","?","M","M","R","B",null,"M","?","?","M","$","R","M","E","T","?","M","$","E","?","R","B",null,"M","?","$","?","$","R","E","R","T","R","M","T","M","E","R","B",null],"character_chosen":"DEFECT","items_purchased":["Membership Card","DataDisk","Apotheosis","Loop","Block Potion","Redo","Melter","Lantern","Defragment+1","Swift Potion","Bronze Scales","Shovel","Storm+1","SkillPotion","SteroidPotion"],"campfire_rested":0,"item_purchase_floors":[22,22,22,22,22,29,37,37,37,37,39,39,39,39,39],"current_hp_per_floor":[68,68,50,50,50,55,61,61,68,67,74,64,71,78,78,71,79,74,41,41,41,41,41,41,37,37,37,43,43,43,43,43,43,43,44,44,44,45,45,55,71,71,71,71,71,71,73,73,73,70],"gold":242,"neow_bonus":"THREE_ENEMY_KILL","is_prod":false,"is_daily":false,"chose_seed":false,"campfire_upgraded":3,"win_rate":0,"timestamp":1551632154,"path_taken":["M","M","?","?","?","E","M","?","T","M","E","?","M","M","R","BOSS","M","?","?","?","$","R","M","E","T","?","M","$","E","?","R","BOSS","M","?","$","?","$","R","E","R","T","R","M","?","M","E","R","BOSS"],"build_version":"2019-01-23","purchased_purges":3,"victory":true,"max_hp_per_floor":[75,75,75,75,75,75,75,75,82,82,82,82,82,82,82,82,82,82,41,41,41,41,41,41,41,41,41,43,43,43,43,43,43,43,45,45,45,47,47,57,71,71,71,71,71,71,73,73,73,73],"card_choices":[{"not_picked":["Sweeping Beam","Hologram"],"picked":"Glacier","floor":1},{"not_picked":["Redo","Steam"],"picked":"Self Repair","floor":2},{"not_picked":["Cold Snap","Rebound"],"picked":"Barrage","floor":5},{"not_picked":["Aggregate","White Noise"],"picked":"Defragment","floor":6},{"not_picked":["Streamline","Recycle"],"picked":"Consume","floor":7},{"not_picked":["Doom and Gloom","Barrage"],"picked":"FTL","floor":10},{"not_picked":["Force Field","Scrape"],"picked":"Chaos","floor":11},{"not_picked":["Gash","Stack"],"picked":"Seek","floor":12},{"not_picked":["Barrage","Turbo","Streamline"],"picked":"SKIP","floor":13},{"not_picked":["Auto Shields","Melter"],"picked":"Go for the Eyes","floor":14},{"not_picked":["Thunder Strike","Meteor Strike"],"picked":"Machine Learning","floor":16},{"not_picked":["Skim","Stack"],"picked":"Coolheaded+1","floor":18},{"not_picked":["Static Discharge","Go for the Eyes"],"picked":"Undo","floor":21},{"not_picked":["Stack+1","Consume"],"picked":"Double Energy","floor":24},{"not_picked":["Compile Driver","Steam"],"picked":"Lockon","floor":25},{"not_picked":["Turbo","Cold Snap","Streamline+1"],"picked":"Singing Bowl","floor":28},{"not_picked":["Compile Driver","Redo"],"picked":"Hologram+1","floor":30},{"not_picked":["Hyperbeam","Fission"],"picked":"Echo Form+1","floor":33},{"not_picked":["Redo","Darkness+1","Barrage+1"],"picked":"Singing Bowl","floor":35},{"not_picked":["Doom and Gloom+1","Darkness","Redo+1"],"picked":"Singing Bowl","floor":38},{"not_picked":["Undo","Gash"],"picked":"White Noise+1","floor":41},{"not_picked":["Sweeping Beam","Heatsinks+1"],"picked":"Capacitor+1","floor":45},{"not_picked":["Redo","Hologram+1","Coolheaded"],"picked":"Singing Bowl","floor":47},{"not_picked":["Storm+1","Capacitor+1"],"picked":"Amplify","floor":48}],"player_experience":570730,"relics_obtained":[{"floor":6,"key":"Art of War"},{"floor":8,"key":"Matryoshka"},{"floor":9,"key":"Potion Belt"},{"floor":9,"key":"Strawberry"},{"floor":11,"key":"Regal Pillow"},{"floor":12,"key":"Bag of Preparation"},{"floor":25,"key":"Tiny Chest"},{"floor":26,"key":"Singing Bowl"},{"floor":26,"key":"Frozen Egg 2"},{"floor":30,"key":"Oddly Smooth Stone"},{"floor":38,"key":"Pocketwatch"},{"floor":40,"key":"Pear"},{"floor":41,"key":"Mango"},{"floor":42,"key":"Bottled Tornado"},{"floor":43,"key":"Bag of Marbles"},{"floor":44,"key":"PreservedInsect"},{"floor":46,"key":"Dream Catcher"},{"floor":48,"key":"Question Card"},{"floor":49,"key":"Shuriken"}],"event_choices":[{"damage_healed":0,"gold_gain":0,"player_choice":"Take Damage","damage_taken":18,"relics_obtained":["Golden Idol"],"max_hp_gain":0,"max_hp_loss":0,"event_name":"Golden Idol","floor":3,"gold_loss":0},{"damage_healed":0,"gold_gain":0,"player_choice":"Bought 1 Potion","damage_taken":0,"max_hp_gain":0,"max_hp_loss":0,"event_name":"The Woman in Blue","floor":4,"gold_loss":0},{"damage_healed":0,"gold_gain":0,"player_choice":"Searched \u00272\u0027 times","damage_taken":0,"max_hp_gain":0,"max_hp_loss":0,"event_name":"Dead Adventurer","floor":12,"gold_loss":0},{"damage_healed":0,"gold_gain":0,"player_choice":"Became a Ghost","damage_taken":0,"max_hp_gain":0,"max_hp_loss":41,"event_name":"Ghosts","floor":19,"gold_loss":0,"cards_obtained":["Ghostly","Ghostly","Ghostly","Ghostly","Ghostly"]},{"cards_removed":["Strike_B"],"damage_healed":0,"gold_gain":0,"player_choice":"Gave Gold","damage_taken":0,"max_hp_gain":0,"max_hp_loss":0,"event_name":"Beggar","floor":20,"gold_loss":75},{"damage_healed":0,"gold_gain":0,"player_choice":"Opened","damage_taken":0,"relics_obtained":["Nunchaku"],"max_hp_gain":0,"max_hp_loss":0,"event_name":"The Mausoleum","floor":27,"gold_loss":0,"cards_obtained":["Writhe"]},{"damage_healed":0,"gold_gain":0,"player_choice":"Read","damage_taken":0,"max_hp_gain":0,"max_hp_loss":0,"event_name":"The Library","floor":31,"gold_loss":0,"cards_obtained":["Electrodynamics"]},{"damage_healed":0,"gold_gain":333,"player_choice":"Gave Idol","damage_taken":0,"max_hp_gain":0,"max_hp_loss":0,"event_name":"The Moai Head","floor":36,"relics_lost":["Golden Idol"],"gold_loss":0},{"damage_healed":0,"gold_gain":0,"player_choice":"Fight","damage_taken":0,"max_hp_gain":0,"max_hp_loss":0,"event_name":"MindBloom","floor":38,"gold_loss":0}],"is_beta":false,"boss_relics":[{"not_picked":["Velvet Choker","Cursed Key"],"picked":"Nuclear Battery"},{"not_picked":["Philosopher\u0027s Stone","Astrolabe"],"picked":"Runic Pyramid"}],"items_purged_floors":[29,37,39],"is_endless":false,"potions_floor_spawned":[1,2,5,10,14,18,21,24,35,41,45],"ascension_level":9}