{"gold_per_floor":[110,260,279,299,299,299,299,328,353,353,384,384,401,435,435,510,540,555,570,594,245,245,271,271,301,301,401,434,446,446,48,48,125,125,141,155,60,60,19,44,54,81,81,81,107,107,136,146,146,146,146,146,146,62,87,87],"floor_reached":56,"playtime":3571,"items_purged":["Regret"],"score":2509,"play_id":"2166d6b2-540a-4503-84ba-7d17af44efad","local_time":"20181225222157","is_ascension_mode":true,"campfire_choices":[{"data":"Neutralize","floor":7,"key":"SMITH"},{"floor":10,"key":"REST"},{"floor":12,"key":"REST"},{"data":"Backstab","floor":15,"key":"SMITH"},{"data":"Survivor","floor":24,"key":"SMITH"},{"data":"Backflip","floor":30,"key":"SMITH"},{"floor":32,"key":"REST"},{"data":"Panacea","floor":44,"key":"SMITH"},{"data":"Footwork","floor":46,"key":"SMITH"},{"floor":49,"key":"RECALL"},{"data":"Wraith Form v2","floor":53,"key":"SMITH"}],"neow_cost":"TEN_PERCENT_HP_LOSS","seed_source_timestamp":354674451491239,"circlet_count":0,"master_deck":["AscendersBane","Defend_G","Defend_G","Defend_G","Defend_G","Defend_G","Strike_G+1","Strike_G","Strike_G","Strike_G+1","Survivor+1","Neutralize+1","Backstab+1","Doubt","Escape Plan","Skewer+1","Deflect","Dagger Throw+1","Die Die Die+1","Clumsy","Injury","Leg Sweep+1","Writhe","Backflip+1","Blur+1","Dodge and Roll","Storm of Steel","Endless Agony+1","Panacea+1","Footwork+1","Blade Dance+1","Clumsy","Wraith Form v2+1","Finisher+1"],"relics":["Ring of the Snake","Du-Vu Doll","Oddly Smooth Stone","Molten Egg 2","Happy Flower","Ancient Tea Set","Meat on the Bone","Calling Bell","Tiny Chest","Gremlin Horn","Pocketwatch","Pen Nib","TwistedFunnel","Mango","Question Card","PreservedInsect","Gambling Chip","Singing Bowl","Boot","Dead Branch","Cursed Key","Bronze Scales","Lantern","Shuriken","Omamori","Bird Faced Urn","Torii"],"potions_floor_usage":[16,19,25,33,33,50,50,50,56,56],"damage_taken":[{"damage":3,"enemies":"2 Louse","floor":1,"turns":4},{"damage":0,"enemies":"Jaw Worm","floor":3,"turns":3},{"damage":0,"enemies":"Small Slimes","floor":4,"turns":2},{"damage":15,"enemies":"Gremlin Nob","floor":8,"turns":4},{"damage":16,"enemies":"Lagavulin","floor":11,"turns":6},{"damage":0,"enemies":"Gremlin Gang","floor":13,"turns":4},{"damage":17,"enemies":"Gremlin Nob","floor":14,"turns":4},{"damage":20,"enemies":"The Guardian","floor":16,"turns":14},{"damage":8,"enemies":"2 Thieves","floor":18,"turns":2},{"damage":0,"enemies":"Spheric Guardian","floor":19,"turns":2},{"damage":18,"enemies":"Gremlin Leader","floor":23,"turns":8},{"damage":2,"enemies":"Slavers","floor":25,"turns":3},{"damage":0,"enemies":"Colosseum Slavers","floor":27,"turns":3},{"damage":0,"enemies":"Colosseum Nobs","floor":27,"turns":2},{"damage":15,"enemies":"Book of Stabbing","floor":28,"turns":2},{"damage":0,"enemies":"3 Cultists","floor":29,"turns":3},{"damage":71,"enemies":"Champ","floor":33,"turns":13},{"damage":0,"enemies":"Orb Walker","floor":35,"turns":1},{"damage":0,"enemies":"3 Shapes","floor":36,"turns":4},{"damage":0,"enemies":"Reptomancer","floor":40,"turns":1},{"damage":0,"enemies":"Sphere and 2 Shapes","floor":41,"turns":1},{"damage":0,"enemies":"Nemesis","floor":42,"turns":1},{"damage":0,"enemies":"Giant Head","floor":45,"turns":1},{"damage":0,"enemies":"Nemesis","floor":47,"turns":1},{"damage":4,"enemies":"4 Shapes","floor":48,"turns":1},{"damage":46,"enemies":"Time Eater","floor":50,"turns":4},{"damage":26,"enemies":"Awakened One","floor":51,"turns":17},{"damage":0,"enemies":"Shield and Spear","floor":55,"turns":2},{"damage":129,"enemies":"The Heart","floor":56,"turns":8}],"seed_played":"-6118011164079901763","potions_obtained":[{"floor":1,"key":"SneckoOil"},{"floor":13,"key":"Energy Potion"},{"floor":14,"key":"SkillPotion"},{"floor":19,"key":"Block Potion"},{"floor":28,"key":"Ancient Potion"},{"floor":29,"key":"SpeedPotion"},{"floor":35,"key":"GamblersBrew"},{"floor":41,"key":"EntropicBrew"}],"is_trial":false,"path_per_floor":["M","?","M","M","?","?","R","E","T","R","E","R","M","E","R","B",null,"M","M","T","$","?","E","R","E","T","?","E","M","R","$","R","B",null,"M","M","$","?","$","E","M","E","T","R","E","R","E","M","R","B","B",null,"R","$","E","B"],"character_chosen":"THE_SILENT","items_purchased":["TwistedFunnel","FearPotion","Dead Branch","Dodge and Roll","Panacea","Footwork","LiquidBronze"],"campfire_rested":3,"item_purchase_floors":[21,21,31,31,37,39,54],"current_hp_per_floor":[56,56,56,56,38,38,38,23,23,41,25,43,43,26,26,18,50,42,42,42,42,56,38,38,48,48,50,49,49,49,49,72,13,62,64,64,64,64,64,66,68,68,68,68,70,70,70,70,70,44,44,77,77,77,81,0],"gold":87,"neow_bonus":"ONE_RARE_RELIC","is_prod":false,"is_daily":false,"chose_seed":false,"campfire_upgraded":7,"win_rate":0,"timestamp":1545805317,"path_taken":["M","?","M","M","?","?","R","E","T","R","E","R","?","E","R","BOSS","M","M","?","$","?","E","R","E","T","?","E","M","R","$","R","BOSS","M","M","$","?","?","E","?","E","T","R","E","R","E","M","R","BOSS","BOSS","R","$","E","BOSS"],"build_version":"2018-12-20","purchased_purges":1,"victory":false,"max_hp_per_floor":[60,60,60,60,60,60,60,60,60,60,60,60,60,60,60,60,60,60,60,60,60,74,74,74,74,74,76,78,78,78,78,78,78,78,80,80,80,80,80,82,84,84,84,84,86,86,86,88,88,88,88,88,88,88,88,88],"card_choices":[{"not_picked":["Reflex","Dodge and Roll"],"picked":"Backstab","floor":1},{"not_picked":["Underhanded Strike","Caltrops"],"picked":"Escape Plan","floor":3},{"not_picked":["Prepared","Accuracy","Bane"],"picked":"SKIP","floor":4},{"not_picked":["Outmaneuver","Flying Knee"],"picked":"Skewer","floor":8},{"not_picked":["Blade Dance","Poisoned Stab+1"],"picked":"Deflect","floor":11},{"not_picked":["Expertise","Quick Slash+1"],"picked":"Dagger Throw+1","floor":13},{"not_picked":["Bane+1","Envenom","Dagger Throw+1"],"picked":"SKIP","floor":14},{"not_picked":["Corpse Explosion","Envenom"],"picked":"Die Die Die+1","floor":16},{"not_picked":["Slice+1","Heel Hook+1"],"picked":"Leg Sweep+1","floor":18},{"not_picked":["Outmaneuver","Poisoned Stab+1","All Out Attack+1"],"picked":"SKIP","floor":19},{"not_picked":["Heel Hook+1","Acrobatics","Slice+1"],"picked":"SKIP","floor":23},{"not_picked":["Choke+1","Poisoned Stab+1","Bane+1"],"picked":"Backflip","floor":25},{"not_picked":["Night Terror","Deflect","Bane+1","Blade Dance+1"],"picked":"Singing Bowl","floor":27},{"not_picked":["Blade Dance","Calculated Gamble","Blur","Choke+1"],"picked":"Singing Bowl","floor":28},{"not_picked":["Bouncing Flask","PiercingWail","Prepared"],"picked":"Blur+1","floor":29},{"not_picked":["Bullet Time","Phantasmal Killer","Grand Finale+1"],"picked":"Storm of Steel","floor":33},{"not_picked":["Dash+1","Quick Slash+1","Outmaneuver","Finisher+1"],"picked":"Singing Bowl","floor":35},{"not_picked":["Flechettes+1","Deadly Poison","Phantasmal Killer"],"picked":"Endless Agony+1","floor":36},{"not_picked":["Slice+1","Underhanded Strike+1","Acrobatics","Backflip"],"picked":"Singing Bowl","floor":40},{"not_picked":["Acrobatics","Deflect","Masterful Stab+1","Slice+1"],"picked":"Singing Bowl","floor":41},{"not_picked":["Glass Knife+1","Terror","Unload+1"],"picked":"Blade Dance+1","floor":42},{"not_picked":["Quick Slash+1","Bane+1","Bouncing Flask","Acrobatics"],"picked":"Singing Bowl","floor":45},{"not_picked":["Terror","Eviscerate+1","Expertise"],"picked":"Wraith Form v2","floor":47},{"not_picked":["Eviscerate+1","Noxious Fumes","Dagger Spray+1","Poisoned Stab+1"],"picked":"Singing Bowl","floor":48},{"not_picked":["Outmaneuver","Calculated Gamble","Masterful Stab+1"],"picked":"Finisher+1","floor":55}],"player_experience":4061360,"relics_obtained":[{"floor":8,"key":"Molten Egg 2"},{"floor":9,"key":"Happy Flower"},{"floor":11,"key":"Ancient Tea Set"},{"floor":14,"key":"Meat on the Bone"},{"floor":17,"key":"Tiny Chest"},{"floor":17,"key":"Gremlin Horn"},{"floor":17,"key":"Pocketwatch"},{"floor":20,"key":"Pen Nib"},{"floor":23,"key":"Question Card"},{"floor":25,"key":"PreservedInsect"},{"floor":27,"key":"Gambling Chip"},{"floor":27,"key":"Singing Bowl"},{"floor":28,"key":"Boot"},{"floor":40,"key":"Bronze Scales"},{"floor":42,"key":"Lantern"},{"floor":43,"key":"Shuriken"},{"floor":45,"key":"Omamori"},{"floor":47,"key":"Bird Faced Urn"},{"floor":55,"key":"Torii"}],"event_choices":[{"damage_healed":0,"gold_gain":150,"player_choice":"AGREE","damage_taken":0,"max_hp_gain":0,"max_hp_loss":0,"event_name":"Liars Game","floor":2,"gold_loss":0,"cards_obtained":["Doubt"]},{"damage_healed":0,"gold_gain":0,"player_choice":"Entered Light","damage_taken":18,"max_hp_gain":0,"max_hp_loss":0,"event_name":"Shining Light","floor":5,"gold_loss":0,"cards_upgraded":["Strike_G","Strike_G"]},{"damage_healed":0,"gold_gain":0,"player_choice":"Gave Potion","damage_taken":0,"relics_obtained":["Oddly Smooth Stone"],"max_hp_gain":0,"max_hp_loss":0,"event_name":"WeMeetAgain","floor":6,"gold_loss":0},{"damage_healed":0,"gold_gain":0,"player_choice":"Opened","damage_taken":0,"relics_obtained":["Mango"],"max_hp_gain":0,"max_hp_loss":0,"event_name":"The Mausoleum","floor":22,"gold_loss":0,"cards_obtained":["Writhe"]},{"damage_healed":0,"gold_gain":0,"player_choice":"Fight","damage_taken":0,"max_hp_gain":0,"max_hp_loss":0,"event_name":"Colosseum","floor":27,"gold_loss":0},{"damage_healed":0,"gold_gain":0,"player_choice":"Fought Nobs","damage_taken":0,"max_hp_gain":0,"max_hp_loss":0,"event_name":"Colosseum","floor":27,"gold_loss":0},{"cards_removed":["Strike_G"],"damage_healed":0,"gold_gain":0,"player_choice":"Offered Basic","damage_taken":0,"max_hp_gain":0,"max_hp_loss":0,"event_name":"Bonfire Elementals","floor":38,"gold_loss":0}],"is_beta":true,"boss_relics":[{"not_picked":["Busted Crown","Lizard Tail"],"picked":"Calling Bell"},{"not_picked":["Astrolabe","Tiny House"],"picked":"Cursed Key"}],"items_purged_floors":[21],"is_endless":false,"potions_floor_spawned":[1,13,14,19,27,28,29,35,41,45,55],"killed_by":"The Heart","ascension_level":20}