{"gold_per_floor":[13,26,42,42,56,56,88,88,165,240,260,260,280,35,35,133,133,143,143,143,503,513,168,168,168,192,192,217,217,243,258,258,356,356,376,84,129,144,244,277,277,277],"floor_reached":42,"playtime":2575,"items_purged":["Second Wind"],"score":583,"play_id":"62659e35-f583-4568-9df5-945aee97a7ef","local_time":"20181230105342","is_ascension_mode":true,"campfire_choices":[{"data":"Fire Breathing","floor":6,"key":"SMITH"},{"floor":8,"key":"REST"},{"data":"Iron Wave","floor":12,"key":"SMITH"},{"data":"Shockwave","floor":15,"key":"SMITH"},{"floor":24,"key":"REST"},{"floor":27,"key":"REST"},{"floor":32,"key":"REST"},{"floor":41,"key":"REST"}],"neow_cost":"NO_GOLD","seed_source_timestamp":836796377898234,"circlet_count":0,"master_deck":["Bash","Thunderclap","Fire Breathing+1","Armaments+1","Iron Wave+1","Shockwave+1","Headbutt","Reaper+1","Shrug It Off","Cleave+1","Immolate+1","Iron Wave+1","Heavy Blade+1","Ghostly","Ghostly","Ghostly","Ghostly","Ghostly","Whirlwind+1","Seeing Red+1","Evolve","Rampage+1","Rupture+1","Reaper+1","Entrench","Ghostly Armor","Immolate+1","Uppercut+1","Wild Strike+1","Cleave+1","Heavy Blade+1","Perfected Strike+1","Iron Wave+1","Metallicize","Headbutt+1","Rampage+1","Headbutt+1","Pommel Strike+1"],"relics":["Burning Blood","Bird Faced Urn","Unceasing Top","Gremlin Horn","Molten Egg 2","Mark of Pain","Dream Catcher","Art of War","Bronze Scales","Strawberry","Champion Belt","Pandora\u0027s Box","Anchor","Incense Burner","Turnip","Pantograph"],"potions_floor_usage":[2,7,22,33,33,40],"damage_taken":[{"damage":7,"enemies":"Small Slimes","floor":1,"turns":3},{"damage":1,"enemies":"Cultist","floor":2,"turns":3},{"damage":11,"enemies":"Jaw Worm","floor":3,"turns":4},{"damage":18,"enemies":"Red Slaver","floor":5,"turns":7},{"damage":31,"enemies":"Lagavulin","floor":7,"turns":9},{"damage":0,"enemies":"3 Louse","floor":11,"turns":2},{"damage":10,"enemies":"Large Slime","floor":13,"turns":4},{"damage":37,"enemies":"The Guardian","floor":16,"turns":14},{"damage":13,"enemies":"Shell Parasite","floor":18,"turns":7},{"damage":13,"enemies":"3 Byrds","floor":22,"turns":5},{"damage":2,"enemies":"Gremlin Leader","floor":28,"turns":5},{"damage":3,"enemies":"Book of Stabbing","floor":30,"turns":6},{"damage":0,"enemies":"3 Cultists","floor":31,"turns":2},{"damage":13,"enemies":"Automaton","floor":33,"turns":10},{"damage":2,"enemies":"Orb Walker","floor":35,"turns":5},{"damage":3,"enemies":"2 Orb Walkers","floor":37,"turns":4},{"damage":0,"enemies":"3 Shapes","floor":38,"turns":4},{"damage":0,"enemies":"Mind Bloom Boss Battle","floor":39,"turns":8},{"damage":29,"enemies":"Nemesis","floor":40,"turns":9},{"damage":77,"enemies":"Giant Head","floor":42,"turns":11}],"seed_played":"-5263777886631739729","potions_obtained":[{"floor":1,"key":"Energy Potion"},{"floor":2,"key":"Ancient Potion"},{"floor":18,"key":"PowerPotion"},{"floor":30,"key":"Dexterity Potion"},{"floor":31,"key":"FearPotion"},{"floor":38,"key":"EssenceOfSteel"}],"is_trial":false,"path_per_floor":["M","M","M","?","M","R","E","R","T","?","M","R","M","$","R","B",null,"M","$","?","?","M","$","R","?","T","R","E","?","E","M","R","B",null,"M","$","?","M","?","E","R","E"],"character_chosen":"IRONCLAD","items_purchased":["Molten Egg 2","Dream Catcher","Immolate+1","Iron Wave+1","Anchor","Metallicize"],"campfire_rested":5,"item_purchase_floors":[14,23,23,23,36,36],"current_hp_per_floor":[79,80,75,75,65,65,42,66,66,58,66,66,64,64,64,35,80,73,73,73,33,39,39,63,40,40,40,40,47,47,47,47,47,47,47,47,47,47,47,27,41,0],"gold":277,"neow_bonus":"ONE_RARE_RELIC","is_prod":false,"is_daily":false,"chose_seed":false,"campfire_upgraded":3,"win_rate":0,"timestamp":1546185222,"path_taken":["M","M","M","?","?","R","E","R","T","?","M","R","?","$","R","BOSS","M","$","?","?","?","$","R","?","T","R","E","?","E","M","R","BOSS","M","$","?","M","?","E","R","E"],"build_version":"2018-12-20","purchased_purges":1,"victory":false,"max_hp_per_floor":[80,80,80,80,80,80,80,80,80,80,80,80,80,80,80,80,80,80,80,80,80,80,80,80,40,40,40,40,47,47,47,47,47,47,47,47,47,47,47,47,47,47],"card_choices":[{"not_picked":["Corruption","Disarm"],"picked":"Thunderclap","floor":1},{"not_picked":["Wild Strike","Evolve"],"picked":"Fire Breathing","floor":2},{"not_picked":["Wild Strike","Body Slam"],"picked":"Armaments","floor":3},{"not_picked":["Disarm","Flex"],"picked":"Iron Wave","floor":5},{"not_picked":["Flex","Heavy Blade"],"picked":"Shockwave","floor":7},{"not_picked":["Body Slam","Clothesline"],"picked":"Headbutt","floor":11},{"not_picked":["Havoc","Power Through"],"picked":"Rage","floor":13},{"not_picked":["Bludgeon+1","Barricade"],"picked":"Reaper+1","floor":16},{"not_picked":["Body Slam+1","Warcry"],"picked":"Shrug It Off","floor":18},{"not_picked":["Thunderclap+1","Twin Strike+1"],"picked":"Cleave+1","floor":22},{"not_picked":["Sword Boomerang+1","True Grit"],"picked":"Heavy Blade+1","floor":24},{"not_picked":["Headbutt+1","Anger+1"],"picked":"Whirlwind+1","floor":27},{"not_picked":["Cleave+1","Blood for Blood+1"],"picked":"Seeing Red+1","floor":28},{"not_picked":["Thunderclap+1","Cleave+1"],"picked":"Evolve","floor":30},{"not_picked":["Dropkick+1","Clash+1"],"picked":"Rampage+1","floor":31},{"not_picked":["Fire Breathing","Feel No Pain+1"],"picked":"Rupture+1","floor":32},{"not_picked":["Barricade","Bludgeon+1"],"picked":"Reaper+1","floor":33},{"not_picked":["Twin Strike+1","True Grit"],"picked":"Iron Wave+1","floor":35},{"not_picked":["Blood for Blood+1","Havoc+1"],"picked":"Headbutt+1","floor":37},{"not_picked":["Warcry","Carnage+1"],"picked":"Rampage+1","floor":38},{"not_picked":["Reckless Charge+1","Power Through"],"picked":"Headbutt+1","floor":39},{"not_picked":["Anger+1","Heavy Blade+1"],"picked":"Pommel Strike+1","floor":40}],"player_experience":395551,"relics_obtained":[{"floor":7,"key":"Unceasing Top"},{"floor":9,"key":"Gremlin Horn"},{"floor":26,"key":"Art of War"},{"floor":28,"key":"Bronze Scales"},{"floor":30,"key":"Champion Belt"},{"floor":37,"key":"Incense Burner"},{"floor":39,"key":"Turnip"},{"floor":40,"key":"Pantograph"}],"event_choices":[{"damage_healed":0,"gold_gain":0,"player_choice":"Forge","damage_taken":0,"max_hp_gain":0,"max_hp_loss":0,"event_name":"Accursed Blacksmith","floor":4,"gold_loss":0,"cards_upgraded":["Armaments"]},{"damage_healed":0,"gold_gain":75,"player_choice":"Touch","damage_taken":8,"max_hp_gain":0,"max_hp_loss":0,"event_name":"FaceTrader","floor":10,"gold_loss":0},{"damage_healed":0,"gold_gain":0,"player_choice":"Simplicity","damage_taken":0,"max_hp_gain":0,"max_hp_loss":0,"event_name":"Back to Basics","floor":20,"gold_loss":0,"cards_upgraded":["Strike_R","Strike_R","Strike_R","Strike_R","Strike_R","Defend_R","Defend_R","Defend_R","Defend_R"]},{"damage_healed":0,"gold_gain":360,"player_choice":"GOLD GOLD GOLD GOLD ","damage_taken":40,"max_hp_gain":0,"max_hp_loss":0,"event_name":"Knowing Skull","floor":21,"potions_obtained":[],"gold_loss":0,"cards_obtained":[]},{"damage_healed":0,"gold_gain":0,"player_choice":"Became a Ghost","damage_taken":0,"max_hp_gain":0,"max_hp_loss":40,"event_name":"Ghosts","floor":25,"gold_loss":0,"cards_obtained":["Ghostly","Ghostly","Ghostly","Ghostly","Ghostly"]},{"cards_removed":["Rage"],"damage_healed":0,"gold_gain":0,"player_choice":"Gave Card","damage_taken":0,"relics_obtained":["Strawberry"],"max_hp_gain":0,"max_hp_loss":0,"event_name":"WeMeetAgain","floor":29,"gold_loss":0},{"damage_healed":0,"gold_gain":0,"player_choice":"Fight","damage_taken":0,"max_hp_gain":0,"max_hp_loss":0,"event_name":"Mysterious Sphere","floor":37,"gold_loss":0},{"damage_healed":0,"gold_gain":0,"player_choice":"Fight","damage_taken":0,"max_hp_gain":0,"max_hp_loss":0,"event_name":"MindBloom","floor":39,"gold_loss":0}],"is_beta":false,"boss_relics":[{"not_picked":["Philosopher\u0027s Stone","Coffee Dripper"],"picked":"Mark of Pain"},{"not_picked":["White Beast Statue","Black Blood"],"picked":"Pandora\u0027s Box"}],"items_purged_floors":[36],"is_endless":false,"potions_floor_spawned":[1,2,18,30,31,38],"killed_by":"Giant Head","ascension_level":2}