{"gold_per_floor":[112,112,112,1,25,58,21,65,90,90,125,125,125,0,0,96,96,111,134,9,28,28,28,28],"floor_reached":24,"playtime":949,"items_purged":["Strike_G","Defend_G","Strike_G"],"score":388,"play_id":"0199e426-f9c0-4999-9d7d-06b332afe59c","local_time":"20190301202906","is_ascension_mode":true,"campfire_choices":[{"data":"Noxious Fumes","floor":10,"key":"SMITH"},{"data":"Deadly Poison","floor":13,"key":"SMITH"},{"floor":15,"key":"REST"},{"data":"Footwork","floor":23,"key":"SMITH"}],"neow_cost":"NONE","seed_source_timestamp":1264135516309581,"circlet_count":0,"master_deck":["AscendersBane","Defend_G+1","Defend_G","Defend_G+1","Defend_G","Strike_G","Strike_G","Survivor","Neutralize+1","Predator","Heel Hook","Deadly Poison+1","PiercingWail","Noxious Fumes+1","Die Die Die","Envenom","Blade Dance","Adrenaline","Backflip+1","Dagger Spray+1","Footwork+1"],"relics":["Ring of the Snake","NeowsBlessing","Golden Idol","Strawberry","Dodecahedron","Lantern","War Paint","Lizard Tail"],"potions_floor_usage":[8,11,16,24],"damage_taken":[{"damage":0,"enemies":"Jaw Worm","floor":1,"turns":1},{"damage":0,"enemies":"Small Slimes","floor":5,"turns":1},{"damage":0,"enemies":"Gremlin Nob","floor":6,"turns":1},{"damage":12,"enemies":"Lagavulin","floor":8,"turns":7},{"damage":12,"enemies":"3 Sentries","floor":11,"turns":5},{"damage":16,"enemies":"Slime Boss","floor":16,"turns":8},{"damage":19,"enemies":"Spheric Guardian","floor":18,"turns":6},{"damage":14,"enemies":"3 Byrds","floor":19,"turns":5},{"damage":41,"enemies":"Shelled Parasite and Fungi","floor":21,"turns":7},{"damage":33,"enemies":"Book of Stabbing","floor":24,"turns":5}],"seed_played":"-8255326110581536094","potions_obtained":[{"floor":1,"key":"Fire Potion"},{"floor":5,"key":"AttackPotion"},{"floor":11,"key":"Swift Potion"},{"floor":21,"key":"FearPotion"}],"is_trial":false,"path_per_floor":["M","?","?","$","M","E","$","E","T","R","E","?","R","$","R","B",null,"M","M","$","M","?","R","E"],"character_chosen":"THE_SILENT","items_purchased":["Heel Hook","Noxious Fumes","Blade Dance"],"campfire_rested":1,"item_purchase_floors":[4,7,14],"current_hp_per_floor":[63,63,63,63,63,70,70,58,58,58,46,39,39,39,60,44,65,46,32,32,27,27,27,0],"gold":28,"neow_bonus":"THREE_ENEMY_KILL","is_prod":false,"is_daily":false,"chose_seed":false,"campfire_upgraded":3,"win_rate":0,"timestamp":1551468546,"path_taken":["M","?","?","$","M","E","$","E","T","R","E","?","R","?","R","BOSS","M","M","$","M","?","R","E"],"build_version":"2019-01-23","purchased_purges":3,"victory":false,"max_hp_per_floor":[70,70,65,65,65,72,72,72,72,72,72,72,72,72,72,72,72,72,72,72,72,72,72,72],"card_choices":[{"not_picked":["Endless Agony","Bane"],"picked":"Predator","floor":1},{"not_picked":["Flying Knee","Quick Slash"],"picked":"Deadly Poison","floor":5},{"not_picked":["Acrobatics","Slice"],"picked":"PiercingWail","floor":6},{"not_picked":["Predator","Malaise"],"picked":"Die Die Die","floor":8},{"not_picked":["Finisher","Outmaneuver"],"picked":"Envenom","floor":11},{"not_picked":["Die Die Die","Unload"],"picked":"Adrenaline","floor":16},{"not_picked":["Dagger Spray","Blade Dance"],"picked":"Backflip+1","floor":18},{"not_picked":["PiercingWail","Quick Slash"],"picked":"Dagger Spray+1","floor":19},{"not_picked":["Expertise","Acrobatics+1","Bane"],"picked":"SKIP","floor":21}],"player_experience":685520,"relics_obtained":[{"floor":6,"key":"Strawberry"},{"floor":8,"key":"Dodecahedron"},{"floor":9,"key":"Lantern"},{"floor":11,"key":"War Paint"}],"event_choices":[{"damage_healed":0,"gold_gain":0,"player_choice":"Grow","damage_taken":0,"max_hp_gain":0,"max_hp_loss":0,"event_name":"Living Wall","floor":2,"gold_loss":0,"cards_upgraded":["Neutralize"]},{"damage_healed":0,"gold_gain":0,"player_choice":"Lose Max HP","damage_taken":0,"relics_obtained":["Golden Idol"],"max_hp_gain":0,"max_hp_loss":5,"event_name":"Golden Idol","floor":3,"gold_loss":0},{"cards_removed":["Strike_G"],"damage_healed":0,"gold_gain":0,"player_choice":"Card Removal","damage_taken":7,"max_hp_gain":0,"max_hp_loss":0,"event_name":"Golden Wing","floor":12,"gold_loss":0},{"damage_healed":0,"gold_gain":0,"player_choice":"Read","damage_taken":0,"max_hp_gain":0,"max_hp_loss":0,"event_name":"The Library","floor":22,"gold_loss":0,"cards_obtained":["Footwork"]}],"is_beta":false,"boss_relics":[{"not_picked":["HoveringKite","White Beast Statue"],"picked":"Lizard Tail"}],"items_purged_floors":[4,14,20],"is_endless":false,"potions_floor_spawned":[1,5,11,21],"killed_by":"Book of Stabbing","ascension_level":13}