{"gold_per_floor":[19,19,94,19,19,60,60,79,106,106,106,122,122,145,145,276,276,289,328,427,176,51,51,91,91],"floor_reached":25,"playtime":2176,"items_purged":["Defend_G","Strike_G","Strike_G"],"score":197,"play_id":"5ae36966-57e5-4085-9df4-373751d1df82","local_time":"20181110075523","is_ascension_mode":false,"campfire_choices":[{"data":"Neutralize","floor":7,"key":"SMITH"},{"data":"Cloak And Dagger","floor":10,"key":"SMITH"},{"data":"Bouncing Flask","floor":13,"key":"SMITH"},{"data":"Jack Of All Trades","floor":15,"key":"SMITH"},{"data":"Envenom","floor":23,"key":"SMITH"}],"neow_cost":"NO_GOLD","seed_source_timestamp":1256941340382736,"circlet_count":0,"master_deck":["Defend_G+1","Defend_G","Strike_G","Strike_G","Strike_G","Survivor","Neutralize+1","Jack Of All Trades+1","Deep Breath+1","Well Laid Plans","Cloak And Dagger+1","Bouncing Flask+1","Envenom+1"],"relics":["Ring of the Snake","Golden Idol","Tingsha","Vajra","Empty Cage","Red Mask","Strawberry"],"potions_floor_usage":[12,16],"damage_taken":[{"damage":1,"enemies":"Jaw Worm","floor":1,"turns":7},{"damage":45,"enemies":"3 Sentries","floor":6,"turns":15},{"damage":2,"enemies":"2 Louse","floor":8,"turns":3},{"damage":0,"enemies":"Small Slimes","floor":12,"turns":6},{"damage":0,"enemies":"Red Slaver","floor":14,"turns":2},{"damage":12,"enemies":"Hexaghost","floor":16,"turns":5},{"damage":9,"enemies":"Shell Parasite","floor":18,"turns":7},{"damage":58,"enemies":"Masked Bandits","floor":19,"turns":7},{"damage":0,"enemies":"Chosen","floor":24,"turns":4},{"damage":10,"enemies":"Snake Plant","floor":25,"turns":1}],"seed_played":"3642306126415235273","potions_obtained":[{"floor":6,"key":"Regen Potion"},{"floor":8,"key":"FearPotion"}],"is_trial":false,"path_per_floor":["M","?","?","$","?","E","R","M","T","R","?","M","R","M","R","B",null,"M","?","?","$","$","R","M","M"],"character_chosen":"THE_SILENT","items_purchased":["Strawberry"],"campfire_rested":0,"item_purchase_floors":[21],"current_hp_per_floor":[69,52,41,41,70,25,25,23,23,23,9,24,24,24,24,12,70,61,3,3,10,10,10,10,0],"gold":91,"neow_bonus":"RANDOM_COLORLESS_2","is_prod":false,"is_daily":false,"chose_seed":false,"campfire_upgraded":5,"win_rate":0,"timestamp":1541804123,"path_taken":["M","?","?","$","?","E","R","?","T","R","?","M","R","M","R","BOSS","M","?","?","?","$","R","?","M"],"build_version":"2018-11-08","purchased_purges":3,"victory":false,"max_hp_per_floor":[70,70,70,70,70,70,70,70,70,70,70,70,70,70,70,70,70,70,70,70,77,77,77,77,77],"card_choices":[{"not_picked":["Backflip","Caltrops"],"picked":"Well Laid Plans","floor":1},{"not_picked":["Outmaneuver","Tactician","Underhanded Strike"],"picked":"SKIP","floor":6},{"not_picked":["Prepared","Dagger Spray"],"picked":"Cloak And Dagger","floor":8},{"not_picked":["Backflip","Bane"],"picked":"Bouncing Flask","floor":12},{"not_picked":["Endless Agony","Flechettes","Slice"],"picked":"SKIP","floor":14},{"not_picked":["Corpse Explosion","Bullet Time"],"picked":"Envenom","floor":16},{"not_picked":["Endless Agony","Underhanded Strike+1","Outmaneuver"],"picked":"SKIP","floor":18},{"not_picked":["Deadly Poison","Eviscerate","Flying Knee"],"picked":"SKIP","floor":24}],"player_experience":826984,"relics_obtained":[{"floor":6,"key":"Tingsha"},{"floor":9,"key":"Vajra"},{"floor":19,"key":"Red Mask"}],"event_choices":[{"damage_healed":0,"gold_gain":0,"player_choice":"Take Damage","damage_taken":17,"relics_obtained":["Golden Idol"],"max_hp_gain":0,"max_hp_loss":0,"event_name":"Golden Idol","floor":2,"gold_loss":0},{"damage_healed":0,"gold_gain":75,"player_choice":"Gather Gold","damage_taken":11,"max_hp_gain":0,"max_hp_loss":0,"event_name":"World of Goop","floor":3,"gold_loss":0},{"damage_healed":29,"gold_gain":0,"player_choice":"Full Heal","damage_taken":0,"max_hp_gain":0,"max_hp_loss":0,"event_name":"Wheel of Change","floor":5,"gold_loss":0},{"damage_healed":0,"gold_gain":0,"player_choice":"Entered Light","damage_taken":14,"max_hp_gain":0,"max_hp_loss":0,"event_name":"Shining Light","floor":11,"gold_loss":0,"cards_upgraded":["Defend_G","Deep Breath"]},{"damage_healed":0,"gold_gain":0,"player_choice":"Fought Bandits","damage_taken":0,"max_hp_gain":0,"max_hp_loss":0,"event_name":"Masked Bandits","floor":19,"gold_loss":0},{"damage_healed":0,"gold_gain":99,"player_choice":"Stole From Cult","damage_taken":0,"max_hp_gain":0,"max_hp_loss":0,"event_name":"Nest","floor":20,"gold_loss":0}],"is_beta":false,"boss_relics":[{"not_picked":["Eternal Feather","White Beast Statue"],"picked":"Empty Cage"}],"items_purged_floors":[4,21,22],"is_endless":false,"potions_floor_spawned":[6,8],"killed_by":"Snake Plant","ascension_level":0}