{"gold_per_floor":[115,115,115,133,58,58,58,78,78,90,90,100,175,192,192,294,294,310,139,139,159,259,278,278,311,311,322,322,338,7,31,31,31],"floor_reached":33,"playtime":2233,"items_purged":["Strike_R","Bash"],"score":346,"play_id":"3b6572ac-f0a0-43e4-94b8-09b61d6f9805","local_time":"20181204023514","is_ascension_mode":true,"campfire_choices":[{"data":"Body Slam","floor":6.0,"key":"SMITH"},{"data":"True Grit","floor":11.0,"key":"SMITH"},{"data":"Defend_R","floor":15.0,"key":"SMITH"},{"data":"Metallicize","floor":24,"key":"SMITH"},{"floor":28,"key":"REST"},{"data":"Entrench","floor":32,"key":"SMITH"}],"neow_cost":"NONE","seed_source_timestamp":0,"circlet_count":0,"master_deck":["Defend_R+1","Defend_R+1","Defend_R+1","Defend_R","Body Slam+1","True Grit+1","Offering","Reaper","Pommel Strike+1","Brutality+1","True Grit+1","Metallicize+1","Flame Barrier+1","Metallicize+1","Shrug It Off+1","Shrug It Off","Entrench+1"],"special_seed":0,"relics":["Burning Blood","Bottled Lightning","Paper Frog","Astrolabe","Bag of Preparation","Kunai","Art of War","Pear","Boot"],"potions_floor_usage":[25,27],"damage_taken":[{"damage":6.0,"enemies":"Cultist","floor":1.0,"turns":3.0},{"damage":4.0,"enemies":"Jaw Worm","floor":4.0,"turns":5.0},{"damage":0.0,"enemies":"2 Louse","floor":8.0,"turns":2.0},{"damage":5.0,"enemies":"Large Slime","floor":10.0,"turns":9.0},{"damage":6.0,"enemies":"2 Fungi Beasts","floor":12.0,"turns":2.0},{"damage":6.0,"enemies":"Red Slaver","floor":14.0,"turns":2.0},{"damage":43.0,"enemies":"Hexaghost","floor":16.0,"turns":12.0},{"damage":41,"enemies":"3 Byrds","floor":18,"turns":7},{"damage":2,"enemies":"Shell Parasite","floor":21,"turns":10},{"damage":16,"enemies":"3 Cultists","floor":23,"turns":7},{"damage":50,"enemies":"Slavers","floor":25,"turns":8},{"damage":0,"enemies":"Snecko","floor":27,"turns":12},{"damage":11,"enemies":"Centurion and Healer","floor":29,"turns":14},{"damage":75,"enemies":"Automaton","floor":33,"turns":12}],"seed_played":"-2020728078160421950","potions_obtained":[{"floor":8.0,"key":"SteroidPotion"},{"floor":10.0,"key":"FearPotion"},{"floor":14.0,"key":"LiquidBronze"},{"floor":18,"key":"SteroidPotion"},{"floor":21,"key":"FearPotion"},{"floor":25,"key":"LiquidBronze"}],"is_trial":false,"path_per_floor":["M","T","?","M","$","R","?","M","T","M","R","M","?","M","R","B",null,"M","$","?","M","?","M","R","E","T","M","R","M","$","T","R","B"],"character_chosen":"IRONCLAD","items_purchased":["Metallicize","Entrench","Pear"],"campfire_rested":1,"item_purchase_floors":[19,30,30],"current_hp_per_floor":[80,80,85,85,85,85,68,74,74,75,75,75,64,64,64,27,71,42,42,42,46,46,48,48,13,13,19,44,47,57,57,57,0],"gold":31,"neow_bonus":"REMOVE_CARD","is_prod":false,"is_daily":false,"chose_seed":false,"campfire_upgraded":5,"win_rate":0,"timestamp":1543908914,"path_taken":["M","?","?","M","$","R","?","M","T","M","R","M","?","M","R","BOSS","M","$","?","?","?","?","R","E","T","M","R","M","$","?","R","BOSS"],"build_version":"2018-11-15","purchased_purges":2,"victory":false,"max_hp_per_floor":[80,80,85,85,85,85,85,85,85,85,85,85,85,85,85,85,85,85,85,85,85,85,85,85,85,85,85,85,85,95,95,95,95],"card_choices":[{"not_picked":["Sword Boomerang","Warcry"],"picked":"Body Slam","floor":1.0},{"not_picked":["Whirlwind","Flex","Inflame"],"picked":"SKIP","floor":4.0},{"not_picked":["Cleave","Body Slam"],"picked":"True Grit","floor":8.0},{"not_picked":["Clash","Clothesline"],"picked":"Offering","floor":10.0},{"not_picked":["Perfected Strike","Sword Boomerang","Rampage"],"picked":"SKIP","floor":12.0},{"not_picked":["Clash","Havoc","Headbutt"],"picked":"SKIP","floor":14.0},{"not_picked":["Brutality","Feed"],"picked":"Reaper","floor":16.0},{"not_picked":["Searing Blow+1","Heavy Blade","Bloodletting"],"picked":"SKIP","floor":18},{"not_picked":["Warcry+1","Sever Soul+1"],"picked":"Flame Barrier+1","floor":21},{"not_picked":["Corruption","Heavy Blade+1"],"picked":"Metallicize+1","floor":23},{"not_picked":["Clothesline","Twin Strike+1"],"picked":"Shrug It Off+1","floor":25},{"not_picked":["Twin Strike","Heavy Blade","Pommel Strike"],"picked":"SKIP","floor":27},{"not_picked":["Anger","Limit Break"],"picked":"Shrug It Off","floor":29}],"player_experience":860487,"relics_obtained":[{"floor":2.0,"key":"Bottled Lightning"},{"floor":9.0,"key":"Paper Frog"},{"floor":25,"key":"Kunai"},{"floor":26,"key":"Art of War"},{"floor":31,"key":"Boot"}],"event_choices":[{"damage_healed":0.0,"max_hp_gain":5.0,"max_hp_loss":0.0,"gold_gain":0.0,"event_name":"Big Fish","player_choice":"Donut","floor":3.0,"gold_loss":0.0,"damage_taken":0.0},{"damage_healed":0.0,"max_hp_gain":0.0,"max_hp_loss":0.0,"gold_gain":0.0,"event_name":"Shining Light","player_choice":"Entered Light","floor":7.0,"gold_loss":0.0,"damage_taken":17.0,"cards_upgraded":["Defend_R","Defend_R"]},{"damage_healed":0.0,"max_hp_gain":0.0,"max_hp_loss":0.0,"gold_gain":75.0,"event_name":"World of Goop","player_choice":"Gather Gold","floor":13.0,"gold_loss":0.0,"damage_taken":11.0},{"damage_healed":0,"gold_gain":0,"player_choice":"Gave Potion","damage_taken":0,"relics_obtained":["Bag of Preparation"],"max_hp_gain":0,"max_hp_loss":0,"event_name":"WeMeetAgain","floor":20,"gold_loss":0},{"damage_healed":0,"gold_gain":100,"player_choice":"Pray","damage_taken":0,"max_hp_gain":0,"max_hp_loss":0,"event_name":"Golden Shrine","floor":22,"gold_loss":0}],"is_beta":false,"boss_relics":[{"not_picked":["Ectoplasm","Empty Cage"],"picked":"Astrolabe"}],"items_purged_floors":[5,19],"is_endless":false,"potions_floor_spawned":[8,10,14,18,21,25],"killed_by":"Automaton","ascension_level":5}