{"gold_per_floor":[115,133,150,163,182,182,207,207,234,29,29,55,71,85,85,162,162,179,198,27,42,55,89,89,121,121,36,36,55,89,3,3,3],"floor_reached":33,"playtime":10241,"items_purged":["Strike_G"],"score":638,"play_id":"5dfa26c5-b240-41d2-933c-35d1ab52581b","local_time":"20181221062646","is_ascension_mode":true,"campfire_choices":[{"data":"Skewer","floor":6.0,"key":"SMITH"},{"data":"Dagger Spray","floor":8.0,"key":"SMITH"},{"floor":11.0,"key":"REST"},{"data":"Noxious Fumes","floor":15.0,"key":"SMITH"},{"floor":24,"key":"REST"},{"floor":28,"key":"REST"},{"floor":32,"key":"REST"}],"neow_cost":"NONE","seed_source_timestamp":551201370837620,"circlet_count":0,"master_deck":["AscendersBane","Defend_G","Defend_G","Defend_G","Defend_G","Defend_G","Strike_G","Strike_G","Strike_G","Strike_G","Survivor","Neutralize","Well Laid Plans","Skewer+1","Dagger Spray+1","Footwork","Dagger Spray","Noxious Fumes+1","Dodge and Roll","Calculated Gamble","Backflip","Acrobatics","Backflip","Backstab","Phantasmal Killer","Reflex","Expertise+1","Tactician","Envenom"],"special_seed":0,"relics":["Ring of the Snake","Bag of Preparation","Pen Nib","HoveringKite","Strawberry","Bottled Lightning","Peace Pipe","Boot","Torii"],"potions_floor_usage":[22,25,25],"damage_taken":[{"damage":0.0,"enemies":"Cultist","floor":1.0,"turns":4.0},{"damage":2.0,"enemies":"Small Slimes","floor":2.0,"turns":3.0},{"damage":0.0,"enemies":"Jaw Worm","floor":3.0,"turns":5.0},{"damage":0.0,"enemies":"Lots of Slimes","floor":4.0,"turns":2.0},{"damage":5.0,"enemies":"Gremlin Gang","floor":5.0,"turns":6.0},{"damage":25.0,"enemies":"Lagavulin","floor":7.0,"turns":9.0},{"damage":8.0,"enemies":"Gremlin Nob","floor":12.0,"turns":3.0},{"damage":0.0,"enemies":"Exordium Thugs","floor":13.0,"turns":4.0},{"damage":0.0,"enemies":"Blue Slaver","floor":14.0,"turns":3.0},{"damage":11.0,"enemies":"Slime Boss","floor":16.0,"turns":9.0},{"damage":0.0,"enemies":"3 Byrds","floor":18.0,"turns":5.0},{"damage":9.0,"enemies":"2 Thieves","floor":19.0,"turns":5.0},{"damage":4,"enemies":"Snake Plant","floor":21,"turns":2},{"damage":19,"enemies":"Cultist and Chosen","floor":22,"turns":7},{"damage":21,"enemies":"Book of Stabbing","floor":23,"turns":2},{"damage":25,"enemies":"Slavers","floor":25,"turns":4},{"damage":15,"enemies":"Shelled Parasite and Fungi","floor":29,"turns":6},{"damage":11,"enemies":"Gremlin Leader","floor":30,"turns":7},{"damage":32,"enemies":"Automaton","floor":33,"turns":6}],"seed_played":"-5526126291375537136","potions_obtained":[{"floor":1.0,"key":"AttackPotion"},{"floor":2.0,"key":"FearPotion"},{"floor":5.0,"key":"SmokeBomb"},{"floor":12.0,"key":"SkillPotion"},{"floor":16.0,"key":"SkillPotion"},{"floor":21,"key":"Block Potion"},{"floor":23,"key":"Ancient Potion"}],"is_trial":false,"path_per_floor":["M","M","M","M","M","R","E","R","T","$","R","E","M","M","R","B",null,"M","M","$","M","M","E","R","E","T","?","R","M","E","$","R","B"],"character_chosen":"THE_SILENT","items_purchased":["Noxious Fumes","Poison Potion","Backflip","Backstab","Energy Potion","Envenom"],"campfire_rested":4,"item_purchase_floors":[10,10,20,20,20,31],"current_hp_per_floor":[59,57,57,57,52,52,27,27,27,27,46,38,38,38,38,27,56,56,47,47,43,24,10,31,6,6,6,27,12,1,1,22,0],"gold":3,"neow_bonus":"THREE_CARDS","is_prod":false,"is_daily":false,"chose_seed":false,"campfire_upgraded":3,"win_rate":0,"timestamp":1545402406,"path_taken":["M","M","M","M","M","R","E","R","T","$","R","E","?","M","R","BOSS","M","?","$","M","M","E","R","E","T","?","R","M","E","$","R","BOSS"],"build_version":"2018-12-20","purchased_purges":1,"victory":false,"max_hp_per_floor":[66,66,66,66,66,66,66,66,66,66,66,66,66,66,66,66,66,66,66,66,66,66,73,73,73,73,73,73,73,73,73,73,73],"card_choices":[{"not_picked":["Sucker Punch","Backflip"],"picked":"Well Laid Plans","floor":0.0},{"not_picked":["Infinite Blades","Dodge and Roll"],"picked":"Skewer","floor":1.0},{"not_picked":["Accuracy","Acrobatics"],"picked":"Dagger Spray","floor":2.0},{"not_picked":["Underhanded Strike","Endless Agony","Acrobatics"],"picked":"SKIP","floor":3.0},{"not_picked":["Poisoned Stab","Blade Dance"],"picked":"Footwork","floor":4.0},{"not_picked":["Outmaneuver","Underhanded Strike","Prepared"],"picked":"SKIP","floor":5.0},{"not_picked":["Predator","Riddle With Holes"],"picked":"Dagger Spray","floor":7.0},{"not_picked":["Accuracy","Sucker Punch"],"picked":"Dodge and Roll","floor":12.0},{"not_picked":["Endless Agony","Reflex"],"picked":"Calculated Gamble","floor":13.0},{"not_picked":["Phantasmal Killer","Noxious Fumes"],"picked":"Backflip","floor":14.0},{"not_picked":["Deflect","Catalyst"],"picked":"Acrobatics","floor":18.0},{"not_picked":["Underhanded Strike","Eviscerate","Deadly Poison"],"picked":"SKIP","floor":19.0},{"not_picked":["Noxious Fumes","Outmaneuver"],"picked":"Phantasmal Killer","floor":21},{"not_picked":["Slice","Dagger Spray"],"picked":"Reflex","floor":22},{"not_picked":["Unload","Poisoned Stab","Flying Knee"],"picked":"SKIP","floor":23},{"not_picked":["Unload","Poisoned Stab","Flying Knee"],"picked":"SKIP","floor":23},{"not_picked":["Distraction","Dagger Spray"],"picked":"Expertise+1","floor":25},{"not_picked":["Blade Dance","Outmaneuver","Prepared"],"picked":"SKIP","floor":29},{"not_picked":["Dagger Spray","Predator"],"picked":"Tactician","floor":30}],"player_experience":3949678,"relics_obtained":[{"floor":7.0,"key":"Bag of Preparation"},{"floor":12.0,"key":"Pen Nib"},{"floor":23,"key":"Strawberry"},{"floor":25,"key":"Bottled Lightning"},{"floor":26,"key":"Peace Pipe"},{"floor":30,"key":"Torii"}],"event_choices":[{"damage_healed":0,"gold_gain":0,"player_choice":"Obtained Relic","damage_taken":0,"relics_obtained":["Boot"],"max_hp_gain":0,"max_hp_loss":0,"event_name":"Addict","floor":27,"gold_loss":85}],"is_beta":true,"boss_relics":[{"not_picked":["Busted Crown","Ring of the Serpent"],"picked":"HoveringKite"}],"items_purged_floors":[10],"is_endless":false,"potions_floor_spawned":[1,2,5,12,16,21,23],"killed_by":"Automaton","ascension_level":20}