{"gold_per_floor":[111,130,35,35,56,92,92,136,136,136,151,151,166,181,181,305,305,328,363,363,288,213,213,21,47,94,128,128,172,197,3,3,3],"floor_reached":33,"playtime":2066,"items_purged":["Injury","Injury"],"score":349,"play_id":"4f13aadc-da26-4491-935f-3c43460901e1","local_time":"20190214212627","is_ascension_mode":true,"campfire_choices":[{"data":"Uppercut","floor":7.0,"key":"SMITH"},{"data":"Shockwave","floor":12.0,"key":"SMITH"},{"floor":15.0,"key":"REST"},{"floor":23,"key":"REST"},{"floor":28,"key":"REST"},{"floor":32,"key":"REST"}],"neow_cost":"NONE","seed_source_timestamp":2195020221984696,"circlet_count":0,"master_deck":["Strike_R","Strike_R","Strike_R","Strike_R","Defend_R","Defend_R","Defend_R","Defend_R","Bash","Sword Boomerang","Uppercut+1","Flash of Steel","Shockwave+1","Whirlwind","Rage","Thunderclap","True Grit","Feed","Blood for Blood+1","Headbutt+1","Flash of Steel","Demon Form","Inflame","Seek"],"special_seed":0,"relics":["Burning Blood","Vajra","Golden Idol","Bag of Preparation","StoneCalendar","Dodecahedron","Calling Bell","Art of War","Mercury Hourglass","Thread and Needle","Red Mask","Centennial Puzzle","Dream Catcher","Singing Bowl","Du-Vu Doll","PrismaticShard"],"potions_floor_usage":[29,33],"damage_taken":[{"damage":6.0,"enemies":"2 Louse","floor":1.0,"turns":3.0},{"damage":0.0,"enemies":"Small Slimes","floor":2.0,"turns":3.0},{"damage":1.0,"enemies":"Cultist","floor":5.0,"turns":3.0},{"damage":24.0,"enemies":"Gremlin Nob","floor":6.0,"turns":4.0},{"damage":30.0,"enemies":"Lagavulin","floor":8.0,"turns":6.0},{"damage":2.0,"enemies":"Exordium Thugs","floor":11.0,"turns":4.0},{"damage":6.0,"enemies":"Looter","floor":13.0,"turns":3.0},{"damage":2.0,"enemies":"3 Louse","floor":14.0,"turns":3.0},{"damage":22.0,"enemies":"Slime Boss","floor":16.0,"turns":7.0},{"damage":20,"enemies":"Shell Parasite","floor":18,"turns":6},{"damage":44,"enemies":"Masked Bandits","floor":19,"turns":6},{"damage":18,"enemies":"Colosseum Slavers","floor":20,"turns":3},{"damage":20,"enemies":"Slavers","floor":27,"turns":4},{"damage":12,"enemies":"Gremlin Leader","floor":29,"turns":3},{"damage":20,"enemies":"Spheric Guardian","floor":30,"turns":4},{"damage":85,"enemies":"Collector","floor":33,"turns":6}],"seed_played":"3254069870688476769","potions_obtained":[{"floor":2.0,"key":"GamblersBrew"},{"floor":6.0,"key":"FearPotion"},{"floor":8.0,"key":"SpeedPotion"},{"floor":13.0,"key":"Regen Potion"},{"floor":27,"key":"BloodPotion"}],"is_trial":false,"path_per_floor":["M","M","$","?","M","E","R","E","T","?","M","R","M","M","R","B",null,"M","?","?","?","$","R","$","T","T","E","R","E","M","$","R","B"],"character_chosen":"IRONCLAD","items_purchased":["Flash of Steel","Flash of Steel","PrismaticShard"],"campfire_rested":4,"item_purchase_floors":[3,24,31],"current_hp_per_floor":[80,80,80,60,65,47,47,23,23,23,27,27,27,31,55,51,80,66,31,19,19,19,43,43,43,43,34,62,65,51,51,78,0],"gold":3,"neow_bonus":"RANDOM_COMMON_RELIC","is_prod":false,"is_daily":false,"chose_seed":false,"campfire_upgraded":2,"win_rate":0,"timestamp":1550179587,"path_taken":["M","M","$","?","M","E","R","E","T","?","M","R","?","M","R","BOSS","M","?","?","?","$","R","$","?","T","E","R","E","?","?","R","BOSS"],"build_version":"2019-01-23","purchased_purges":2,"victory":false,"max_hp_per_floor":[80,80,80,80,80,80,80,80,80,80,80,80,80,80,80,80,80,80,83,83,83,83,83,83,83,83,88,90,90,90,90,90,90],"card_choices":[{"not_picked":["True Grit","Headbutt"],"picked":"Sword Boomerang","floor":1.0},{"not_picked":["Twin Strike","True Grit"],"picked":"Uppercut","floor":2.0},{"not_picked":["Pommel Strike","Corruption"],"picked":"Shockwave","floor":5.0},{"not_picked":["Sword Boomerang","Shockwave"],"picked":"Whirlwind","floor":6.0},{"not_picked":["Berserk","Feel No Pain"],"picked":"Rage","floor":8.0},{"not_picked":["Heavy Blade","Clash"],"picked":"Thunderclap","floor":11.0},{"not_picked":["Clash","Shockwave","Havoc"],"picked":"SKIP","floor":13.0},{"not_picked":["Twin Strike","Anger"],"picked":"True Grit","floor":14.0},{"not_picked":["Exhume","Berserk"],"picked":"Feed","floor":16.0},{"not_picked":["Perfected Strike+1","Twin Strike"],"picked":"Blood for Blood+1","floor":18},{"not_picked":["Anger","Sword Boomerang"],"picked":"Headbutt+1","floor":19},{"not_picked":["Armaments","True Grit","Anger+1"],"picked":"Singing Bowl","floor":27},{"not_picked":["Headbutt","Clash","Perfected Strike"],"picked":"Singing Bowl","floor":28},{"not_picked":["Armaments+1","Perfected Strike"],"picked":"Demon Form","floor":29},{"not_picked":["Armaments","Thunderclap+1"],"picked":"Inflame","floor":30},{"not_picked":["Blizzard","Reflex"],"picked":"Seek","floor":32}],"player_experience":477532,"relics_obtained":[{"floor":6.0,"key":"Bag of Preparation"},{"floor":8.0,"key":"StoneCalendar"},{"floor":9.0,"key":"Dodecahedron"},{"floor":17.0,"key":"Art of War"},{"floor":17.0,"key":"Mercury Hourglass"},{"floor":17.0,"key":"Thread and Needle"},{"floor":19,"key":"Red Mask"},{"floor":25,"key":"Centennial Puzzle"},{"floor":26,"key":"Dream Catcher"},{"floor":27,"key":"Singing Bowl"},{"floor":29,"key":"Du-Vu Doll"}],"event_choices":[{"damage_healed":0.0,"max_hp_gain":0.0,"max_hp_loss":0.0,"gold_gain":0.0,"event_name":"Golden Idol","player_choice":"Take Damage","floor":4.0,"gold_loss":0.0,"damage_taken":20.0,"relics_obtained":["Golden Idol"]},{"cards_removed":["Strike_R"],"damage_healed":0.0,"max_hp_gain":0.0,"max_hp_loss":0.0,"gold_gain":0.0,"event_name":"Purifier","player_choice":"Purged","floor":10.0,"gold_loss":0.0,"damage_taken":0.0},{"damage_healed":0,"gold_gain":0,"player_choice":"Fought Bandits","damage_taken":0,"max_hp_gain":0,"max_hp_loss":0,"event_name":"Masked Bandits","floor":19,"gold_loss":0},{"damage_healed":0,"gold_gain":0,"player_choice":"Fight","damage_taken":0,"max_hp_gain":0,"max_hp_loss":0,"event_name":"Colosseum","floor":20,"gold_loss":0},{"damage_healed":0,"gold_gain":0,"player_choice":"Fled From Nobs","damage_taken":0,"max_hp_gain":0,"max_hp_loss":0,"event_name":"Colosseum","floor":20,"gold_loss":0},{"cards_removed":["Pain"],"damage_healed":0,"gold_gain":0,"player_choice":"Gave Gold","damage_taken":0,"max_hp_gain":0,"max_hp_loss":0,"event_name":"Beggar","floor":21,"gold_loss":75}],"is_beta":false,"boss_relics":[{"not_picked":["Runic Pyramid","Black Star"],"picked":"Calling Bell"}],"items_purged_floors":[22,24],"is_endless":false,"potions_floor_spawned":[2,6,8,13,20,27],"killed_by":"Collector","ascension_level":4}