{"gold_per_floor":[116,132,132,57,70,70,70,89,89,89,89],"floor_reached":11,"playtime":452,"items_purged":["Defend_R"],"score":63,"play_id":"450ec37f-569a-49a7-9d3c-8a8d24913545","local_time":"20190224152136","is_ascension_mode":false,"campfire_choices":[{"data":"Bash","floor":6,"key":"SMITH"}],"neow_cost":"NONE","seed_source_timestamp":764182628657911,"circlet_count":0,"master_deck":["Strike_R","Strike_R","Strike_R","Strike_R","Defend_R","Defend_R","Defend_R","Bash+1"],"relics":["Snecko Eye","Dodecahedron","Golden Idol"],"potions_floor_usage":[],"damage_taken":[{"damage":5,"enemies":"Small Slimes","floor":1,"turns":3},{"damage":6,"enemies":"Jaw Worm","floor":2,"turns":2},{"damage":0,"enemies":"Cultist","floor":5,"turns":2},{"damage":19,"enemies":"Large Slime","floor":8,"turns":5},{"damage":25,"enemies":"3 Sentries","floor":11,"turns":5}],"seed_played":"1114293686729423497","potions_obtained":[{"floor":2,"key":"Ancient Potion"}],"is_trial":false,"path_per_floor":["M","M","?","$","M","R","?","M","T","?","E"],"character_chosen":"IRONCLAD","items_purchased":[],"campfire_rested":0,"item_purchase_floors":[],"current_hp_per_floor":[75,69,62,62,62,62,67,48,48,27,2],"gold":89,"neow_bonus":"BOSS_RELIC","is_prod":false,"is_daily":false,"chose_seed":false,"campfire_upgraded":1,"win_rate":0,"timestamp":1550989296,"path_taken":["M","M","?","$","M","R","?","M","T","?","E"],"build_version":"2019-01-23","purchased_purges":1,"victory":false,"max_hp_per_floor":[80,80,80,80,80,80,85,85,85,85,85],"card_choices":[{"not_picked":["Cleave","Pommel Strike","Sword Boomerang"],"picked":"SKIP","floor":1},{"not_picked":["Body Slam","Pommel Strike","Flex"],"picked":"SKIP","floor":2},{"not_picked":["Seeing Red","Heavy Blade","Spot Weakness"],"picked":"SKIP","floor":5},{"not_picked":["Headbutt","Fire Breathing","Clash"],"picked":"SKIP","floor":8}],"player_experience":908461,"relics_obtained":[{"floor":9,"key":"Dodecahedron"}],"event_choices":[{"cards_removed":["Strike_R"],"damage_healed":0,"gold_gain":0,"player_choice":"Card Removal","damage_taken":7,"max_hp_gain":0,"max_hp_loss":0,"event_name":"Golden Wing","floor":3,"gold_loss":0},{"damage_healed":0,"gold_gain":0,"player_choice":"Donut","damage_taken":0,"max_hp_gain":5,"max_hp_loss":0,"event_name":"Big Fish","floor":7,"gold_loss":0},{"damage_healed":0,"gold_gain":0,"player_choice":"Take Damage","damage_taken":21,"relics_obtained":["Golden Idol"],"max_hp_gain":0,"max_hp_loss":0,"event_name":"Golden Idol","floor":10,"gold_loss":0}],"is_beta":false,"boss_relics":[],"items_purged_floors":[4],"is_endless":false,"potions_floor_spawned":[2],"killed_by":"3 Sentries","ascension_level":0}