{"gold_per_floor":[113,188,207,207,1,12,25,25,104,104,115,115,135,152,152,254,254,274,189,189],"floor_reached":20,"playtime":1640,"items_purged":[],"score":164,"play_id":"93167dd4-e54b-4a9e-bb8e-30530ce88419","local_time":"20181110133824","is_ascension_mode":false,"campfire_choices":[{"data":"White Noise","floor":8,"key":"SMITH"},{"data":"Coolheaded","floor":10,"key":"SMITH"},{"data":"Amplify","floor":15,"key":"SMITH"}],"neow_cost":"NONE","seed_source_timestamp":416241582722905,"circlet_count":0,"master_deck":["Strike_B","Strike_B","Strike_B","Strike_B","Zap","Dualcast","Cold Snap","Sweeping Beam","Coolheaded+1","White Noise+1","Leap","Amplify+1","Capacitor","Ball Lightning","Creative AI","Reprogram+1","Loop+1","Hologram+1","White Noise+1"],"relics":["Cracked Core","Membership Card","Question Card","Anchor","Odd Mushroom","Astrolabe","Darkstone Periapt"],"potions_floor_usage":[16,16],"damage_taken":[{"damage":6,"enemies":"2 Louse","floor":1,"turns":2},{"damage":0,"enemies":"Cultist","floor":3,"turns":3},{"damage":6,"enemies":"Jaw Worm","floor":6,"turns":3},{"damage":7,"enemies":"3 Louse","floor":7,"turns":2},{"damage":6,"enemies":"Looter","floor":11,"turns":4},{"damage":11,"enemies":"The Mushroom Lair","floor":13,"turns":5},{"damage":4,"enemies":"Large Slime","floor":14,"turns":5},{"damage":11,"enemies":"The Guardian","floor":16,"turns":15},{"damage":22,"enemies":"Shell Parasite","floor":18,"turns":8},{"damage":54,"enemies":"3 Byrds","floor":20,"turns":4}],"seed_played":"-6340203589195054208","potions_obtained":[{"floor":3,"key":"EssenceOfSteel"},{"floor":7,"key":"Ancient Potion"},{"floor":14,"key":"Fire Potion"}],"is_trial":false,"path_per_floor":["M","?","M","?","$","M","M","R","T","R","M","?","?","M","R","B",null,"M","?","M"],"character_chosen":"DEFECT","items_purchased":["Membership Card"],"campfire_rested":0,"item_purchase_floors":[5],"current_hp_per_floor":[69,58,58,58,58,52,45,45,45,45,39,32,21,17,17,6,75,53,53,0],"gold":189,"neow_bonus":"THREE_CARDS","is_prod":false,"is_daily":false,"chose_seed":false,"campfire_upgraded":3,"win_rate":0.0,"timestamp":1541875104,"path_taken":["M","?","M","?","$","M","M","R","T","R","?","?","?","M","R","BOSS","M","?","M"],"build_version":"2018-11-08","purchased_purges":0,"victory":false,"max_hp_per_floor":[75,75,75,75,75,75,75,75,75,75,75,75,75,75,75,75,75,75,75,75],"card_choices":[{"not_picked":["Go for the Eyes","Hologram"],"picked":"Cold Snap","floor":0},{"not_picked":["Barrage","Stack"],"picked":"Sweeping Beam","floor":1},{"not_picked":["Cold Snap","Steam"],"picked":"Coolheaded","floor":3},{"not_picked":["Cold Snap","Gash"],"picked":"White Noise","floor":6},{"not_picked":["Coolheaded","Streamline"],"picked":"Leap","floor":7},{"not_picked":["Compile Driver","Force Field","Glacier"],"picked":"Amplify","floor":11},{"not_picked":["Streamline","Gash","Steam"],"picked":"Capacitor","floor":13},{"not_picked":["Beam Cell","Coolheaded","Streamline"],"picked":"Ball Lightning","floor":14},{"not_picked":["Biased Cognition","Thunder Strike","Electrodynamics"],"picked":"Creative AI","floor":16},{"not_picked":["Cold Snap+1","Compile Driver","Heatsinks"],"picked":"White Noise+1","floor":18}],"player_experience":144133,"relics_obtained":[{"floor":9,"key":"Question Card"},{"floor":13,"key":"Odd Mushroom"}],"event_choices":[{"damage_healed":0,"gold_gain":75,"player_choice":"Gather Gold","damage_taken":11,"max_hp_gain":0,"max_hp_loss":0,"event_name":"World of Goop","floor":2,"gold_loss":0},{"cards_removed":["Defend_B"],"damage_healed":0,"gold_gain":0,"player_choice":"Purged","damage_taken":0,"max_hp_gain":0,"max_hp_loss":0,"event_name":"Purifier","floor":4,"gold_loss":0},{"damage_healed":0,"gold_gain":0,"player_choice":"Success","damage_taken":7,"relics_obtained":["Anchor"],"max_hp_gain":0,"max_hp_loss":0,"event_name":"Scrap Ooze","floor":12,"gold_loss":0},{"damage_healed":0,"gold_gain":0,"player_choice":"Fought Mushrooms","damage_taken":0,"max_hp_gain":0,"max_hp_loss":0,"event_name":"Mushrooms","floor":13,"gold_loss":0},{"damage_healed":0,"gold_gain":0,"player_choice":"Obtained Relic","damage_taken":0,"relics_obtained":["Darkstone Periapt"],"max_hp_gain":0,"max_hp_loss":0,"event_name":"Addict","floor":19,"gold_loss":85}],"is_beta":false,"boss_relics":[{"not_picked":["Empty Cage","Coffee Dripper"],"picked":"Astrolabe"}],"items_purged_floors":[],"is_endless":false,"potions_floor_spawned":[3,7,14],"killed_by":"3 Byrds","ascension_level":0}