{"path_per_floor":["M","?","M","M","$","R","?","R","T","R","T","M","M","M","R","B",null,"M","?","?","$","?","R","$","R","T","?","?","M","M","M","R","B",null,"M","$","?","M","?","R","M","R","T","M","?","R","?","T","R"],"character_chosen":"IRONCLAD","items_purchased":["Orichalcum","Juzu Bracelet","Shrug It Off","Tiny Chest"],"gold_per_floor":[119,119,138,156,3,3,3,3,3,3,3,15,35,54,54,150,150,161,161,161,8,8,8,8,8,35,35,35,53,67,82,82,177,177,191,39,90,102,102,102,114,114,140,151,151,151,0,0,0],"floor_reached":50,"campfire_rested":1,"playtime":1836,"current_hp_per_floor":[80,80,80,75,75,75,75,75,75,75,75,74,74,76,76,78,80,80,80,65,65,65,65,65,65,65,65,49,51,51,57,83,30,88,75,75,76,76,76,76,66,66,66,69,69,69,69,83,83],"items_purged":[],"gold":0,"score":448,"play_id":"b4089b9a-b5dc-437e-b8fe-c3b9effab8b1","is_prod":false,"is_daily":false,"is_ascension_mode":true,"campfire_upgraded":10,"path_taken":["M","?","M","M","$","R","?","R","T","R","?","M","M","M","R","BOSS","M","?","?","$","?","R","$","R","T","?","?","M","M","M","R","BOSS","M","$","?","M","?","R","M","R","T","M","?","R","?","?","R","BOSS"],"build_version":"2018-02-15-PROD1","purchased_purges":1,"victory":false,"master_deck":["Strike_R+1","Strike_R+1","Strike_R+1","Strike_R+1","Strike_R+1","Defend_R+1","Defend_R+1","Defend_R+1","Bash+1","Perfected Strike+1","Perfected Strike+1","Perfected Strike+1","Pommel Strike+1","Pommel Strike+1","Demon Form+1","True Grit+1","Twin Strike+1","Double Tap+1","Pommel Strike+1","Shrug It Off+1","Metallicize+1","Uppercut+1","Wild Strike+1"],"max_hp_per_floor":[80,80,80,80,80,80,80,80,80,80,80,80,80,80,80,80,80,80,80,85,85,85,85,85,85,85,85,85,85,88,88,88,88,88,88,88,88,88,88,88,88,88,88,88,88,88,88,102,102],"relics":["Burning Blood","Orichalcum","Bronze Scales","Frozen Eye","Question Card","Juzu Bracelet","Lantern","Nilry\u0027s Codex","Mark of Pain","Tiny Chest","Unceasing Top","Anchor","Red Mask","Mango"],"card_choices":[{"not_picked":["Armaments","Clash"],"picked":"Perfected Strike"},{"not_picked":["Second Wind","Dual Wield"],"picked":"Perfected Strike"},{"not_picked":["Rage","Heavy Blade"],"picked":"Perfected Strike"},{"not_picked":["Clothesline","Heavy Blade"],"picked":"Pommel Strike"},{"not_picked":["Inflame","Wild Strike"],"picked":"Pommel Strike"},{"not_picked":["Limit Break","Bludgeon"],"picked":"Demon Form"},{"not_picked":["Headbutt","Fire Breathing","Heavy Blade"],"picked":"True Grit"},{"not_picked":["Feed","Immolate","Demon Form"],"picked":"Double Tap"},{"not_picked":["Cleave","Headbutt","Body Slam"],"picked":"Pommel Strike"},{"not_picked":["Sword Boomerang","Flex","Clash"],"picked":"Metallicize"},{"not_picked":["Combust","Feel No Pain","Cleave"],"picked":"Uppercut"},{"not_picked":["Combust","Warcry","Iron Wave"],"picked":"Wild Strike"}],"player_experience":170075,"potions_floor_usage":[33,33,50,50,50],"damage_taken":[{"damage":6,"enemies":"Jaw Worm","floor":1,"turns":4},{"damage":0,"enemies":"Cultist","floor":3,"turns":2},{"damage":11,"enemies":"Small Slimes","floor":4,"turns":3},{"damage":7,"enemies":"Blue Slaver","floor":12,"turns":2},{"damage":6,"enemies":"Exordium Wildlife","floor":13,"turns":3},{"damage":4,"enemies":"Looter","floor":14,"turns":2},{"damage":4,"enemies":"Slime Boss","floor":16,"turns":7},{"damage":0,"enemies":"Spheric Guardian","floor":18,"turns":2},{"damage":4,"enemies":"Shell Parasite","floor":29,"turns":3},{"damage":9,"enemies":"3 Cultists","floor":30,"turns":4},{"damage":0,"enemies":"Snake Plant","floor":31,"turns":2},{"damage":59,"enemies":"Collector","floor":33,"turns":8},{"damage":19,"enemies":"3 Shapes","floor":35,"turns":5},{"damage":5,"enemies":"Mysterious Sphere","floor":37,"turns":3},{"damage":6,"enemies":"Orb Walker","floor":38,"turns":3},{"damage":16,"enemies":"Sphere and 2 Shapes","floor":41,"turns":4},{"damage":3,"enemies":"4 Shapes","floor":44,"turns":3},{"damage":88,"enemies":"Awakened One","floor":50,"turns":14}],"event_choices":[{"event_name":"The Woman in Blue","player_choice":"Bought 0 Potions","floor":2,"damage_taken":0},{"event_name":"Living Wall","player_choice":"Grow","floor":7,"damage_taken":0},{"event_name":"Vampires","player_choice":"Ignored","floor":19,"damage_taken":0},{"event_name":"Forgotten Altar","player_choice":"Shed Blood","floor":20,"damage_taken":0},{"event_name":"Back to Basics","player_choice":"Simplicity","floor":22,"damage_taken":0},{"event_name":"The Library","player_choice":"Read","floor":27,"damage_taken":0},{"event_name":"Cursed Tome","player_choice":"Obtained Book","floor":28,"damage_taken":0},{"event_name":"Mysterious Sphere","player_choice":"Fight","floor":37,"damage_taken":0},{"event_name":"The Lab","player_choice":"Got Potions","floor":39,"damage_taken":0},{"event_name":"Tomb of Lord Red Mask","player_choice":"Paid","floor":47,"damage_taken":0}],"boss_relics":[{"not_picked":["Orrery","Pandora\u0027s Box"],"picked":"Question Card"},{"not_picked":["Astrolabe","Black Star"],"picked":"Mark of Pain"}],"potions_floor_spawned":[1,12,16,30,31,33,35,37],"seed_played":"-4439340019870256182","killed_by":"Awakened One","ascension_level":1,"is_trial":false}