{"gold_per_floor":[116,21,21,45,45,88,101,24,50,69,102,63,82,47,47,170,170,184,184,184],"floor_reached":20,"playtime":1330,"items_purged":[],"score":256,"play_id":"c2dda455-f2e5-405a-8dfc-091c380e3fa7","local_time":"20181215120407","is_ascension_mode":true,"campfire_choices":[{"data":"Neutralize","floor":15,"key":"SMITH"}],"neow_cost":"NONE","seed_source_timestamp":238783014926717,"circlet_count":0,"master_deck":["Defend_G","Defend_G","Defend_G","Defend_G","Defend_G","Strike_G","Strike_G","Strike_G","Strike_G","Survivor","Neutralize+1","Blur","Jack Of All Trades","Blur","Finisher","Well Laid Plans","Cloak And Dagger","Infinite Blades","Backflip","Blade Dance","Dash","Terror","Phantasmal Killer","Dodge and Roll"],"relics":["Ring of the Snake","NeowsBlessing","Golden Idol","Orichalcum","Bag of Marbles","Odd Mushroom","Black Star"],"potions_floor_usage":[16,16],"damage_taken":[{"damage":0,"enemies":"Cultist","floor":1,"turns":1},{"damage":0,"enemies":"2 Louse","floor":4,"turns":1},{"damage":0,"enemies":"Lagavulin","floor":6,"turns":1},{"damage":0,"enemies":"Jaw Worm","floor":7,"turns":6},{"damage":4,"enemies":"Exordium Wildlife","floor":10,"turns":5},{"damage":9,"enemies":"The Mushroom Lair","floor":11,"turns":5},{"damage":1,"enemies":"3 Louse","floor":13,"turns":4},{"damage":25,"enemies":"Slime Boss","floor":16,"turns":16},{"damage":44,"enemies":"3 Byrds","floor":18,"turns":9},{"damage":17,"enemies":"Spheric Guardian","floor":20,"turns":4}],"seed_played":"535747490508178412","potions_obtained":[{"floor":6,"key":"Ancient Potion"},{"floor":10,"key":"SpeedPotion"}],"is_trial":false,"path_per_floor":["M","$","?","M","?","E","M","$","T","M","?","$","M","?","R","B",null,"M","?","M"],"character_chosen":"THE_SILENT","items_purchased":["Jack Of All Trades","Infinite Blades","Dash"],"campfire_rested":0,"item_purchase_floors":[2,8,12],"current_hp_per_floor":[63,63,63,63,63,63,63,63,63,59,50,50,49,65,65,40,59,15,15,0],"gold":184,"neow_bonus":"THREE_ENEMY_KILL","is_prod":false,"is_daily":false,"chose_seed":false,"campfire_upgraded":1,"win_rate":0,"timestamp":1544893447,"path_taken":["M","$","?","M","?","E","M","$","T","?","?","?","M","?","R","BOSS","M","?","M"],"build_version":"2018-12-13","purchased_purges":0,"victory":false,"max_hp_per_floor":[70,70,65,65,65,65,65,65,65,65,65,65,65,65,65,65,65,65,65,65],"card_choices":[{"not_picked":["Sucker Punch","Backflip"],"picked":"Blur","floor":1},{"not_picked":["Quick Slash","Underhanded Strike"],"picked":"Blur","floor":4},{"not_picked":["Poisoned Stab","Acrobatics"],"picked":"Well Laid Plans","floor":6},{"not_picked":["Backflip","Deadly Poison"],"picked":"Cloak And Dagger","floor":7},{"not_picked":["Concentrate","Flying Knee"],"picked":"Backflip","floor":10},{"not_picked":["Flying Knee","Endless Agony"],"picked":"Blade Dance","floor":11},{"not_picked":["Endless Agony","Quick Slash"],"picked":"Terror","floor":13},{"not_picked":["Unload","Malaise"],"picked":"Phantasmal Killer","floor":16},{"not_picked":["Quick Slash","Eviscerate"],"picked":"Dodge and Roll","floor":18}],"player_experience":314433,"relics_obtained":[{"floor":6,"key":"Orichalcum"},{"floor":9,"key":"Bag of Marbles"},{"floor":11,"key":"Odd Mushroom"}],"event_choices":[{"damage_healed":0,"gold_gain":0,"player_choice":"Lose Max HP","damage_taken":0,"relics_obtained":["Golden Idol"],"max_hp_gain":0,"max_hp_loss":5,"event_name":"Golden Idol","floor":3,"gold_loss":0},{"damage_healed":0,"gold_gain":0,"player_choice":"1 cards matched","damage_taken":0,"max_hp_gain":0,"max_hp_loss":0,"event_name":"Match and Keep!","floor":5,"gold_loss":0,"cards_obtained":["Finisher"]},{"damage_healed":0,"gold_gain":0,"player_choice":"Fought Mushrooms","damage_taken":0,"max_hp_gain":0,"max_hp_loss":0,"event_name":"Mushrooms","floor":11,"gold_loss":0},{"damage_healed":16,"gold_gain":0,"player_choice":"Healed","damage_taken":0,"max_hp_gain":0,"max_hp_loss":0,"event_name":"The Cleric","floor":14,"gold_loss":35},{"cards_removed":["Strike_G"],"damage_healed":0,"gold_gain":0,"player_choice":"Offered Basic","damage_taken":0,"max_hp_gain":0,"max_hp_loss":0,"event_name":"Bonfire Elementals","floor":19,"gold_loss":0}],"is_beta":false,"boss_relics":[{"not_picked":["Tiny House","White Beast Statue"],"picked":"Black Star"}],"items_purged_floors":[],"is_endless":false,"potions_floor_spawned":[6,10],"killed_by":"Spheric Guardian","ascension_level":6}