{"gold_per_floor":[116,116,41,51,51,86,86,96,120,132,132,144,171,187,187,291,291,291,291,291,191,191,191,191,191,191,191,191,66,66,66,66,66,66,66,66,66,66,66,66,66,66,66,66,66,66,66,66,66,66],"floor_reached":51,"playtime":3020,"items_purged":["Defend_B","Strike_B","Strike_B"],"score":782,"play_id":"2055aa74-1913-46d3-b4cc-a9788f67683e","local_time":"20190120172424","is_ascension_mode":false,"campfire_choices":[{"data":"Zap","floor":11.0,"key":"SMITH"},{"data":"FTL","floor":15.0,"key":"SMITH"},{"data":"Electrodynamics","floor":23.0,"key":"SMITH"},{"data":"Capacitor","floor":25.0,"key":"SMITH"},{"data":"Reinforced Body","floor":32.0,"key":"SMITH"},{"data":"Scrape","floor":40.0,"key":"SMITH"},{"data":"Hologram","floor":42.0,"key":"SMITH"},{"data":"Redo","floor":49.0,"key":"SMITH"}],"neow_cost":"NONE","seed_source_timestamp":0,"circlet_count":0,"master_deck":["Strike_B+1","Defend_B","Defend_B+1","Defend_B+1","Zap+1","Dualcast+1","FTL+1","Scrape+1","Rebound","Capacitor+1","Reinforced Body+1","Gash","Go for the Eyes","All For One","Electrodynamics+1","Rebound+1","Defragment+1","Beam Cell","Static Discharge+1","Heatsinks+1","Hologram+1","Seek","Gash+1","Conserve Battery+1","Static Discharge+1","Redo+1","Parasite","Gash+1"],"special_seed":0,"relics":["Cracked Core","Strawberry","Bag of Preparation","Ice Cream","Ectoplasm","WingedGreaves","Shuriken","MawBank","War Paint","Pantograph","Pen Nib","Inserter","Unceasing Top","Dodecahedron","Torii"],"potions_floor_usage":[50,50],"damage_taken":[{"damage":6.0,"enemies":"2 Louse","floor":1.0,"turns":3.0},{"damage":2.0,"enemies":"Small Slimes","floor":4.0,"turns":3.0},{"damage":16.0,"enemies":"Lagavulin","floor":6.0,"turns":7.0},{"damage":1.0,"enemies":"Jaw Worm","floor":8.0,"turns":2.0},{"damage":18.0,"enemies":"Lots of Slimes","floor":10.0,"turns":3.0},{"damage":3.0,"enemies":"Looter","floor":12.0,"turns":3.0},{"damage":6.0,"enemies":"3 Sentries","floor":13.0,"turns":5.0},{"damage":0.0,"enemies":"3 Louse","floor":14.0,"turns":3.0},{"damage":7.0,"enemies":"Slime Boss","floor":16.0,"turns":5.0},{"damage":7.0,"enemies":"Shell Parasite","floor":18.0,"turns":4.0},{"damage":25.0,"enemies":"Colosseum Slavers","floor":19.0,"turns":4.0},{"damage":12.0,"enemies":"Colosseum Nobs","floor":19.0,"turns":3.0},{"damage":0.0,"enemies":"Chosen","floor":22.0,"turns":3.0},{"damage":11.0,"enemies":"Shelled Parasite and Fungi","floor":24.0,"turns":2.0},{"damage":20.0,"enemies":"Book of Stabbing","floor":27.0,"turns":2.0},{"damage":39.0,"enemies":"Slavers","floor":30.0,"turns":5.0},{"damage":2.0,"enemies":"Cultist and Chosen","floor":31.0,"turns":3.0},{"damage":14.0,"enemies":"Automaton","floor":33.0,"turns":5.0},{"damage":15.0,"enemies":"Orb Walker","floor":35.0,"turns":2.0},{"damage":7.0,"enemies":"3 Shapes","floor":36.0,"turns":2.0},{"damage":8.0,"enemies":"3 Darklings","floor":37.0,"turns":2.0},{"damage":0.0,"enemies":"Transient","floor":39.0,"turns":5.0},{"damage":12.0,"enemies":"Giant Head","floor":41.0,"turns":5.0},{"damage":20.0,"enemies":"Jaw Worm Horde","floor":44.0,"turns":2.0},{"damage":7.0,"enemies":"Writhing Mass","floor":47.0,"turns":5.0},{"damage":5.0,"enemies":"Reptomancer","floor":48.0,"turns":2.0},{"damage":36,"enemies":"Awakened One","floor":50,"turns":6}],"seed_played":"5826780843912896642","potions_obtained":[{"floor":1.0,"key":"GamblersBrew"},{"floor":8.0,"key":"Weak Potion"},{"floor":10.0,"key":"Fruit Juice"},{"floor":13.0,"key":"Poison Potion"},{"floor":27.0,"key":"SmokeBomb"},{"floor":30.0,"key":"Dexterity Potion"},{"floor":31.0,"key":"Block Potion"},{"floor":38.0,"key":"Fire Potion"},{"floor":44.0,"key":"Fruit Juice"},{"floor":47.0,"key":"LiquidBronze"}],"is_trial":false,"path_per_floor":["M","?","$","M","?","E","$","M","T","M","R","M","E","M","R","B",null,"M","?","?","$","M","R","M","R","T","E","T","$","E","M","R","B",null,"M","M","M","?","M","R","E","R","T","M","$","?","M","E","R","B",null],"character_chosen":"DEFECT","items_purchased":[],"campfire_rested":0,"item_purchase_floors":[],"current_hp_per_floor":[76,76,76,74,58,49,49,48,48,30,30,27,26,26,26,19,94,87,50,81,81,81,81,70,70,70,50,50,50,11,9,9,20,94,79,72,64,64,64,64,52,52,52,32,32,32,30,25,25,14],"gold":66,"neow_bonus":"TEN_PERCENT_HP_BONUS","is_prod":false,"is_daily":false,"chose_seed":false,"campfire_upgraded":8,"win_rate":0,"timestamp":1547972664,"path_taken":["M","?","$","M","?","E","?","M","T","?","R","M","E","M","R","BOSS","M","?","?","?","?","R","M","R","T","E","?","$","E","M","R","BOSS","M","M","M","?","M","R","E","R","T","M","?","?","?","E","R","BOSS"],"build_version":"2019-01-17v2","purchased_purges":3,"victory":true,"max_hp_per_floor":[82,82,82,82,82,89,89,89,89,89,89,89,94,94,94,94,94,94,94,94,94,94,94,94,94,94,94,94,94,94,94,94,94,94,94,94,94,94,94,94,94,94,94,94,94,94,99,99,99,99],"card_choices":[{"not_picked":["Steam Power","Hologram"],"picked":"FTL","floor":1.0},{"not_picked":["Leap","Steam"],"picked":"Scrape","floor":4.0},{"not_picked":["Storm","Consume"],"picked":"Rebound","floor":6.0},{"not_picked":["Rebound","Stack"],"picked":"Capacitor","floor":8.0},{"not_picked":["Consume","Double Energy"],"picked":"Reinforced Body","floor":10.0},{"not_picked":["Steam","Hello World"],"picked":"Gash","floor":12.0},{"not_picked":["Barrage","Cold Snap"],"picked":"Go for the Eyes","floor":13.0},{"not_picked":["Go for the Eyes","Capacitor"],"picked":"All For One","floor":14.0},{"not_picked":["Core Surge","Fission"],"picked":"Electrodynamics","floor":16.0},{"not_picked":["Hologram","Go for the Eyes"],"picked":"Rebound+1","floor":18.0},{"not_picked":["Chill","Cold Snap"],"picked":"Defragment+1","floor":19.0},{"not_picked":["Skim","Blizzard+1"],"picked":"Beam Cell","floor":22.0},{"not_picked":["Leap","Machine Learning"],"picked":"Static Discharge+1","floor":24.0},{"not_picked":["Glacier","Recycle","Meteor Strike"],"picked":"SKIP","floor":27.0},{"not_picked":["Gash","Leap"],"picked":"Heatsinks+1","floor":30.0},{"not_picked":["Steam","Streamline"],"picked":"Hologram","floor":31.0},{"not_picked":["Fission","Biased Cognition"],"picked":"Seek","floor":33.0},{"not_picked":["Turbo","Barrage","Sunder+1"],"picked":"SKIP","floor":35.0},{"not_picked":["Lockon+1","Skim+1"],"picked":"Gash+1","floor":36.0},{"not_picked":["Barrage+1","Reprogram"],"picked":"Conserve Battery+1","floor":37.0},{"not_picked":["Streamline+1","Conserve Battery"],"picked":"Static Discharge+1","floor":39.0},{"not_picked":["Ball Lightning","Sunder","Biased Cognition"],"picked":"SKIP","floor":41.0},{"not_picked":["Rip and Tear+1","Rebound"],"picked":"Redo","floor":44.0},{"not_picked":["Heatsinks","Streamline+1"],"picked":"Gash+1","floor":47.0},{"not_picked":["Turbo+1","Chaos","Tempest"],"picked":"SKIP","floor":48.0}],"player_experience":849962,"relics_obtained":[{"floor":6.0,"key":"Strawberry"},{"floor":9.0,"key":"Bag of Preparation"},{"floor":13.0,"key":"Ice Cream"},{"floor":19.0,"key":"WingedGreaves"},{"floor":19.0,"key":"Shuriken"},{"floor":26.0,"key":"MawBank"},{"floor":27.0,"key":"War Paint"},{"floor":28.0,"key":"Pantograph"},{"floor":30.0,"key":"Pen Nib"},{"floor":41.0,"key":"Unceasing Top"},{"floor":43.0,"key":"Dodecahedron"},{"floor":48.0,"key":"Torii"}],"event_choices":[{"cards_removed":["Strike_B"],"damage_healed":0.0,"max_hp_gain":0.0,"max_hp_loss":0.0,"gold_gain":0.0,"event_name":"Living Wall","player_choice":"Forget","floor":2.0,"gold_loss":0.0,"damage_taken":0.0},{"damage_healed":0.0,"max_hp_gain":0.0,"max_hp_loss":0.0,"gold_gain":0.0,"event_name":"Shining Light","player_choice":"Entered Light","floor":5.0,"gold_loss":0.0,"damage_taken":16.0,"cards_upgraded":["Strike_B","Dualcast"]},{"damage_healed":0.0,"max_hp_gain":0.0,"max_hp_loss":0.0,"gold_gain":0.0,"event_name":"Colosseum","player_choice":"Fight","floor":19.0,"gold_loss":0.0,"damage_taken":0.0},{"damage_healed":0.0,"max_hp_gain":0.0,"max_hp_loss":0.0,"gold_gain":0.0,"event_name":"Colosseum","player_choice":"Fought Nobs","floor":19.0,"gold_loss":0.0,"damage_taken":0.0},{"damage_healed":31.0,"max_hp_gain":0.0,"max_hp_loss":0.0,"gold_gain":0.0,"event_name":"The Library","player_choice":"Heal","floor":20.0,"gold_loss":0.0,"damage_taken":0.0},{"damage_healed":0.0,"max_hp_gain":0.0,"max_hp_loss":0.0,"gold_gain":0.0,"event_name":"Lab","player_choice":"Got Potions","floor":38.0,"gold_loss":0.0,"damage_taken":0.0},{"damage_healed":0.0,"max_hp_gain":0.0,"max_hp_loss":0.0,"gold_gain":0.0,"event_name":"Golden Shrine","player_choice":"Ignored","floor":46.0,"gold_loss":0.0,"damage_taken":0.0}],"is_beta":false,"boss_relics":[{"not_picked":["Astrolabe","Pandora\u0027s Box"],"picked":"Ectoplasm"},{"not_picked":["Snecko Eye","Calling Bell"],"picked":"Inserter"}],"items_purged_floors":[3,21,29],"is_endless":false,"potions_floor_spawned":[1,8,10,13,19,27,30,31,35,44,47],"ascension_level":0}