{"gold_per_floor":[118,118,41,59,234,234,265,265,265,297,315,25,84,98,98,194,194,205,220,238,238],"floor_reached":21,"playtime":1213,"items_purged":["Doubt"],"score":269,"play_id":"8f1da736-fb38-41f5-a3ee-21db6a3c1b67","local_time":"20181222165900","is_ascension_mode":true,"campfire_choices":[{"data":"Neutralize","floor":6,"key":"SMITH"},{"floor":8,"key":"REST"},{"floor":15,"key":"REST"}],"neow_cost":"PERCENT_DAMAGE","seed_source_timestamp":168857699024889,"circlet_count":0,"master_deck":["Defend_G","Defend_G","Defend_G","Defend_G","Defend_G","Strike_G","Strike_G","Survivor","Neutralize+1","Die Die Die","Cloak And Dagger","Envenom","Backstab","Poisoned Stab","PiercingWail","Dash","Apotheosis","Blur","Envenom","Tools of the Trade+1","Dagger Spray+1","Malaise+1","Noxious Fumes+1","Calculated Gamble","Expertise"],"relics":["Ring of the Snake","Unceasing Top","Smiling Mask","Gremlin Horn","Tiny Chest","Astrolabe"],"potions_floor_usage":[10,13,13,18,20],"damage_taken":[{"damage":1,"enemies":"Small Slimes","floor":1,"turns":2},{"damage":0,"enemies":"Cultist","floor":4,"turns":4},{"damage":31,"enemies":"Lagavulin","floor":7,"turns":10},{"damage":29,"enemies":"3 Sentries","floor":10,"turns":9},{"damage":0,"enemies":"2 Louse","floor":11,"turns":1},{"damage":3,"enemies":"Lagavulin","floor":13,"turns":6},{"damage":0,"enemies":"Exordium Wildlife","floor":14,"turns":3},{"damage":15,"enemies":"Hexaghost","floor":16,"turns":13},{"damage":8,"enemies":"Shell Parasite","floor":18,"turns":7},{"damage":10,"enemies":"Spheric Guardian","floor":19,"turns":7},{"damage":7,"enemies":"Snake Plant","floor":20,"turns":6},{"damage":40,"enemies":"Colosseum Slavers","floor":21,"turns":4}],"seed_played":"4901447186994235386","potions_obtained":[{"floor":4,"key":"Swift Potion"},{"floor":11,"key":"Regen Potion"},{"floor":13,"key":"Fire Potion"},{"floor":19,"key":"GhostInAJar"}],"is_trial":false,"path_per_floor":["M","?","$","M","?","R","E","R","T","E","M","$","E","M","R","B",null,"M","M","M","?"],"character_chosen":"THE_SILENT","items_purchased":["Envenom","Apotheosis","FearPotion"],"campfire_rested":2,"item_purchase_floors":[3,12,12],"current_hp_per_floor":[44,44,44,44,44,44,13,34,34,5,5,5,17,17,38,23,58,50,40,33,0],"gold":238,"neow_bonus":"THREE_RARE_CARDS","is_prod":false,"is_daily":false,"chose_seed":false,"campfire_upgraded":1,"win_rate":0,"timestamp":1545515940,"path_taken":["M","?","?","M","?","R","E","R","T","E","M","$","E","M","R","BOSS","M","M","M","?"],"build_version":"2018-12-20","purchased_purges":1,"victory":false,"max_hp_per_floor":[70,70,70,70,70,70,70,70,70,70,70,70,70,70,70,70,70,70,70,70,70],"card_choices":[{"not_picked":["Corpse Explosion","Glass Knife"],"picked":"Die Die Die","floor":0},{"not_picked":["Dagger Spray","Outmaneuver"],"picked":"Cloak And Dagger","floor":1},{"not_picked":["Blur","Expertise"],"picked":"Backstab","floor":4},{"not_picked":["Outmaneuver","Choke"],"picked":"Poisoned Stab","floor":7},{"not_picked":["Predator","Skewer"],"picked":"PiercingWail","floor":10},{"not_picked":["Dagger Throw","Backflip"],"picked":"Dash","floor":11},{"not_picked":["Setup","Blade Dance","Concentrate"],"picked":"SKIP","floor":13},{"not_picked":["Concentrate","Flying Knee"],"picked":"Blur","floor":14},{"not_picked":["A Thousand Cuts","Phantasmal Killer"],"picked":"Envenom","floor":16},{"not_picked":["Underhanded Strike","Eviscerate"],"picked":"Noxious Fumes+1","floor":18},{"not_picked":["Sucker Punch","Quick Slash+1"],"picked":"Calculated Gamble","floor":19},{"not_picked":["Flying Knee+1","Outmaneuver"],"picked":"Expertise","floor":20}],"player_experience":349432,"relics_obtained":[{"floor":7,"key":"Unceasing Top"},{"floor":9,"key":"Smiling Mask"},{"floor":10,"key":"Gremlin Horn"},{"floor":13,"key":"Tiny Chest"}],"event_choices":[{"damage_healed":0,"gold_gain":0,"player_choice":"Ignored","damage_taken":0,"max_hp_gain":0,"max_hp_loss":0,"event_name":"Purifier","floor":2,"gold_loss":0},{"damage_healed":0,"gold_gain":175,"player_choice":"AGREE","damage_taken":0,"max_hp_gain":0,"max_hp_loss":0,"event_name":"Liars Game","floor":5,"gold_loss":0,"cards_obtained":["Doubt"]},{"damage_healed":0,"gold_gain":0,"player_choice":"Fight","damage_taken":0,"max_hp_gain":0,"max_hp_loss":0,"event_name":"Colosseum","floor":21,"gold_loss":0}],"is_beta":false,"boss_relics":[{"not_picked":["Empty Cage","Runic Pyramid"],"picked":"Astrolabe"}],"items_purged_floors":[12],"is_endless":false,"potions_floor_spawned":[4,11,13,19],"killed_by":"Colosseum Slavers","ascension_level":7}