{"gold_per_floor":[115,145,145,162,162,187,187,187,212,212,212,245,255,7,7,102,102,121,101,112,130,150,179,179,32,32,32,46,46,78,96,96,193,193,210,234,234,234,79,79,113,130,184,184,184,84,109,134,134,134,134,134,30,30],"floor_reached":54,"playtime":5903,"items_purged":["Normality","Decay"],"score":1296,"play_id":"6cb10060-2a79-4fcb-bd21-afefa88cbc82","local_time":"20190130200207","is_ascension_mode":true,"campfire_choices":[{"floor":7,"key":"REST"},{"data":"Neutralize","floor":10,"key":"SMITH"},{"floor":15,"key":"REST"},{"data":"After Image","floor":24,"key":"SMITH"},{"floor":29,"key":"REST"},{"floor":32,"key":"REST"},{"floor":40,"key":"RECALL"},{"floor":44,"key":"REST"},{"floor":49,"key":"REST"},{"data":"Infinite Blades","floor":52,"key":"SMITH"}],"neow_cost":"NONE","seed_source_timestamp":921031262383996,"circlet_count":0,"master_deck":["AscendersBane","Defend_G","Defend_G","Defend_G","Defend_G","Defend_G","Strike_G","Survivor+1","Neutralize+1","A Thousand Cuts+1","Corpse Explosion+1","Footwork+1","Cloak And Dagger+1","Blade Dance","Dodge and Roll","Dodge and Roll","After Image+1","Cloak And Dagger","Deadly Poison","Terror+1","Accuracy+1","A Thousand Cuts","Writhe","Deadly Poison","Infinite Blades+1","Accuracy","Tools of the Trade","Injury","Injury","Catalyst","Parasite","After Image+1","Footwork","After Image","Dodge and Roll","Envenom","Decay"],"relics":["Astrolabe","Tiny Chest","Oddly Smooth Stone","Bag of Marbles","Meat on the Bone","Du-Vu Doll","Gremlin Horn","Cursed Key","Singing Bowl","Bottled Lightning","Calling Bell","PreservedInsect","Dodecahedron","Prayer Wheel","Strawberry","Thread and Needle","Orichalcum","Pantograph","War Paint"],"potions_floor_usage":[23,23,33,35,37,47,54,54,54],"damage_taken":[{"damage":0,"enemies":"Small Slimes","floor":1,"turns":4},{"damage":0,"enemies":"Jaw Worm","floor":4,"turns":4},{"damage":38,"enemies":"Gremlin Nob","floor":6,"turns":6},{"damage":10,"enemies":"3 Sentries","floor":12,"turns":4},{"damage":3,"enemies":"2 Louse","floor":13,"turns":3},{"damage":0,"enemies":"Hexaghost","floor":16,"turns":12},{"damage":3,"enemies":"3 Byrds","floor":18,"turns":3},{"damage":0,"enemies":"Spheric Guardian","floor":20,"turns":6},{"damage":0,"enemies":"Snecko","floor":21,"turns":6},{"damage":2,"enemies":"3 Cultists","floor":22,"turns":4},{"damage":18,"enemies":"Slavers","floor":23,"turns":3},{"damage":8,"enemies":"Sentry and Sphere","floor":28,"turns":7},{"damage":35,"enemies":"Gremlin Leader","floor":30,"turns":7},{"damage":11,"enemies":"Snecko","floor":31,"turns":5},{"damage":23,"enemies":"Champ","floor":33,"turns":10},{"damage":16,"enemies":"Orb Walker","floor":35,"turns":5},{"damage":0,"enemies":"3 Darklings","floor":37,"turns":2},{"damage":14,"enemies":"Giant Head","floor":41,"turns":9},{"damage":29,"enemies":"Maw","floor":42,"turns":9},{"damage":35,"enemies":"Nemesis","floor":47,"turns":7},{"damage":77,"enemies":"Time Eater","floor":50,"turns":16},{"damage":68,"enemies":"Shield and Spear","floor":54,"turns":2}],"seed_played":"-4376677142298735800","potions_obtained":[{"floor":12,"key":"Energy Potion"},{"floor":19,"key":"GhostInAJar"},{"floor":20,"key":"EssenceOfSteel"},{"floor":21,"key":"EssenceOfSteel"},{"floor":31,"key":"Weak Potion"},{"floor":35,"key":"SmokeBomb"},{"floor":42,"key":"Regen Potion"}],"is_trial":false,"path_per_floor":["M","?","?","M","?","E","R","?","T","R","T","E","M","$","R","B",null,"M","?","M","M","M","E","R","$","T","?","M","R","E","M","R","B",null,"M","T","M","?","$","R","E","M","T","R","?","$","E","T","R","B",null,"R","$","E"],"character_chosen":"THE_SILENT","items_purchased":["Gremlin Horn","A Thousand Cuts","Footwork","EntropicBrew"],"campfire_rested":6,"item_purchase_floors":[14,25,39,53],"current_hp_per_floor":[63,51,51,51,51,13,34,57,57,57,57,47,44,44,65,65,69,66,66,66,66,64,48,48,48,48,48,40,61,38,39,60,37,63,49,56,56,56,56,56,42,27,27,51,51,51,43,43,67,18,67,67,67,0],"gold":30,"neow_bonus":"BOSS_RELIC","is_prod":false,"is_daily":false,"chose_seed":false,"campfire_upgraded":3,"win_rate":0,"timestamp":1548896527,"path_taken":["M","?","?","M","?","E","R","?","T","R","?","E","?","$","R","BOSS","M","?","M","?","M","E","R","?","T","?","M","R","E","?","R","BOSS","M","?","?","?","?","R","E","M","T","R","?","?","E","?","R","BOSS","R","$","E"],"build_version":"2019-01-23","purchased_purges":2,"victory":false,"max_hp_per_floor":[70,70,70,70,70,70,70,70,70,70,70,70,70,70,70,70,70,70,70,70,70,70,72,72,72,72,72,72,72,72,72,72,72,72,74,81,81,81,81,81,81,83,83,83,83,83,83,83,83,83,83,83,83,83],"card_choices":[{"not_picked":["Flying Knee","Caltrops"],"picked":"Cloak And Dagger","floor":1},{"not_picked":["Acrobatics","Prepared","Dagger Spray"],"picked":"SKIP","floor":4},{"not_picked":["Setup","Concentrate"],"picked":"Blade Dance","floor":6},{"not_picked":["Skewer","Heel Hook"],"picked":"Dodge and Roll","floor":12},{"not_picked":["Riddle With Holes","Prepared"],"picked":"Dodge and Roll","floor":13},{"not_picked":["Envenom","Die Die Die"],"picked":"After Image","floor":16},{"not_picked":["Setup","Deflect"],"picked":"Cloak And Dagger","floor":18},{"not_picked":["Prepared+1","Sucker Punch"],"picked":"Deadly Poison","floor":20},{"not_picked":["Flechettes","Distraction+1"],"picked":"Terror+1","floor":21},{"not_picked":["Setup","Outmaneuver"],"picked":"Accuracy+1","floor":22},{"not_picked":["Setup","Masterful Stab+1","Expertise+1"],"picked":"Singing Bowl","floor":23},{"not_picked":["Prepared","PiercingWail"],"picked":"Deadly Poison","floor":28},{"not_picked":["Flechettes","Riddle With Holes"],"picked":"Infinite Blades","floor":30},{"not_picked":["Dagger Throw+1","Quick Slash"],"picked":"Accuracy","floor":31},{"not_picked":["Corpse Explosion","Unload"],"picked":"Tools of the Trade","floor":33},{"not_picked":["Slice+1","Riddle With Holes","Concentrate+1"],"picked":"Singing Bowl","floor":35},{"not_picked":["Dagger Throw+1","Outmaneuver"],"picked":"Catalyst","floor":35},{"not_picked":["Slice","Catalyst"],"picked":"After Image","floor":41},{"not_picked":["Sucker Punch","Underhanded Strike","Backflip"],"picked":"Singing Bowl","floor":42},{"not_picked":["Quick Slash","Acrobatics"],"picked":"Dodge and Roll","floor":42},{"not_picked":["Dodge and Roll","Poisoned Stab+1"],"picked":"Envenom","floor":47}],"player_experience":1071137,"relics_obtained":[{"floor":6,"key":"Oddly Smooth Stone"},{"floor":9,"key":"Bag of Marbles"},{"floor":11,"key":"Meat on the Bone"},{"floor":12,"key":"Du-Vu Doll"},{"floor":23,"key":"Singing Bowl"},{"floor":30,"key":"Bottled Lightning"},{"floor":34,"key":"PreservedInsect"},{"floor":34,"key":"Dodecahedron"},{"floor":34,"key":"Prayer Wheel"},{"floor":36,"key":"Strawberry"},{"floor":41,"key":"Thread and Needle"},{"floor":43,"key":"Orichalcum"},{"floor":47,"key":"Pantograph"},{"floor":48,"key":"War Paint"}],"event_choices":[{"damage_healed":0,"gold_gain":0,"player_choice":"Success","damage_taken":12,"relics_obtained":["Tiny Chest"],"max_hp_gain":0,"max_hp_loss":0,"event_name":"Scrap Ooze","floor":2,"gold_loss":0},{"damage_healed":0,"gold_gain":0,"player_choice":"Ignored","damage_taken":0,"max_hp_gain":0,"max_hp_loss":0,"event_name":"Liars Game","floor":3,"gold_loss":0},{"cards_removed":["Strike_G"],"damage_healed":0,"gold_gain":0,"player_choice":"Forget","damage_taken":0,"max_hp_gain":0,"max_hp_loss":0,"event_name":"Living Wall","floor":5,"gold_loss":0},{"damage_healed":23,"gold_gain":0,"player_choice":"Banana","damage_taken":0,"max_hp_gain":0,"max_hp_loss":0,"event_name":"Big Fish","floor":8,"gold_loss":0},{"damage_healed":0,"gold_gain":0,"player_choice":"Bought 1 Potion","damage_taken":0,"max_hp_gain":0,"max_hp_loss":0,"event_name":"The Woman in Blue","floor":19,"gold_loss":0},{"damage_healed":0,"gold_gain":0,"player_choice":"Ignored","damage_taken":0,"max_hp_gain":0,"max_hp_loss":0,"event_name":"Ghosts","floor":27,"gold_loss":0},{"damage_healed":0,"gold_gain":0,"player_choice":"Copied","damage_taken":0,"max_hp_gain":0,"max_hp_loss":0,"event_name":"Duplicator","floor":38,"gold_loss":0,"cards_obtained":["After Image"]},{"damage_healed":0,"gold_gain":0,"player_choice":"Ignored","damage_taken":0,"max_hp_gain":0,"max_hp_loss":0,"event_name":"Mysterious Sphere","floor":45,"gold_loss":0}],"is_beta":false,"boss_relics":[{"not_picked":["Ectoplasm","Philosopher\u0027s Stone"],"picked":"Cursed Key"},{"not_picked":["Pandora\u0027s Box","White Beast Statue"],"picked":"Calling Bell"}],"items_purged_floors":[39,46],"is_endless":false,"potions_floor_spawned":[12,20,21,22,31,35,42],"killed_by":"Shield and Spear","ascension_level":10}