{"path_per_floor":["M","?","?","?","M","E","M","$","T","M","$","M","R","M","R","B",null,"M","M","$","M","?","R","E","R","T","R","M","M","$","M","R"],"character_chosen":"IRONCLAD","items_purchased":["Metallicize","Barricade","Pummel","Metallicize"],"gold_per_floor":[110,110,110,110,121,148,159,46,101,112,40,54,54,69,69,165,165,177,188,49,62,62,62,90,90,90,90,107,123,50,61,61],"floor_reached":33,"campfire_rested":1,"playtime":3390,"current_hp_per_floor":[80,85,85,85,85,64,70,70,70,74,74,73,73,58,58,25,85,85,74,74,80,80,80,49,49,49,74,71,64,64,70,70],"items_purged":["Strike_R","Bash"],"gold":61,"score":269,"play_id":"f85e2550-482f-46a0-85cc-aefa76944e58","is_prod":false,"is_daily":false,"is_ascension_mode":false,"campfire_upgraded":5,"path_taken":["M","?","?","?","?","E","?","?","T","?","$","M","R","M","R","BOSS","M","M","$","?","?","R","E","R","T","R","M","M","$","?","R","BOSS"],"build_version":"2018-02-08-PROD1","purchased_purges":2,"victory":false,"master_deck":["Defend_R","Defend_R","Defend_R","Defend_R","Armaments+1","True Grit","Pommel Strike","Demon Form","Metallicize+1","Barricade+1","Whirlwind","Body Slam+1","Juggernaut","Shockwave+1","Pummel+1","Power Through+1","Shrug It Off","Body Slam+1","Pummel","Shrug It Off+1","Flame Barrier+1","Armaments+1","Metallicize","Dual Wield+1"],"max_hp_per_floor":[80,85,85,85,85,85,85,85,85,85,85,85,85,85,85,85,85,85,85,85,85,85,85,85,85,85,85,85,85,85,85,85],"relics":["Burning Blood","Meat on the Bone","Lantern","Astrolabe","Toxic Egg 2","Du-Vu Doll"],"card_choices":[{"not_picked":["Warcry","Clash"],"picked":"Armaments"},{"not_picked":["Sword Boomerang","Rage"],"picked":"True Grit"},{"not_picked":["Flame Barrier","Reckless Charge"],"picked":"Pommel Strike"},{"not_picked":["Clothesline","Reckless Charge"],"picked":"Demon Form"},{"not_picked":["Cleave","Perfected Strike"],"picked":"Whirlwind"},{"not_picked":["Uppercut","Perfected Strike"],"picked":"Body Slam"},{"not_picked":["Demon Form","Bludgeon"],"picked":"Juggernaut"},{"not_picked":["Pummel","Pommel Strike"],"picked":"Shrug It Off"},{"not_picked":["Headbutt","Power Through"],"picked":"Body Slam"},{"not_picked":["Uppercut","Headbutt"],"picked":"Shrug It Off"},{"not_picked":["Blood for Blood","Clothesline"],"picked":"Flame Barrier"},{"not_picked":["Headbutt","True Grit"],"picked":"Armaments"},{"not_picked":["True Grit","Warcry"],"picked":"Dual Wield"}],"player_experience":66104,"potions_floor_usage":[6,6,14,16,16,24,29],"damage_taken":[{"damage":5,"enemies":"Cultist","floor":1,"turns":4},{"damage":2,"enemies":"Small Slimes","floor":5,"turns":4},{"damage":27,"enemies":"Gremlin Nob","floor":6,"turns":5},{"damage":0,"enemies":"2 Louse","floor":7,"turns":3},{"damage":2,"enemies":"Large Slime","floor":10,"turns":5},{"damage":7,"enemies":"3 Louse","floor":12,"turns":5},{"damage":21,"enemies":"Exordium Thugs","floor":14,"turns":7},{"damage":51,"enemies":"Hexaghost","floor":16,"turns":13},{"damage":6,"enemies":"Shell Parasite","floor":18,"turns":7},{"damage":17,"enemies":"Spheric Guardian","floor":19,"turns":9},{"damage":0,"enemies":"Snecko","floor":21,"turns":6},{"damage":49,"enemies":"Gremlin Leader","floor":24,"turns":10},{"damage":9,"enemies":"Snake Plant","floor":28,"turns":5},{"damage":13,"enemies":"Chosen and Byrds","floor":29,"turns":7},{"damage":0,"enemies":"3 Cultists","floor":31,"turns":8},{"damage":77,"enemies":"Automaton","floor":33,"turns":6}],"event_choices":[{"event_name":"Big Fish","player_choice":"Donut","floor":2,"damage_taken":0},{"event_name":"Living Wall","player_choice":"Forget","floor":3,"damage_taken":0},{"event_name":"The Lab","player_choice":"Got Potions","floor":4,"damage_taken":0},{"event_name":"Beggar","player_choice":"Ignored","floor":22,"damage_taken":0}],"boss_relics":[{"not_picked":["Black Blood","Snecko Eye"],"picked":"Astrolabe"}],"potions_floor_spawned":[7,10,18,24],"seed_played":"-6237863568543184890","killed_by":"Automaton","ascension_level":0,"is_trial":false}