{"gold_per_floor":[116,130,205,216,229,229,243,168,168,168,168,201,201,216,216,318,318,333,333,333,83,101,101,134,134,181,181,181,181],"floor_reached":29,"playtime":1904,"items_purged":["Strike_R","Writhe"],"score":265,"play_id":"c4bb0c8f-cba9-4989-bcef-0212f160ce3f","local_time":"20190303022102","is_ascension_mode":true,"campfire_choices":[{"data":"Inflame","floor":6,"key":"SMITH"},{"data":"Inflame","floor":10,"key":"SMITH"},{"data":"Sword Boomerang","floor":13,"key":"SMITH"},{"data":"Shrug It Off","floor":15,"key":"SMITH"},{"data":"Double Tap","floor":23,"key":"SMITH"},{"floor":25,"key":"REST"},{"data":"Shrug It Off","floor":27,"key":"SMITH"}],"neow_cost":"NONE","seed_source_timestamp":719811675683318,"circlet_count":0,"master_deck":["Strike_R","Strike_R","Defend_R","Defend_R","Bash","Shrug It Off+1","Inflame+1","Seeing Red","Iron Wave","Inflame+1","Sword Boomerang+1","Carnage","Double Tap+1","Bludgeon+1","Fiend Fire+1","Warcry+1","Disarm+1","J.A.X.","Bloodletting","Shrug It Off+1"],"relics":["Burning Blood","Bottled Tornado","Bottled Lightning","Frozen Egg 2","Astrolabe","Matryoshka","Omamori","Sundial","Bag of Marbles","Strawberry"],"potions_floor_usage":[16,24,24,24],"damage_taken":[{"damage":0,"enemies":"2 Louse","floor":1,"turns":3},{"damage":19,"enemies":"Jaw Worm","floor":2,"turns":6},{"damage":0,"enemies":"Small Slimes","floor":4,"turns":5},{"damage":15,"enemies":"Exordium Thugs","floor":5,"turns":5},{"damage":5,"enemies":"3 Louse","floor":7,"turns":4},{"damage":10,"enemies":"Gremlin Nob","floor":12,"turns":4},{"damage":3,"enemies":"Looter","floor":14,"turns":2},{"damage":18,"enemies":"The Guardian","floor":16,"turns":8},{"damage":12,"enemies":"Shell Parasite","floor":18,"turns":3},{"damage":31,"enemies":"2 Thieves","floor":22,"turns":3},{"damage":38,"enemies":"Slavers","floor":24,"turns":5},{"damage":52,"enemies":"Gremlin Leader","floor":29,"turns":5}],"seed_played":"2427355876612542259","potions_obtained":[{"floor":7,"key":"Weak Potion"},{"floor":12,"key":"PowerPotion"},{"floor":14,"key":"Swift Potion"},{"floor":16,"key":"PowerPotion"},{"floor":22,"key":"Block Potion"}],"is_trial":false,"path_per_floor":["M","M","?","M","M","R","M","$","T","R","T","E","R","M","R","B",null,"M","?","?","$","M","R","E","R","T","R","?","E"],"character_chosen":"IRONCLAD","items_purchased":["Omamori"],"campfire_rested":1,"item_purchase_floors":[21],"current_hp_per_floor":[80,67,56,62,53,53,54,54,54,54,54,50,50,53,53,41,80,74,74,74,74,49,49,17,41,48,48,48,0],"gold":181,"neow_bonus":"REMOVE_CARD","is_prod":false,"is_daily":false,"chose_seed":false,"campfire_upgraded":6,"win_rate":0,"timestamp":1551576062,"path_taken":["M","M","?","M","M","R","M","$","T","R","?","E","R","M","R","BOSS","M","?","?","$","?","R","E","R","T","R","?","E"],"build_version":"2019-01-23","purchased_purges":2,"victory":false,"max_hp_per_floor":[80,80,80,80,80,80,80,80,80,80,80,80,80,80,80,80,80,80,80,80,80,80,80,80,80,87,87,87,87],"card_choices":[{"not_picked":["Warcry","Pummel"],"picked":"Shrug It Off","floor":1},{"not_picked":["Reckless Charge","Body Slam"],"picked":"Inflame","floor":2},{"not_picked":["Iron Wave","Sever Soul"],"picked":"Seeing Red","floor":4},{"not_picked":["Clash","Rupture"],"picked":"Iron Wave","floor":5},{"not_picked":["Searing Blow","Heavy Blade"],"picked":"Inflame","floor":7},{"not_picked":["Wild Strike","Dropkick"],"picked":"Sword Boomerang","floor":12},{"not_picked":["Infernal Blade","Rage"],"picked":"Carnage","floor":14},{"not_picked":["Bludgeon","Feed"],"picked":"Double Tap","floor":16},{"not_picked":["Perfected Strike+1","Hemokinesis"],"picked":"Disarm+1","floor":18},{"not_picked":["Searing Blow+1","Havoc"],"picked":"Bloodletting","floor":22},{"not_picked":["True Grit+1","Perfected Strike+1"],"picked":"Shrug It Off","floor":24}],"player_experience":424044,"relics_obtained":[{"floor":9,"key":"Bottled Tornado"},{"floor":11,"key":"Bottled Lightning"},{"floor":12,"key":"Frozen Egg 2"},{"floor":24,"key":"Sundial"},{"floor":26,"key":"Bag of Marbles"},{"floor":26,"key":"Strawberry"}],"event_choices":[{"damage_healed":0,"gold_gain":75,"player_choice":"Gather Gold","damage_taken":11,"max_hp_gain":0,"max_hp_loss":0,"event_name":"World of Goop","floor":3,"gold_loss":0},{"damage_healed":0,"gold_gain":0,"player_choice":"Obtain J.A.X.","damage_taken":0,"max_hp_gain":0,"max_hp_loss":0,"event_name":"Drug Dealer","floor":19,"gold_loss":0,"cards_obtained":["J.A.X."]},{"damage_healed":0,"gold_gain":0,"player_choice":"Opened","damage_taken":0,"relics_obtained":["Matryoshka"],"max_hp_gain":0,"max_hp_loss":0,"event_name":"The Mausoleum","floor":20,"gold_loss":0,"cards_obtained":["Writhe"]},{"damage_healed":0,"gold_gain":0,"player_choice":"Ignored","damage_taken":0,"max_hp_gain":0,"max_hp_loss":0,"event_name":"Ghosts","floor":28,"gold_loss":0}],"is_beta":false,"boss_relics":[{"not_picked":["Mark of Pain","Tiny House"],"picked":"Astrolabe"}],"items_purged_floors":[8,21],"is_endless":false,"potions_floor_spawned":[7,12,14,16,22],"killed_by":"Gremlin Leader","ascension_level":2}