{"gold_per_floor":[10,10,26,26,46,46,62,62,131,150,150,165,180,17,17,119,119,130,55,65,75,75,75,88,88],"floor_reached":25,"playtime":1962,"items_purged":[],"score":197,"play_id":"91c48422-2eeb-47da-9bf5-d4c9c796157a","local_time":"20190203210426","is_ascension_mode":false,"campfire_choices":[{"data":"Limit Break","floor":6,"key":"SMITH"},{"data":"Dual Wield","floor":11,"key":"SMITH"},{"floor":15,"key":"REST"},{"floor":23,"key":"REST"}],"neow_cost":"NO_GOLD","seed_source_timestamp":251131675752531,"circlet_count":0,"master_deck":["Strike_R","Strike_R","Strike_R","Strike_R","Defend_R","Defend_R","Defend_R","Defend_R","Bash","Limit Break+1","Shrug It Off","Shrug It Off","Dual Wield+1","Metallicize","Disarm","Flex","Rampage","Spot Weakness","Demon Form","Dropkick","Burning Pact"],"relics":["Burning Blood","Bag of Preparation","Shuriken","Cursed Key"],"potions_floor_usage":[16,16],"damage_taken":[{"damage":3,"enemies":"Small Slimes","floor":1,"turns":3},{"damage":7,"enemies":"2 Louse","floor":3,"turns":4},{"damage":1,"enemies":"Cultist","floor":5,"turns":4},{"damage":41,"enemies":"Exordium Thugs","floor":7,"turns":8},{"damage":9,"enemies":"Exordium Wildlife","floor":10,"turns":3},{"damage":15,"enemies":"Lots of Slimes","floor":12,"turns":13},{"damage":14,"enemies":"3 Louse","floor":13,"turns":9},{"damage":38,"enemies":"Hexaghost","floor":16,"turns":11},{"damage":25,"enemies":"3 Byrds","floor":18,"turns":6},{"damage":45,"enemies":"Spheric Guardian","floor":20,"turns":7},{"damage":18,"enemies":"Centurion and Healer","floor":21,"turns":6},{"damage":32,"enemies":"Snake Plant","floor":24,"turns":6},{"damage":19,"enemies":"Snecko","floor":25,"turns":3}],"seed_played":"6684191883722211333","potions_obtained":[{"floor":3,"key":"Dexterity Potion"},{"floor":7,"key":"PowerPotion"},{"floor":10,"key":"Ancient Potion"},{"floor":13,"key":"LiquidBronze"}],"is_trial":false,"path_per_floor":["M","?","M","?","M","R","M","?","T","M","R","M","M","$","R","B",null,"M","$","M","M","?","R","M","M"],"character_chosen":"IRONCLAD","items_purchased":["Flex","Rampage","Spot Weakness","Burning Pact"],"campfire_rested":2,"item_purchase_floors":[14,14,14,19],"current_hp_per_floor":[80,85,84,77,82,82,47,47,47,44,44,35,27,27,52,20,85,66,66,27,15,15,40,14,0],"gold":88,"neow_bonus":"THREE_RARE_CARDS","is_prod":false,"is_daily":false,"chose_seed":false,"campfire_upgraded":2,"win_rate":0,"timestamp":1549245866,"path_taken":["M","?","M","?","M","R","M","?","T","M","R","M","?","$","R","BOSS","M","$","M","M","?","R","M","M"],"build_version":"2019-01-23","purchased_purges":0,"victory":false,"max_hp_per_floor":[80,85,85,85,85,85,85,85,85,85,85,85,85,85,85,85,85,85,85,85,85,85,85,85,85],"card_choices":[{"not_picked":["Double Tap","Offering"],"picked":"Limit Break","floor":0},{"not_picked":["Power Through","Pommel Strike"],"picked":"Shrug It Off","floor":1},{"not_picked":["Clothesline","Thunderclap"],"picked":"Shrug It Off","floor":3},{"not_picked":["Clash","Pommel Strike"],"picked":"Dual Wield","floor":5},{"not_picked":["Anger","Blood for Blood","Cleave"],"picked":"SKIP","floor":7},{"not_picked":["Dual Wield","Thunderclap"],"picked":"Metallicize","floor":10},{"not_picked":["Power Through","Evolve","Intimidate"],"picked":"SKIP","floor":12},{"not_picked":["Cleave","Armaments"],"picked":"Disarm","floor":13},{"not_picked":["Dark Embrace","Exhume"],"picked":"Demon Form","floor":16},{"not_picked":["True Grit","Battle Trance"],"picked":"Dropkick","floor":18},{"not_picked":["Wild Strike","Spot Weakness","Shrug It Off"],"picked":"SKIP","floor":20},{"not_picked":["Uppercut","Cleave","Pommel Strike"],"picked":"SKIP","floor":21},{"not_picked":["Combust+1","Blood for Blood","Warcry"],"picked":"SKIP","floor":24}],"player_experience":985322,"relics_obtained":[{"floor":9,"key":"Shuriken"}],"event_choices":[{"damage_healed":0,"gold_gain":0,"player_choice":"Donut","damage_taken":0,"max_hp_gain":5,"max_hp_loss":0,"event_name":"Big Fish","floor":2,"gold_loss":0},{"damage_healed":0,"gold_gain":0,"player_choice":"Success","damage_taken":7,"relics_obtained":["Bag of Preparation"],"max_hp_gain":0,"max_hp_loss":0,"event_name":"Scrap Ooze","floor":4,"gold_loss":0},{"cards_removed":["Strike_R"],"damage_healed":0,"gold_gain":0,"player_choice":"Offered Basic","damage_taken":0,"max_hp_gain":0,"max_hp_loss":0,"event_name":"Bonfire Elementals","floor":8,"gold_loss":0},{"damage_healed":0,"gold_gain":0,"player_choice":"Ignored","damage_taken":0,"max_hp_gain":0,"max_hp_loss":0,"event_name":"Vampires","floor":22,"gold_loss":0}],"is_beta":false,"boss_relics":[{"not_picked":["Calling Bell","Runic Pyramid"],"picked":"Cursed Key"}],"items_purged_floors":[],"is_endless":false,"potions_floor_spawned":[3,7,10,13],"killed_by":"Snecko","ascension_level":0}