{"path_per_floor":["M","?","$","?","M","R","M","M","T","M","M","M","M","M","R","B",null,"M","$","M","?","?","R","M"],"character_chosen":"IRONCLAD","items_purchased":["True Grit","Rupture","Bloodletting","Gremlin Horn"],"gold_per_floor":[113,113,61,11,34,34,53,72,123,147,171,186,205,224,224,352,352,370,3,26,26,26,26,39],"floor_reached":25,"campfire_rested":1,"playtime":1559,"current_hp_per_floor":[80,60,60,60,63,63,58,59,59,50,43,51,46,39,63,27,80,66,66,55,55,55,55,22],"items_purged":[],"gold":39,"score":209,"play_id":"e5d47d34-6ea6-43df-af68-a63e46b614f9","is_prod":false,"is_daily":false,"is_ascension_mode":true,"campfire_upgraded":2,"path_taken":["M","?","$","?","M","R","M","M","T","M","M","?","M","M","R","BOSS","M","$","M","?","?","R","M","E"],"build_version":"2018-02-15-PROD1","purchased_purges":0,"victory":false,"master_deck":["Strike_R","Strike_R","Strike_R","Defend_R","Defend_R","Defend_R","Defend_R","Bash","Infernal Blade","Flex","True Grit","Sword Boomerang+1","Iron Wave","Fiend Fire","Rupture","Shrug It Off","Hemokinesis","Headbutt","Feed","Warcry","Rupture+1","Bloodletting","Twin Strike","Writhe","Fire Breathing+1"],"max_hp_per_floor":[80,80,80,80,80,80,80,80,80,80,80,80,80,80,80,80,80,80,80,83,83,83,83,83],"relics":["Burning Blood","Golden Idol","Blood Vial","White Beast Statue","Gremlin Horn","Bronze Scales"],"card_choices":[{"not_picked":["Thunderclap","Sword Boomerang"],"picked":"Flex"},{"not_picked":["Cleave","Rampage"],"picked":"Sword Boomerang"},{"not_picked":["True Grit","Wild Strike"],"picked":"Iron Wave"},{"not_picked":["Warcry","Sentinel"],"picked":"Fiend Fire"},{"not_picked":["Wild Strike","Flex"],"picked":"Rupture"},{"not_picked":["Evolve","Perfected Strike"],"picked":"Shrug It Off"},{"not_picked":["Clash","Second Wind"],"picked":"Hemokinesis"},{"not_picked":["Metallicize","Rage"],"picked":"Headbutt"},{"not_picked":["Fiend Fire","Bludgeon"],"picked":"Feed"},{"not_picked":["Rage","Iron Wave"],"picked":"Warcry"},{"not_picked":["Cleave","Iron Wave"],"picked":"Twin Strike"},{"not_picked":["Sword Boomerang","Seeing Red"],"picked":"Fire Breathing"}],"player_experience":173630,"potions_floor_usage":[10,16,16,18,24,25],"damage_taken":[{"damage":2,"enemies":"2 Louse","floor":1,"turns":2},{"damage":3,"enemies":"Small Slimes","floor":5,"turns":4},{"damage":11,"enemies":"Jaw Worm","floor":7,"turns":2},{"damage":5,"enemies":"Large Slime","floor":8,"turns":8},{"damage":17,"enemies":"Gremlin Gang","floor":10,"turns":8},{"damage":15,"enemies":"Red Slaver","floor":11,"turns":5},{"damage":0,"enemies":"Looter","floor":12,"turns":2},{"damage":13,"enemies":"Large Slime","floor":13,"turns":5},{"damage":15,"enemies":"Exordium Wildlife","floor":14,"turns":5},{"damage":59,"enemies":"Slime Boss","floor":16,"turns":9},{"damage":20,"enemies":"Shell Parasite","floor":18,"turns":7},{"damage":22,"enemies":"3 Byrds","floor":20,"turns":4},{"damage":41,"enemies":"Snake Plant","floor":24,"turns":6},{"damage":46,"enemies":"Book of Stabbing","floor":25,"turns":3}],"event_choices":[{"event_name":"Golden Idol","player_choice":"Take Damage","floor":2,"damage_taken":0},{"event_name":"The Cleric","player_choice":"Card Removal","floor":4,"damage_taken":0},{"event_name":"The Mausoleum","player_choice":"Yes","floor":21,"damage_taken":0},{"event_name":"Beggar","player_choice":"Ignored","floor":22,"damage_taken":0}],"boss_relics":[{"not_picked":["Runic Pyramid","Velvet Choker"],"picked":"White Beast Statue"}],"potions_floor_spawned":[7,8,11,13,14,16,18,20,24],"seed_played":"6907775941522691508","killed_by":"Book of Stabbing","ascension_level":1,"is_trial":false}