{"path_per_floor":["M","M","M","$","M","E","R","M","T","$","R","E","M","M","R","B",null,"M","M","?","$","?","R","M"],"character_chosen":"THE_SILENT","items_purchased":["Deadly Poison","Snake Skull","Well Laid Plans"],"gold_per_floor":[117,128,139,139,155,187,187,198,224,175,175,208,221,241,241,336,336,347,357,357,60,60,60,72,72],"floor_reached":25,"campfire_rested":1,"playtime":2057,"item_purchase_floors":[10,21,21],"current_hp_per_floor":[70,70,70,70,62,49,49,49,49,49,49,30,25,20,41,11,70,64,36,36,36,36,36,18,0],"items_purged":["Normality"],"gold":72,"score":215,"play_id":"3a31e962-2172-4ab0-818e-010c807ddb72","local_time":"20180610084154","is_prod":false,"is_daily":false,"chose_seed":false,"is_ascension_mode":false,"campfire_upgraded":3,"win_rate":0,"timestamp":1528634514,"campfire_choices":[{"data":"Dagger Spray","floor":7,"key":"SMITH"},{"data":"Neutralize","floor":11,"key":"SMITH"},{"floor":15,"key":"REST"},{"data":"Well Laid Plans","floor":23,"key":"SMITH"}],"path_taken":["M","M","M","?","M","E","R","?","T","$","R","E","M","M","R","BOSS","M","M","?","$","?","R","M","M"],"build_version":"2018-06-07v3","seed_source_timestamp":74623351122215,"purchased_purges":1,"victory":false,"master_deck":["Defend_G","Defend_G","Defend_G","Defend_G","Defend_G","Strike_G","Strike_G","Strike_G","Strike_G","Strike_G","Survivor","Neutralize+1","Malaise","Backflip","Backflip","Dash","Dagger Spray+1","Bane","Deadly Poison","Escape Plan","Dash","Die Die Die","Decay","Parasite","Dagger Throw+1","Backstab+1","Blur","Well Laid Plans+1","Panacea","Corpse Explosion","Bouncing Flask+1"],"max_hp_per_floor":[70,70,70,70,70,70,70,70,70,70,70,70,70,70,70,70,70,70,70,70,70,70,70,70,70],"relics":["Ring of the Snake","NeowsBlessing","Tough Bandages","Lantern","Dream Catcher","Calling Bell","Orichalcum","Toolbox","Bird Faced Urn","Snake Skull"],"card_choices":[{"not_picked":["Choke","Cloak And Dagger"],"picked":"Malaise","floor":1},{"not_picked":["PiercingWail","Predator"],"picked":"Backflip","floor":2},{"not_picked":["Endless Agony","Skewer"],"picked":"Backflip","floor":3},{"not_picked":["Deflect","Flying Knee"],"picked":"Dash","floor":5},{"not_picked":["Venomology","Underhanded Strike"],"picked":"Dagger Spray","floor":6},{"not_picked":["Flying Knee","Flechettes"],"picked":"Bane","floor":8},{"not_picked":["Cloak And Dagger","Flying Knee"],"picked":"Escape Plan","floor":12},{"not_picked":["Deflect","Dagger Spray"],"picked":"Dash","floor":13},{"not_picked":["Outmaneuver","Finisher","Underhanded Strike"],"picked":"SKIP","floor":14},{"not_picked":["Unload","A Thousand Cuts"],"picked":"Die Die Die","floor":16},{"not_picked":["Bane","Poisoned Stab"],"picked":"Dagger Throw+1","floor":18},{"not_picked":["Slice","Heel Hook"],"picked":"Backstab+1","floor":19},{"not_picked":["Prepared","Night Terror"],"picked":"Bouncing Flask+1","floor":24}],"player_experience":131883,"potions_floor_usage":[14,16,25],"damage_taken":[{"damage":0,"enemies":"Cultist","floor":1,"turns":1},{"damage":0,"enemies":"Jaw Worm","floor":2,"turns":1},{"damage":0,"enemies":"2 Louse","floor":3,"turns":1},{"damage":8,"enemies":"Large Slime","floor":5,"turns":9},{"damage":13,"enemies":"3 Sentries","floor":6,"turns":12},{"damage":0,"enemies":"Red Slaver","floor":8,"turns":5},{"damage":19,"enemies":"Lagavulin","floor":12,"turns":8},{"damage":5,"enemies":"Blue Slaver","floor":13,"turns":4},{"damage":5,"enemies":"Large Slime","floor":14,"turns":7},{"damage":30,"enemies":"Hexaghost","floor":16,"turns":15},{"damage":6,"enemies":"3 Byrds","floor":18,"turns":6},{"damage":28,"enemies":"Chosen","floor":19,"turns":7},{"damage":20,"enemies":"Snake Plant","floor":24,"turns":6},{"damage":24,"enemies":"Cultist and Chosen","floor":25,"turns":4}],"relics_obtained":[{"floor":6,"key":"Tough Bandages"},{"floor":9,"key":"Lantern"},{"floor":12,"key":"Dream Catcher"},{"floor":17,"key":"Orichalcum"},{"floor":17,"key":"Toolbox"},{"floor":17,"key":"Bird Faced Urn"}],"event_choices":[{"event_name":"The Library","player_choice":"Read","floor":20,"damage_taken":0},{"event_name":"Match and Keep!","player_choice":"2 cards matched","floor":22,"damage_taken":0}],"boss_relics":[{"not_picked":["Tiny House","White Beast Statue"],"picked":"Calling Bell"}],"items_purged_floors":[21],"potions_floor_spawned":[1,6,12,24],"seed_played":"461841884588065390","killed_by":"Cultist and Chosen","ascension_level":0,"potions_obtained":[{"floor":1,"key":"Ancient Potion"},{"floor":6,"key":"SkillPotion"},{"floor":12,"key":"Weak Potion"},{"floor":24,"key":"Swift Potion"}],"is_trial":false}