{"gold_per_floor":[119,119,135,149,165,165,193,207,207,223,243,243,243],"floor_reached":13,"playtime":608,"items_purged":[],"score":89,"play_id":"7a872329-35a6-4dc3-8445-4526fd052225","local_time":"20181110175513","is_ascension_mode":false,"campfire_choices":[{"data":"Defragment","floor":6,"key":"SMITH"},{"data":"Lockon","floor":12,"key":"SMITH"}],"neow_cost":"NONE","seed_source_timestamp":432683843422831,"circlet_count":0,"master_deck":["Strike_B","Strike_B","Strike_B","Strike_B","Defend_B","Defend_B","Defend_B","Defend_B","Zap","Dualcast","All For One","Chaos+1","Defragment+1","Hello World","Storm","Streamline","Skim","Lockon+1","Force Field"],"relics":["Cracked Core","Bottled Tornado","Bird Faced Urn"],"potions_floor_usage":[11,13,13,13],"damage_taken":[{"damage":0,"enemies":"Small Slimes","floor":1,"turns":3},{"damage":1,"enemies":"Cultist","floor":3,"turns":3},{"damage":0,"enemies":"Jaw Worm","floor":4,"turns":3},{"damage":9,"enemies":"Exordium Wildlife","floor":5,"turns":3},{"damage":28,"enemies":"3 Sentries","floor":7,"turns":5},{"damage":20,"enemies":"Looter","floor":8,"turns":3},{"damage":9,"enemies":"2 Fungi Beasts","floor":10,"turns":3},{"damage":15,"enemies":"Lots of Slimes","floor":11,"turns":3},{"damage":9,"enemies":"Red Slaver","floor":13,"turns":1}],"seed_played":"-6950512845523524550","potions_obtained":[{"floor":1,"key":"Weak Potion"},{"floor":7,"key":"Weak Potion"},{"floor":8,"key":"FearPotion"},{"floor":11,"key":"SpeedPotion"}],"is_trial":false,"path_per_floor":["M","?","M","M","M","R","E","M","T","M","M","R","M"],"character_chosen":"DEFECT","items_purchased":[],"campfire_rested":0,"item_purchase_floors":[],"current_hp_per_floor":[75,75,74,74,65,65,37,17,17,14,1,1,0],"gold":243,"neow_bonus":"ONE_RANDOM_RARE_CARD","is_prod":false,"is_daily":false,"chose_seed":false,"campfire_upgraded":2,"win_rate":0.0,"timestamp":1541890513,"path_taken":["M","?","M","M","M","R","E","M","T","?","M","R","M"],"build_version":"2018-11-08","purchased_purges":0,"victory":false,"max_hp_per_floor":[75,75,75,75,75,75,75,75,75,75,75,75,75],"card_choices":[{"not_picked":["Sweeping Beam","Reprogram"],"picked":"Chaos","floor":1},{"not_picked":["Leap","Streamline"],"picked":"Defragment","floor":3},{"not_picked":["Go for the Eyes","Coolheaded"],"picked":"Hello World","floor":4},{"not_picked":["Recycle","Go for the Eyes"],"picked":"Storm","floor":5},{"not_picked":["Turbo","Hologram"],"picked":"Streamline","floor":7},{"not_picked":["Leap","Fusion"],"picked":"Skim","floor":8},{"not_picked":["Coolheaded","Barrage"],"picked":"Lockon","floor":10},{"not_picked":["Steam","Turbo"],"picked":"Force Field","floor":11}],"player_experience":160058,"relics_obtained":[{"floor":7,"key":"Bottled Tornado"},{"floor":9,"key":"Bird Faced Urn"}],"event_choices":[{"damage_healed":0,"gold_gain":0,"player_choice":"Upgraded","damage_taken":0,"max_hp_gain":0,"max_hp_loss":0,"event_name":"Upgrade Shrine","floor":2,"gold_loss":0,"cards_upgraded":["Chaos"]}],"is_beta":false,"boss_relics":[],"items_purged_floors":[],"is_endless":false,"potions_floor_spawned":[1,7,8,11],"killed_by":"Red Slaver","ascension_level":0}