{"gold_per_floor":[111,77,97,115,131,156,156,156,181,181,181,192,217,217],"floor_reached":14,"playtime":474,"items_purged":[],"score":145,"play_id":"a34f12c8-0d38-4989-b078-ab97e7f475e4","local_time":"20190227183529","is_ascension_mode":true,"campfire_choices":[{"data":"Feed","floor":7,"key":"SMITH"},{"data":"Bash","floor":11,"key":"SMITH"}],"neow_cost":"NONE","seed_source_timestamp":15153963825158,"circlet_count":0,"master_deck":["Strike_R","Strike_R","Strike_R","Strike_R","Strike_R","Defend_R","Defend_R","Defend_R","Defend_R","Bash+1","Impervious","Rupture","Battle Trance","True Grit","Second Wind","Shrug It Off","Feed+1","Parasite","Pummel","Anger"],"relics":["Burning Blood","Strawberry","Centennial Puzzle","Dream Catcher"],"potions_floor_usage":[6,13,13],"damage_taken":[{"damage":4,"enemies":"Small Slimes","floor":1,"turns":4},{"damage":10,"enemies":"2 Louse","floor":3,"turns":4},{"damage":6,"enemies":"Cultist","floor":4,"turns":3},{"damage":20,"enemies":"Red Slaver","floor":5,"turns":5},{"damage":46,"enemies":"Gremlin Nob","floor":6,"turns":6},{"damage":16,"enemies":"2 Fungi Beasts","floor":12,"turns":5},{"damage":34,"enemies":"Lagavulin","floor":13,"turns":8},{"damage":12,"enemies":"Gremlin Gang","floor":14,"turns":1}],"seed_played":"-3911686302838577868","potions_obtained":[{"floor":1,"key":"Energy Potion"},{"floor":3,"key":"SneckoOil"},{"floor":4,"key":"Strength Potion"},{"floor":10,"key":"SteroidPotion"},{"floor":10,"key":"FearPotion"}],"is_trial":false,"path_per_floor":["M","$","M","M","M","E","R","?","T","?","R","M","E","M"],"character_chosen":"IRONCLAD","items_purchased":["Battle Trance"],"campfire_rested":0,"item_purchase_floors":[2],"current_hp_per_floor":[74,74,70,70,56,23,23,44,44,44,44,38,10,0],"gold":217,"neow_bonus":"ONE_RANDOM_RARE_CARD","is_prod":false,"is_daily":false,"chose_seed":false,"campfire_upgraded":2,"win_rate":0,"timestamp":1551321329,"path_taken":["M","$","M","M","M","E","R","?","T","?","R","M","E","?"],"build_version":"2019-01-23","purchased_purges":0,"victory":false,"max_hp_per_floor":[80,80,80,80,80,87,87,87,87,87,87,91,91,91],"card_choices":[{"not_picked":["Rupture","Bloodletting","Warcry"],"picked":"SKIP","floor":1},{"not_picked":["Bloodletting","Warcry"],"picked":"Rupture","floor":1},{"not_picked":["Clothesline","Warcry"],"picked":"True Grit","floor":3},{"not_picked":["Clothesline","Cleave"],"picked":"Second Wind","floor":4},{"not_picked":["Iron Wave","True Grit"],"picked":"Shrug It Off","floor":5},{"not_picked":["Shrug It Off","Flame Barrier"],"picked":"Feed","floor":6},{"not_picked":["Pommel Strike","Iron Wave"],"picked":"Pummel","floor":12},{"not_picked":["Perfected Strike","Fiend Fire"],"picked":"Anger","floor":13}],"player_experience":319196,"relics_obtained":[{"floor":6,"key":"Strawberry"},{"floor":9,"key":"Centennial Puzzle"},{"floor":13,"key":"Dream Catcher"}],"event_choices":[{"damage_healed":21,"gold_gain":0,"player_choice":"Healed and dodged fight","damage_taken":0,"max_hp_gain":0,"max_hp_loss":0,"event_name":"Mushrooms","floor":8,"gold_loss":0,"cards_obtained":["Parasite"]},{"damage_healed":0,"gold_gain":0,"player_choice":"Got Potions","damage_taken":0,"max_hp_gain":0,"max_hp_loss":0,"event_name":"Lab","floor":10,"gold_loss":0}],"is_beta":false,"boss_relics":[],"items_purged_floors":[],"is_endless":false,"potions_floor_spawned":[1,3,4],"killed_by":"Gremlin Gang","ascension_level":9}