{"gold_per_floor":[109,109,123,55,67,67,93,93,118,181,181,181,195,145,145,247,247,264,264,279,295,65,92,92,106,133,151,66,79,97,113,113,214,214,230,330,342,342,359,359,370,370,450,461,478,478,498,498,498,498],"floor_reached":51,"playtime":47241,"items_purged":["Bane","Decay"],"score":673,"play_id":"dfd32979-9dfa-474b-a283-30f6c970f70c","local_time":"20181206105247","is_ascension_mode":false,"campfire_choices":[{"data":"Infinite Blades","floor":6,"key":"SMITH"},{"data":"Footwork","floor":8,"key":"SMITH"},{"data":"Blur","floor":12,"key":"SMITH"},{"floor":15,"key":"REST"},{"floor":32,"key":"REST"},{"data":"Accuracy","floor":40,"key":"SMITH"},{"data":"Footwork","floor":42,"key":"SMITH"},{"floor":46,"key":"REST"},{"data":"Leg Sweep","floor":49,"key":"SMITH"}],"neow_cost":"NONE","seed_source_timestamp":220366736114214,"circlet_count":0,"master_deck":["Survivor","Neutralize+1","Blur+1","Infinite Blades+1","Slice","Footwork+1","Escape Plan","Escape Plan","After Image+1","Calculated Gamble","Underhanded Strike","Blade Dance","Dagger Spray","Dagger Spray","Outmaneuver","Expertise","Acrobatics","Choke","Slice+1","Accuracy+1","Leg Sweep+1","Deflect+1","Cloak And Dagger+1","Backflip+1","Footwork+1","Terror+1","Doppelganger+1","Finisher+1","Blur+1","Escape Plan+1","Parasite","Quick Slash+1"],"relics":["Ring of the Snake","Bag of Preparation","Snake Skull","Sundial","Pandora\u0027s Box","Toxic Egg 2","Smiling Mask","Philosopher\u0027s Stone","Pocketwatch","Gremlin Horn"],"potions_floor_usage":[7,10,16,23,33],"damage_taken":[{"damage":0,"enemies":"Small Slimes","floor":1,"turns":3},{"damage":4,"enemies":"Cultist","floor":3,"turns":6},{"damage":0,"enemies":"2 Louse","floor":5,"turns":4},{"damage":11,"enemies":"3 Sentries","floor":7,"turns":8},{"damage":11,"enemies":"Gremlin Nob","floor":10,"turns":5},{"damage":1,"enemies":"2 Fungi Beasts","floor":13,"turns":4},{"damage":58,"enemies":"Slime Boss","floor":16,"turns":23},{"damage":0,"enemies":"2 Thieves","floor":18,"turns":5},{"damage":2,"enemies":"Spheric Guardian","floor":20,"turns":5},{"damage":0,"enemies":"Snake Plant","floor":21,"turns":7},{"damage":22,"enemies":"Slavers","floor":23,"turns":8},{"damage":2,"enemies":"Centurion and Healer","floor":25,"turns":9},{"damage":13,"enemies":"Shelled Parasite and Fungi","floor":27,"turns":6},{"damage":2,"enemies":"Snake Plant","floor":29,"turns":9},{"damage":15,"enemies":"Sentry and Sphere","floor":30,"turns":8},{"damage":0,"enemies":"Chosen and Byrds","floor":31,"turns":6},{"damage":0,"enemies":"Champ","floor":33,"turns":18},{"damage":2,"enemies":"3 Darklings","floor":35,"turns":5},{"damage":11,"enemies":"Mind Bloom Boss Battle","floor":36,"turns":7},{"damage":0,"enemies":"Orb Walker","floor":37,"turns":3},{"damage":0,"enemies":"Maw","floor":39,"turns":7},{"damage":0,"enemies":"Writhing Mass","floor":41,"turns":7},{"damage":8,"enemies":"Jaw Worm Horde","floor":44,"turns":5},{"damage":16,"enemies":"4 Shapes","floor":45,"turns":8},{"damage":0,"enemies":"Transient","floor":47,"turns":5},{"damage":23,"enemies":"Awakened One","floor":50,"turns":17}],"seed_played":"6473648682357761675","potions_obtained":[{"floor":5,"key":"AttackPotion"},{"floor":7,"key":"AttackPotion"},{"floor":10,"key":"Explosive Potion"},{"floor":20,"key":"Regen Potion"},{"floor":25,"key":"GamblersBrew"},{"floor":27,"key":"GhostInAJar"},{"floor":30,"key":"Swift Potion"},{"floor":36,"key":"SpeedPotion"},{"floor":39,"key":"FairyPotion"}],"is_trial":false,"path_per_floor":["M","?","M","$","M","R","E","R","T","?","?","R","M","?","R","B",null,"M","?","M","M","$","E","?","M","T","M","$","M","M","M","R","B",null,"M","?","M","?","M","R","M","R","T","M","M","R","M","?","R","B",null],"character_chosen":"THE_SILENT","items_purchased":["Footwork","Deflect","Accuracy","Leg Sweep","Footwork"],"campfire_rested":3,"item_purchase_floors":[4,22,22,22,28],"current_hp_per_floor":[70,70,66,66,66,66,55,55,55,44,44,44,43,43,64,6,70,70,70,68,68,68,61,61,59,59,46,46,44,29,29,50,50,70,68,57,57,57,57,57,57,57,57,49,33,54,54,54,54,31],"gold":498,"neow_bonus":"THREE_CARDS","is_prod":false,"is_daily":false,"chose_seed":false,"campfire_upgraded":6,"win_rate":0,"timestamp":1544093567,"path_taken":["M","?","?","$","M","R","E","R","T","?","?","R","?","?","R","BOSS","M","?","M","?","$","E","?","M","T","M","$","M","M","?","R","BOSS","M","?","M","?","M","R","M","R","T","M","M","R","M","?","R","BOSS"],"build_version":"2018-11-15","purchased_purges":2,"victory":true,"max_hp_per_floor":[70,70,70,70,70,70,70,70,70,70,70,70,70,70,70,70,70,70,70,70,70,70,70,70,70,70,70,70,70,70,70,70,70,70,70,70,70,70,70,70,70,70,70,70,70,70,70,70,70,70],"card_choices":[{"not_picked":["Sucker Punch","Heel Hook"],"picked":"Blur","floor":0},{"not_picked":["Blade Dance","Backflip"],"picked":"Infinite Blades","floor":1},{"not_picked":["Bane","Distraction"],"picked":"Slice","floor":3},{"not_picked":["All Out Attack","Flying Knee"],"picked":"Escape Plan","floor":5},{"not_picked":["Bane","Expertise"],"picked":"Escape Plan","floor":7},{"not_picked":["Tactician","Heel Hook","PiercingWail"],"picked":"SKIP","floor":13},{"not_picked":["Wraith Form v2","Unload"],"picked":"After Image","floor":16},{"not_picked":["Caltrops","Dodge and Roll"],"picked":"Choke","floor":18},{"not_picked":["Concentrate","Quick Slash","Dagger Throw"],"picked":"SKIP","floor":20},{"not_picked":["Reflex","Dash"],"picked":"Slice+1","floor":21},{"not_picked":["Bouncing Flask","Flying Knee+1"],"picked":"Deflect","floor":23},{"not_picked":["Bane+1","Backflip+1"],"picked":"Cloak And Dagger+1","floor":25},{"not_picked":["Skewer+1","Flechettes"],"picked":"Backflip+1","floor":27},{"not_picked":["Blade Dance+1","Deflect+1"],"picked":"Terror+1","floor":29},{"not_picked":["Flying Knee","Dagger Spray","Sucker Punch"],"picked":"SKIP","floor":30},{"not_picked":["Flechettes","Dash+1","Endless Agony"],"picked":"SKIP","floor":31},{"not_picked":["Unload","Bullet Time+1"],"picked":"Doppelganger+1","floor":33},{"not_picked":["PiercingWail+1","Deadly Poison+1","Bane"],"picked":"SKIP","floor":35},{"not_picked":["Riddle With Holes","Poisoned Stab"],"picked":"Finisher+1","floor":36},{"not_picked":["Deflect+1","Slice+1"],"picked":"Blur+1","floor":37},{"not_picked":["Prepared+1","Bane+1"],"picked":"Escape Plan+1","floor":39},{"not_picked":["PiercingWail+1","Predator","Concentrate+1"],"picked":"SKIP","floor":41},{"not_picked":["Outmaneuver+1","Bouncing Flask+1"],"picked":"Quick Slash+1","floor":44},{"not_picked":["Crippling Poison+1","Die Die Die","Poisoned Stab+1"],"picked":"SKIP","floor":45},{"not_picked":["Cloak And Dagger+1","Bane","Unload"],"picked":"SKIP","floor":47}],"player_experience":261746,"relics_obtained":[{"floor":7,"key":"Bag of Preparation"},{"floor":9,"key":"Snake Skull"},{"floor":10,"key":"Sundial"},{"floor":23,"key":"Toxic Egg 2"},{"floor":26,"key":"Smiling Mask"},{"floor":36,"key":"Pocketwatch"},{"floor":43,"key":"Gremlin Horn"}],"event_choices":[{"cards_removed":["Strike_G"],"damage_healed":0,"gold_gain":0,"player_choice":"Took Card","damage_taken":0,"max_hp_gain":0,"max_hp_loss":0,"event_name":"NoteForYourself","floor":2,"gold_loss":0,"cards_obtained":["Strike_G"]},{"damage_healed":0,"gold_gain":0,"player_choice":"Searched \u00271\u0027 times","damage_taken":0,"max_hp_gain":0,"max_hp_loss":0,"event_name":"Dead Adventurer","floor":10,"gold_loss":0},{"damage_healed":0,"gold_gain":0,"player_choice":"Upgraded","damage_taken":0,"max_hp_gain":0,"max_hp_loss":0,"event_name":"Upgrade Shrine","floor":11,"gold_loss":0,"cards_upgraded":["Neutralize"]},{"cards_removed":["Strike_G"],"damage_healed":0,"gold_gain":0,"player_choice":"Card Removal","damage_taken":0,"max_hp_gain":0,"max_hp_loss":0,"event_name":"The Cleric","floor":14,"gold_loss":50},{"damage_healed":0,"gold_gain":0,"player_choice":"Forge","damage_taken":0,"max_hp_gain":0,"max_hp_loss":0,"event_name":"Accursed Blacksmith","floor":19,"gold_loss":0,"cards_upgraded":["After Image"]},{"damage_healed":0,"gold_gain":0,"player_choice":"Cursed","damage_taken":0,"max_hp_gain":0,"max_hp_loss":0,"event_name":"Wheel of Change","floor":24,"gold_loss":0,"cards_obtained":["Decay"]},{"damage_healed":0,"gold_gain":0,"player_choice":"Fight","damage_taken":0,"max_hp_gain":0,"max_hp_loss":0,"event_name":"MindBloom","floor":36,"gold_loss":0},{"damage_healed":0,"gold_gain":0,"player_choice":"Ignored","damage_taken":0,"max_hp_gain":0,"max_hp_loss":0,"event_name":"Mysterious Sphere","floor":38,"gold_loss":0},{"cards_removed":["Deflect"],"damage_healed":0,"gold_gain":0,"player_choice":"Removed Skill","damage_taken":0,"max_hp_gain":0,"max_hp_loss":0,"event_name":"Falling","floor":48,"gold_loss":0}],"is_beta":false,"boss_relics":[{"not_picked":["Snecko Eye","Cursed Key"],"picked":"Pandora\u0027s Box"},{"not_picked":["Velvet Choker","Calling Bell"],"picked":"Philosopher\u0027s Stone"}],"items_purged_floors":[22,28],"is_endless":false,"potions_floor_spawned":[5,7,10,20,25,27,30,36,39,45],"ascension_level":0}