{"path_per_floor":["M","?","M","?","M","R","?","$","T","M","M","M","M","?","R","B",null,"M","?","?","$","?","M","M","R","T","?","E","M","?","$","R"],"character_chosen":"IRONCLAD","items_purchased":["Body Slam","Oddly Smooth Stone","Shrug It Off","Shrug It Off"],"gold_per_floor":[119,119,133,133,153,153,253,13,38,49,69,88,102,102,102,200,230,250,250,250,127,52,69,82,82,136,136,171,185,185,85,85],"floor_reached":33,"campfire_rested":1,"playtime":1926,"current_hp_per_floor":[77,70,77,65,68,68,68,68,68,77,80,80,80,80,80,28,85,85,85,85,85,85,85,85,85,85,69,20,34,18,18,45],"items_purged":["Strike_R","Strike_R"],"gold":85,"score":334,"play_id":"5c5f6222-ae2d-4ad5-ac41-ec780cf291e2","local_time":"20180314212555","is_prod":false,"is_daily":false,"is_ascension_mode":true,"campfire_upgraded":3,"timestamp":1521077155,"path_taken":["M","?","M","?","?","R","?","$","T","M","?","M","?","?","R","BOSS","M","?","?","$","?","M","M","R","T","?","E","M","?","?","R","BOSS"],"build_version":"2018-03-09","purchased_purges":2,"victory":false,"master_deck":["Strike_R","Strike_R","Defend_R","Defend_R","Defend_R","Defend_R+1","Bash","Body Slam+1","Disarm","Shrug It Off","Body Slam+1","Shrug It Off+1","Dual Wield+1","True Grit","Headbutt","Offering","Flame Barrier","Shrug It Off","Shrug It Off","Flame Barrier","Necronomicurse","Disarm+1"],"max_hp_per_floor":[80,80,80,80,80,80,80,80,80,80,80,80,80,80,80,80,85,85,85,85,85,85,85,85,85,85,85,85,85,90,90,90],"relics":["Burning Blood","Magic Flower","Centennial Puzzle","Oddly Smooth Stone","Bronze Scales","Tiny House","Pen Nib","Ancient Tea Set","Necronomicon","Prayer Wheel"],"card_choices":[{"not_picked":["Wild Strike","Sentinel"],"picked":"Body Slam"},{"not_picked":["Cleave","Shockwave"],"picked":"Disarm"},{"not_picked":["Thunderclap","Cleave"],"picked":"Shrug It Off"},{"not_picked":["Spot Weakness","Iron Wave"],"picked":"Dual Wield"},{"not_picked":["Sword Boomerang","Bludgeon"],"picked":"True Grit"},{"not_picked":["Wild Strike","Twin Strike"],"picked":"Headbutt"},{"not_picked":["Demon Form","Reaper"],"picked":"Offering"},{"not_picked":["Clash","Heavy Blade"],"picked":"Flame Barrier"},{"not_picked":["Bloodletting","Havoc"],"picked":"Shrug It Off"},{"not_picked":["Intimidate","Cleave"],"picked":"Flame Barrier"},{"not_picked":["Ghostly Armor","Combust"],"picked":"Disarm"}],"player_experience":266166,"potions_floor_usage":[16,16,28,29,33],"damage_taken":[{"damage":12,"enemies":"Jaw Worm","floor":1,"turns":4},{"damage":2,"enemies":"2 Louse","floor":3,"turns":4},{"damage":6,"enemies":"Cultist","floor":5,"turns":3},{"damage":0,"enemies":"2 Fungi Beasts","floor":10,"turns":3},{"damage":2,"enemies":"Red Slaver","floor":11,"turns":3},{"damage":0,"enemies":"Gremlin Gang","floor":12,"turns":5},{"damage":9,"enemies":"Large Slime","floor":13,"turns":7},{"damage":61,"enemies":"Slime Boss","floor":16,"turns":13},{"damage":4,"enemies":"3 Byrds","floor":18,"turns":4},{"damage":4,"enemies":"Spheric Guardian","floor":23,"turns":3},{"damage":4,"enemies":"3 Cultists","floor":24,"turns":3},{"damage":58,"enemies":"Gremlin Leader","floor":28,"turns":8},{"damage":15,"enemies":"Snecko","floor":29,"turns":5},{"damage":45,"enemies":"Champ","floor":33,"turns":9}],"event_choices":[{"event_name":"Golden Wing","player_choice":"Card Removal","floor":2,"damage_taken":0},{"event_name":"Scrap Ooze","player_choice":"success","floor":4,"damage_taken":12},{"event_name":"Golden Shrine","player_choice":"Pray","floor":7,"damage_taken":0},{"event_name":"Living Wall","player_choice":"Grow","floor":14,"damage_taken":0},{"event_name":"The Mausoleum","player_choice":"Yes","floor":19,"damage_taken":0},{"event_name":"Vampires","player_choice":"Ignored","floor":20,"damage_taken":0},{"event_name":"Beggar","player_choice":"Gave Gold","floor":22,"damage_taken":0},{"event_name":"Cursed Tome","player_choice":"Obtained Book","floor":27,"damage_taken":0},{"event_name":"Forgotten Altar","player_choice":"Shed Blood","floor":30,"damage_taken":0}],"boss_relics":[{"not_picked":["Question Card","Black Blood"],"picked":"Tiny House"}],"potions_floor_spawned":[1,5,11,16,24,28],"seed_played":"4839377846229534693","killed_by":"Champ","ascension_level":4,"is_trial":false}