{"path_per_floor":["M","$","M","M","T","R","E","R","T","R","?","M","E","$","R","B",null,"M","M","?","$","?","E","R"],"character_chosen":"THE_SILENT","items_purchased":["Caltrops","Dagger Spray","Finesse","Noxious Fumes","Deadly Poison","Backflip"],"gold_per_floor":[116,34,46,59,59,59,93,93,93,93,168,184,210,26,26,123,123,136,150,150,21,21,85,85],"floor_reached":25,"campfire_rested":3,"playtime":2475,"current_hp_per_floor":[68,68,68,62,62,62,49,49,49,70,59,59,53,53,70,70,70,54,52,52,52,52,9,30],"items_purged":["Defend_G"],"gold":85,"play_id":"143f7691-3b6d-43ec-811d-aa3ae695979f","is_prod":false,"is_daily":false,"is_ascension_mode":false,"campfire_upgraded":2,"path_taken":["M","$","M","M","?","R","E","R","T","R","?","?","E","?","R","BOSS","M","M","?","?","?","E","R","M"],"build_version":"2018-02-01-PROD3","purchased_purges":1,"victory":false,"master_deck":["Defend_G","Defend_G","Defend_G","Strike_G","Strike_G","Strike_G","Strike_G","Survivor","Neutralize","Backflip+1","Caltrops+1","Dagger Spray","Terror","Deflect","Prepared","Footwork","Escape Plan","Finesse","Noxious Fumes","Deadly Poison","Tools of the Trade","Caltrops+1","Flechettes","Escape Plan","Backflip","Footwork","Bouncing Flask"],"max_hp_per_floor":[70,70,70,70,70,70,70,70,70,70,70,70,70,70,70,70,70,70,70,70,70,70,70,70],"relics":["Ring of the Snake","Frozen Eye","Mercury Hourglass","Unceasing Top","Oddly Smooth Stone","Sozu","Tiny Chest"],"card_choices":[{"not_picked":["Finisher","Deadly Poison"],"picked":"Backflip"},{"not_picked":["Heel Hook","Calculated Gamble"],"picked":"Terror"},{"not_picked":["Outmaneuver","Sucker Punch"],"picked":"Deflect"},{"not_picked":["Leg Sweep","PiercingWail"],"picked":"Prepared"},{"not_picked":["Leg Sweep","PiercingWail"],"picked":"Footwork"},{"not_picked":["Dodge and Roll","Choke"],"picked":"Escape Plan"},{"not_picked":["Glass Knife","Burst"],"picked":"Tools of the Trade"},{"not_picked":["Dodge and Roll","Sucker Punch"],"picked":"Caltrops"},{"not_picked":["Masterful Stab","Eviscerate"],"picked":"Flechettes"},{"not_picked":["Predator","Sucker Punch"],"picked":"Bouncing Flask"}],"player_experience":27916,"potions_floor_usage":[16],"damage_taken":[{"damage":2,"enemies":"Blue Slaver","floor":1,"turns":9},{"damage":0,"enemies":"Small Slimes","floor":3,"turns":4},{"damage":6,"enemies":"2 Louse","floor":4,"turns":3},{"damage":13,"enemies":"Lagavulin","floor":7,"turns":9},{"damage":0,"enemies":"Exordium Wildlife","floor":12,"turns":2},{"damage":6,"enemies":"3 Sentries","floor":13,"turns":6},{"damage":0,"enemies":"The Guardian","floor":16,"turns":10},{"damage":16,"enemies":"Spheric Guardian","floor":18,"turns":6},{"damage":2,"enemies":"Shell Parasite","floor":19,"turns":6},{"damage":43,"enemies":"Slavers","floor":23,"turns":4},{"damage":34,"enemies":"Cultist and Chosen","floor":25,"turns":5}],"event_choices":[{"event_name":"World of Goop","player_choice":"Gather Gold","floor":11,"damage_taken":0},{"event_name":"Transmorgrifier","player_choice":"Transform","floor":20,"damage_taken":0},{"event_name":"The Library","player_choice":"Read","floor":22,"damage_taken":0}],"boss_relics":[{"not_picked":["Eternal Feather","Tiny House"],"picked":"Sozu"}],"potions_floor_spawned":[7,12,13,23],"seed_played":"2472847367431278713","killed_by":"Cultist and Chosen","ascension_level":0,"is_trial":false}