{"path_per_floor":["M","?","M","?","M","E","?","?","T","$","?","M","R","M","R","B",null,"M","?","?","?","M","R","M","M","T","T","M","?","R","M","R"],"character_chosen":"IRONCLAD","items_purchased":["Spot Weakness","Shuriken","Pummel","Dual Wield"],"gold_per_floor":[117,117,128,203,217,250,250,310,610,65,240,250,250,266,266,371,371,388,313,313,313,331,331,346,365,391,391,404,404,404,417,417],"floor_reached":33,"campfire_rested":3,"playtime":1242,"current_hp_per_floor":[80,80,80,69,72,52,36,36,36,36,36,17,44,45,45,10,90,87,87,79,61,62,62,50,21,21,21,27,27,55,13,41],"items_purged":["Strike_R"],"gold":417,"score":321,"play_id":"458363c0-d249-4aec-b71e-3f8ad0c6516d","local_time":"20180321224902","is_prod":false,"is_daily":false,"is_ascension_mode":true,"campfire_upgraded":2,"timestamp":1521686942,"path_taken":["M","?","M","?","?","E","?","?","T","$","?","?","R","M","R","BOSS","M","?","?","?","M","R","M","M","T","?","M","?","R","M","R","BOSS"],"build_version":"2018-03-15v3","purchased_purges":1,"victory":false,"master_deck":["Strike_R","Strike_R","Strike_R+1","Strike_R","Defend_R","Defend_R","Defend_R","Defend_R","Bash","Bludgeon","Seeing Red+1","Pummel+1","Inflame","Rupture","Spot Weakness+1","Pummel","Dual Wield","Twin Strike","Whirlwind+1","Brutality","Flex+1","Hemokinesis+1","Spot Weakness","Flex","Sword Boomerang","Whirlwind+1","Shrug It Off"],"max_hp_per_floor":[80,80,80,80,80,80,80,90,90,90,90,90,90,90,90,90,90,90,90,90,95,95,95,95,95,95,95,95,95,95,95,95],"relics":["Burning Blood","Letter Opener","Pear","Old Coin","Shuriken","Philosopher\u0027s Stone","Blood Vial","Dead Branch"],"card_choices":[{"not_picked":["Anger","Rage"],"picked":"Seeing Red"},{"not_picked":["Metallicize","Sentinel"],"picked":"Pummel"},{"not_picked":["Pummel","Corruption"],"picked":"Inflame"},{"not_picked":["True Grit","Infernal Blade"],"picked":"Rupture"},{"not_picked":["Havoc","Perfected Strike"],"picked":"Twin Strike"},{"not_picked":["Pommel Strike","Infernal Blade"],"picked":"Whirlwind"},{"not_picked":["Barricade","Berserk"],"picked":"Brutality"},{"not_picked":["Shrug It Off","Wild Strike"],"picked":"Flex"},{"not_picked":["Body Slam","Feed"],"picked":"Hemokinesis"},{"not_picked":["Clash","Pommel Strike"],"picked":"Spot Weakness"},{"not_picked":["Thunderclap","Pommel Strike"],"picked":"Flex"},{"not_picked":["Disarm","Iron Wave"],"picked":"Sword Boomerang"},{"not_picked":["Sentinel","Corruption"],"picked":"Shrug It Off"}],"player_experience":311040,"potions_floor_usage":[16,16,24,28,28,31],"damage_taken":[{"damage":0,"enemies":"Cultist","floor":1,"turns":2},{"damage":6,"enemies":"Small Slimes","floor":3,"turns":2},{"damage":3,"enemies":"2 Louse","floor":5,"turns":2},{"damage":26,"enemies":"3 Sentries","floor":6,"turns":6},{"damage":16,"enemies":"Gremlin Nob","floor":8,"turns":3},{"damage":25,"enemies":"Large Slime","floor":12,"turns":4},{"damage":5,"enemies":"Gremlin Gang","floor":14,"turns":4},{"damage":56,"enemies":"Slime Boss","floor":16,"turns":12},{"damage":9,"enemies":"Spheric Guardian","floor":18,"turns":3},{"damage":5,"enemies":"3 Byrds","floor":22,"turns":3},{"damage":18,"enemies":"Snake Plant","floor":24,"turns":2},{"damage":35,"enemies":"Centurion and Healer","floor":25,"turns":3},{"damage":2,"enemies":"Snecko","floor":28,"turns":3},{"damage":50,"enemies":"Slaver and Parasite","floor":31,"turns":4},{"damage":23,"enemies":"Automaton","floor":33,"turns":4}],"event_choices":[{"event_name":"Upgrade Shrine","player_choice":"Upgraded","floor":2,"damage_taken":0},{"event_name":"World of Goop","player_choice":"Gather Gold","floor":4,"damage_taken":0},{"event_name":"Shining Light","player_choice":"Entered Light","floor":7,"damage_taken":0},{"event_name":"Dead Adventurer","player_choice":"Searched \u00271\u0027 times","floor":8,"damage_taken":0},{"event_name":"Liars Game","player_choice":"agreed","floor":11,"damage_taken":0},{"event_name":"Beggar","player_choice":"Gave Gold","floor":19,"damage_taken":0},{"event_name":"Knowing Skull","player_choice":"","floor":20,"damage_taken":0},{"event_name":"Forgotten Altar","player_choice":"Shed Blood","floor":21,"damage_taken":0},{"event_name":"Duplicator","player_choice":"One dupe","floor":29,"damage_taken":0}],"boss_relics":[{"not_picked":["Pandora\u0027s Box","Black Star"],"picked":"Philosopher\u0027s Stone"}],"potions_floor_spawned":[5,6,8,16,22,25,28],"seed_played":"-5977158947208097117","killed_by":"Automaton","ascension_level":4,"is_trial":false}