{"gold_per_floor":[116,130,18,28,41,96,96,96,96,116,116,128,143,159,159,259,259,269,269,294,204],"floor_reached":21,"playtime":1231,"items_purged":[],"score":247,"play_id":"8d01457c-117b-4c24-beed-5032c285d7b2","local_time":"20181102000623","is_ascension_mode":true,"campfire_choices":[{"floor":7.0,"key":"REST"},{"floor":15.0,"key":"REST"}],"neow_cost":"NONE","seed_source_timestamp":0,"circlet_count":0,"master_deck":["Defend_G","Defend_G","Defend_G","Defend_G","Defend_G","Strike_G","Strike_G","Strike_G","Strike_G","Strike_G","Survivor","Neutralize","Storm of Steel+1","Backstab","Escape Plan","Infinite Blades","Finisher","Footwork","Choke","Tactician","Dash","Cloak And Dagger","Leg Sweep","Accuracy","Adrenaline","Dagger Throw"],"special_seed":0,"relics":["Ring of the Snake","Tiny Chest","PreservedInsect","Eternal Feather","Red Mask"],"potions_floor_usage":[20,20,20],"damage_taken":[{"damage":8.0,"enemies":"Jaw Worm","floor":1.0,"turns":7.0},{"damage":0.0,"enemies":"2 Louse","floor":2.0,"turns":2.0},{"damage":0.0,"enemies":"Cultist","floor":4.0,"turns":3.0},{"damage":10.0,"enemies":"Large Slime","floor":5.0,"turns":6.0},{"damage":32.0,"enemies":"Lagavulin","floor":6.0,"turns":5.0},{"damage":11.0,"enemies":"Looter","floor":10.0,"turns":2.0},{"damage":6.0,"enemies":"3 Louse","floor":12.0,"turns":2.0},{"damage":5.0,"enemies":"2 Fungi Beasts","floor":13.0,"turns":3.0},{"damage":11.0,"enemies":"Looter","floor":14.0,"turns":3.0},{"damage":23.0,"enemies":"Hexaghost","floor":16.0,"turns":13.0},{"damage":7,"enemies":"Spheric Guardian","floor":18,"turns":4},{"damage":35,"enemies":"Masked Bandits","floor":20,"turns":10},{"damage":14,"enemies":"2 Thieves","floor":21,"turns":3}],"seed_played":"-5908482900283719938","potions_obtained":[{"floor":2.0,"key":"LiquidBronze"},{"floor":5.0,"key":"SneckoOil"},{"floor":10.0,"key":"EntropicBrew"},{"floor":14.0,"key":"SpeedPotion"},{"floor":16,"key":"SkillPotion"}],"is_trial":false,"path_per_floor":["M","M","$","M","M","E","R","?","T","M","?","M","M","M","R","B",null,"M","?","?","M"],"character_chosen":"THE_SILENT","items_purchased":["Infinite Blades","Finisher"],"campfire_rested":2,"item_purchase_floors":[3,3],"current_hp_per_floor":[55,55,55,55,45,13,34,39,39,28,28,22,17,6,28,5,58,51,37,2,0],"gold":204,"neow_bonus":"ONE_RANDOM_RARE_CARD","is_prod":false,"is_daily":false,"chose_seed":false,"campfire_upgraded":0,"win_rate":0,"timestamp":1541131583,"path_taken":["M","M","$","M","M","E","R","?","T","M","?","M","M","M","R","BOSS","BOSS","M","?","?","M"],"build_version":"2018-11-01","purchased_purges":0,"victory":false,"max_hp_per_floor":[70,70,70,70,70,70,70,75,75,75,75,75,75,75,75,75,75,75,80,80,80],"card_choices":[{"not_picked":["Flying Knee","Dagger Spray"],"picked":"Backstab","floor":1.0},{"not_picked":["Skewer","Distraction"],"picked":"Escape Plan","floor":2.0},{"not_picked":["PiercingWail","Flying Knee"],"picked":"Footwork","floor":4.0},{"not_picked":["Underhanded Strike","Wraith Form v2"],"picked":"Choke","floor":5.0},{"not_picked":["Endless Agony","Sucker Punch"],"picked":"Tactician","floor":6.0},{"not_picked":["Quick Slash","Flechettes"],"picked":"Dash","floor":10.0},{"not_picked":["Backflip","Bane"],"picked":"Cloak And Dagger","floor":12.0},{"not_picked":["Blade Dance","Deadly Poison"],"picked":"Leg Sweep","floor":13.0},{"not_picked":["Bouncing Flask","Noxious Fumes"],"picked":"Accuracy","floor":14.0},{"not_picked":["Venomology","Unload"],"picked":"Adrenaline","floor":16},{"not_picked":["Underhanded Strike","Deflect","Eviscerate"],"picked":"SKIP","floor":18},{"not_picked":["Heel Hook","PiercingWail"],"picked":"Dagger Throw","floor":20}],"player_experience":720941,"relics_obtained":[{"floor":6.0,"key":"Tiny Chest"},{"floor":9.0,"key":"PreservedInsect"},{"floor":20,"key":"Red Mask"}],"event_choices":[{"damage_healed":0.0,"max_hp_gain":5.0,"max_hp_loss":0.0,"gold_gain":0.0,"event_name":"Big Fish","player_choice":"Donut","floor":8.0,"gold_loss":0.0,"damage_taken":0.0},{"damage_healed":0.0,"max_hp_gain":0.0,"max_hp_loss":0.0,"gold_gain":0.0,"event_name":"Living Wall","player_choice":"Grow","floor":11.0,"gold_loss":0.0,"damage_taken":0.0,"cards_upgraded":["Storm of Steel"]},{"damage_healed":0,"gold_gain":0,"player_choice":"Shed Blood","damage_taken":19,"max_hp_gain":5,"max_hp_loss":0,"event_name":"Forgotten Altar","floor":19,"gold_loss":0},{"damage_healed":0,"gold_gain":0,"player_choice":"Fought Bandits","damage_taken":0,"max_hp_gain":0,"max_hp_loss":0,"event_name":"Masked Bandits","floor":20,"gold_loss":0}],"is_beta":false,"boss_relics":[{"not_picked":["Calling Bell","Orrery"],"picked":"Eternal Feather"}],"items_purged_floors":[],"is_endless":false,"potions_floor_spawned":[2,5,10,14,16,18],"killed_by":"2 Thieves","ascension_level":7}