{"gold_per_floor":[110,126,142,161,161,187,187,187,217,217,228,228,239,266,266,370,370,390,196,196,208,84,119,119,25,25,124,138,138,338,358,358,358],"floor_reached":33,"playtime":2806,"items_purged":["Strike_G","Strike_G"],"score":344,"play_id":"7c3eae68-3fdc-471c-882c-acbb05436f84","local_time":"20190220201000","is_ascension_mode":true,"campfire_choices":[{"floor":10,"key":"REST"},{"data":"Survivor","floor":12,"key":"SMITH"},{"floor":15,"key":"REST"},{"floor":24,"key":"REST"},{"floor":29,"key":"REST"},{"floor":32,"key":"REST"}],"neow_cost":"NONE","seed_source_timestamp":3346183402713,"circlet_count":0,"master_deck":["Defend_G","Defend_G","Defend_G","Defend_G","Defend_G","Strike_G","Strike_G","Survivor+1","Neutralize+1","Dagger Spray","Acrobatics","Slice","Predator","Deflect","Bane","Noxious Fumes","Footwork","Malaise","Backflip+1","Cloak And Dagger","Infinite Blades","Finisher","Flying Knee","Slice","Cloak And Dagger","Sucker Punch","Deflect"],"relics":["Ring of the Snake","Boot","Juzu Bracelet","Tiny Chest","Sundial","WristBlade","Oddly Smooth Stone","Blood Vial","Ancient Tea Set"],"potions_floor_usage":[14,16,23,31],"damage_taken":[{"damage":5,"enemies":"Small Slimes","floor":1,"turns":6},{"damage":1,"enemies":"Cultist","floor":2,"turns":3},{"damage":2,"enemies":"Jaw Worm","floor":3,"turns":4},{"damage":3,"enemies":"Blue Slaver","floor":4,"turns":3},{"damage":35,"enemies":"3 Sentries","floor":6,"turns":6},{"damage":0,"enemies":"2 Fungi Beasts","floor":11,"turns":4},{"damage":4,"enemies":"Red Slaver","floor":13,"turns":4},{"damage":34,"enemies":"Lagavulin","floor":14,"turns":6},{"damage":14,"enemies":"Slime Boss","floor":16,"turns":9},{"damage":3,"enemies":"3 Byrds","floor":18,"turns":4},{"damage":6,"enemies":"Shell Parasite","floor":21,"turns":8},{"damage":40,"enemies":"Slavers","floor":23,"turns":6},{"damage":18,"enemies":"Cultist and Chosen","floor":28,"turns":7},{"damage":13,"enemies":"Sentry and Sphere","floor":31,"turns":7},{"damage":72,"enemies":"Champ","floor":33,"turns":13}],"seed_played":"-2112123208239796293","potions_obtained":[{"floor":2,"key":"Ancient Potion"},{"floor":3,"key":"SneckoOil"},{"floor":14,"key":"GhostInAJar"},{"floor":21,"key":"Swift Potion"},{"floor":23,"key":"Block Potion"}],"is_trial":false,"path_per_floor":["M","M","M","M","?","E","?","?","T","R","M","R","M","E","R","B",null,"M","$","?","M","$","E","R","$","T","?","M","R","?","M","R","B"],"character_chosen":"THE_SILENT","items_purchased":["Cloak And Dagger","Infinite Blades","Flying Knee","Cloak And Dagger","Sucker Punch"],"campfire_rested":5,"item_purchase_floors":[19,19,22,25,25],"current_hp_per_floor":[65,64,62,59,59,24,24,29,29,51,51,51,47,13,35,21,62,59,59,59,53,53,13,35,35,35,35,19,41,41,30,52,0],"gold":358,"neow_bonus":"RANDOM_COMMON_RELIC","is_prod":false,"is_daily":false,"chose_seed":false,"campfire_upgraded":1,"win_rate":0,"timestamp":1550693400,"path_taken":["M","M","M","M","?","E","?","?","T","R","M","R","M","E","R","BOSS","M","$","?","M","$","E","R","$","T","?","M","R","?","M","R","BOSS"],"build_version":"2019-01-23","purchased_purges":2,"victory":false,"max_hp_per_floor":[70,70,70,70,70,70,70,75,75,75,75,75,75,75,75,75,75,75,75,75,75,75,75,75,75,75,75,75,75,75,75,75,75],"card_choices":[{"not_picked":["Poisoned Stab","Cloak And Dagger"],"picked":"Dagger Spray","floor":1},{"not_picked":["Slice","Concentrate"],"picked":"Acrobatics","floor":2},{"not_picked":["Prepared","Deadly Poison"],"picked":"Slice","floor":3},{"not_picked":["Prepared","Backflip"],"picked":"Predator","floor":4},{"not_picked":["Accuracy","Acrobatics"],"picked":"Deflect","floor":6},{"not_picked":["Blade Dance","Reflex","Calculated Gamble"],"picked":"SKIP","floor":11},{"not_picked":["Slice","Choke"],"picked":"Noxious Fumes","floor":13},{"not_picked":["Eviscerate","Die Die Die"],"picked":"Footwork","floor":14},{"not_picked":["Unload","Night Terror"],"picked":"Malaise","floor":16},{"not_picked":["Deadly Poison","Underhanded Strike"],"picked":"Backflip+1","floor":18},{"not_picked":["Caltrops+1","Backflip"],"picked":"Finisher","floor":21},{"not_picked":["Eviscerate+1","Backflip"],"picked":"Slice","floor":23},{"not_picked":["Poisoned Stab+1","Underhanded Strike"],"picked":"Deflect","floor":28},{"not_picked":["Crippling Poison","Grand Finale","Finisher"],"picked":"SKIP","floor":31}],"player_experience":530996,"relics_obtained":[{"floor":6,"key":"Juzu Bracelet"},{"floor":9,"key":"Tiny Chest"},{"floor":14,"key":"Sundial"},{"floor":23,"key":"Blood Vial"},{"floor":26,"key":"Ancient Tea Set"}],"event_choices":[{"damage_healed":0,"gold_gain":0,"player_choice":"Grow","damage_taken":0,"max_hp_gain":0,"max_hp_loss":0,"event_name":"Living Wall","floor":5,"gold_loss":0,"cards_upgraded":["Neutralize"]},{"damage_healed":0,"gold_gain":0,"cards_transformed":["Strike_G"],"player_choice":"Transformed","damage_taken":0,"max_hp_gain":0,"max_hp_loss":0,"event_name":"Transmorgrifier","floor":7,"gold_loss":0,"cards_obtained":["Bane"]},{"damage_healed":0,"gold_gain":0,"player_choice":"Donut","damage_taken":0,"max_hp_gain":5,"max_hp_loss":0,"event_name":"Big Fish","floor":8,"gold_loss":0},{"damage_healed":0,"gold_gain":0,"player_choice":"Opened","damage_taken":0,"relics_obtained":["Oddly Smooth Stone"],"max_hp_gain":0,"max_hp_loss":0,"event_name":"The Mausoleum","floor":20,"gold_loss":0},{"damage_healed":0,"gold_gain":99,"player_choice":"Stole From Cult","damage_taken":0,"max_hp_gain":0,"max_hp_loss":0,"event_name":"Nest","floor":27,"gold_loss":0},{"damage_healed":0,"gold_gain":200,"player_choice":"Gold","damage_taken":0,"max_hp_gain":0,"max_hp_loss":0,"event_name":"Wheel of Change","floor":30,"gold_loss":0}],"is_beta":false,"boss_relics":[{"not_picked":["Ectoplasm","Orrery"],"picked":"WristBlade"}],"items_purged_floors":[19,22],"is_endless":false,"potions_floor_spawned":[2,3,14,21,23],"killed_by":"Champ","ascension_level":5}