{"gold_per_floor":[112,187,187,187,74,108,108,125,152,169,195,195],"floor_reached":12,"playtime":355,"items_purged":[],"score":144,"play_id":"b5a5db43-9a08-4994-abc1-32d741b375e9","local_time":"20190224090831","is_ascension_mode":true,"campfire_choices":[{"data":"Zap","floor":7,"key":"SMITH"}],"neow_cost":"NONE","seed_source_timestamp":834515847480100,"circlet_count":0,"master_deck":["Strike_B","Strike_B","Strike_B","Defend_B","Defend_B","Defend_B","Defend_B","Zap+1","Dualcast","Capacitor","Heatsinks","Hologram","Barrage","Conserve Battery","Static Discharge","All For One"],"relics":["Cracked Core","NeowsBlessing","Potion Belt","Boot","Ancient Tea Set","Lantern"],"potions_floor_usage":[12],"damage_taken":[{"damage":0,"enemies":"Small Slimes","floor":1,"turns":1},{"damage":0,"enemies":"3 Sentries","floor":6,"turns":1},{"damage":0,"enemies":"Jaw Worm","floor":8,"turns":1},{"damage":5,"enemies":"Cultist","floor":10,"turns":4},{"damage":38,"enemies":"Gremlin Nob","floor":11,"turns":4},{"damage":8,"enemies":"Lots of Slimes","floor":12,"turns":1}],"seed_played":"2971070776124837733","potions_obtained":[{"floor":1,"key":"Ancient Potion"},{"floor":10,"key":"FocusPotion"},{"floor":11,"key":"Ancient Potion"}],"is_trial":false,"path_per_floor":["M","?","?","?","$","E","R","M","T","M","E","M"],"character_chosen":"DEFECT","items_purchased":["Heatsinks","Hologram"],"campfire_rested":0,"item_purchase_floors":[5,5],"current_hp_per_floor":[68,57,50,50,50,50,50,50,50,45,7,0],"gold":195,"neow_bonus":"THREE_ENEMY_KILL","is_prod":false,"is_daily":false,"chose_seed":false,"campfire_upgraded":1,"win_rate":0,"timestamp":1551017311,"path_taken":["M","?","?","?","$","E","R","M","T","M","E","?"],"build_version":"2019-01-23","purchased_purges":0,"victory":false,"max_hp_per_floor":[75,75,75,75,75,75,75,75,75,75,75,75],"card_choices":[{"not_picked":["BootSequence","Sweeping Beam"],"picked":"Capacitor","floor":1},{"not_picked":["Streamline","Gash"],"picked":"Barrage","floor":6},{"not_picked":["Go for the Eyes","Barrage"],"picked":"Conserve Battery","floor":8},{"not_picked":["Coolheaded","Fusion"],"picked":"Static Discharge","floor":10},{"not_picked":["Stack","Barrage"],"picked":"All For One","floor":11}],"player_experience":540635,"relics_obtained":[{"floor":6,"key":"Boot"},{"floor":9,"key":"Ancient Tea Set"},{"floor":11,"key":"Lantern"}],"event_choices":[{"damage_healed":0,"gold_gain":75,"player_choice":"Gather Gold","damage_taken":11,"max_hp_gain":0,"max_hp_loss":0,"event_name":"World of Goop","floor":2,"gold_loss":0},{"cards_removed":["Strike_B"],"damage_healed":0,"gold_gain":0,"player_choice":"Card Removal","damage_taken":7,"max_hp_gain":0,"max_hp_loss":0,"event_name":"Golden Wing","floor":3,"gold_loss":0},{"damage_healed":0,"gold_gain":0,"player_choice":"Gave Potion","damage_taken":0,"relics_obtained":["Potion Belt"],"max_hp_gain":0,"max_hp_loss":0,"event_name":"WeMeetAgain","floor":4,"gold_loss":0}],"is_beta":false,"boss_relics":[],"items_purged_floors":[],"is_endless":false,"potions_floor_spawned":[1,10,11],"killed_by":"Lots of Slimes","ascension_level":6}