{"path_per_floor":["M","?","$","M","M","R","M","M","T","R","?","?","$","M","R","B",null,"M","M","$","M","?","R"],"character_chosen":"THE_SILENT","items_purchased":["Noxious Fumes","Blade Dance","A Thousand Cuts","Noxious Fumes"],"gold_per_floor":[209,209,18,31,43,43,61,77,153,153,153,153,73,91,91,186,186,205,216,38,58,58,58,58],"floor_reached":24,"campfire_rested":2,"playtime":1218,"current_hp_per_floor":[70,70,70,69,67,67,62,57,57,57,57,57,57,41,62,43,63,45,41,41,8,8,29,0],"items_purged":["Strike_G","Strike_G"],"gold":58,"score":235,"play_id":"2c57d428-9332-43ac-a25a-6a5f472f2cef","local_time":"20180405210534","is_prod":false,"is_daily":false,"is_ascension_mode":true,"campfire_upgraded":2,"timestamp":1522976734,"path_taken":["M","?","$","?","M","R","M","M","T","R","?","?","$","M","R","BOSS","M","M","$","M","?","R","M"],"build_version":"2018-04-05","purchased_purges":2,"victory":false,"master_deck":["Defend_G","Defend_G","Defend_G","Defend_G","Defend_G","Strike_G","Strike_G","Strike_G","Survivor","Neutralize","Prepared","Noxious Fumes+1","Blade Dance","Noxious Fumes+1","Cloak And Dagger","Cloak And Dagger","Infinite Blades","Normality","A Thousand Cuts","Cloak And Dagger","Tools of the Trade","Prepared","Backflip","Noxious Fumes"],"max_hp_per_floor":[70,70,70,70,70,70,70,70,70,70,70,70,70,70,70,70,70,70,70,70,70,70,70,70],"relics":["Ring of the Snake","Blue Candle","Peace Pipe","Lizard Tail","Anchor"],"card_choices":[{"not_picked":["Backflip","Sucker Punch"],"picked":"Prepared","floor":1},{"not_picked":["Distraction","Concentrate"],"picked":"Noxious Fumes","floor":4},{"not_picked":["Deflect","Dagger Throw"],"picked":"Cloak And Dagger","floor":5},{"not_picked":["Dagger Spray","Acrobatics"],"picked":"Cloak And Dagger","floor":7},{"not_picked":["Well Laid Plans","Acrobatics"],"picked":"Infinite Blades","floor":8},{"not_picked":["Masterful Stab","Quick Slash"],"picked":"Cloak And Dagger","floor":14},{"not_picked":["Bullet Time","Tactician"],"picked":"Tools of the Trade","floor":16},{"not_picked":["Outmaneuver","Underhanded Strike"],"picked":"Prepared","floor":18},{"not_picked":["Bane","Dagger Throw"],"picked":"Backflip","floor":19}],"player_experience":395902,"potions_floor_usage":[16,16,19,21],"damage_taken":[{"damage":0,"enemies":"Small Slimes","floor":1,"turns":3},{"damage":1,"enemies":"Cultist","floor":4,"turns":4},{"damage":2,"enemies":"Jaw Worm","floor":5,"turns":5},{"damage":5,"enemies":"Blue Slaver","floor":7,"turns":5},{"damage":5,"enemies":"2 Fungi Beasts","floor":8,"turns":5},{"damage":16,"enemies":"3 Louse","floor":14,"turns":3},{"damage":19,"enemies":"Slime Boss","floor":16,"turns":8},{"damage":18,"enemies":"Chosen","floor":18,"turns":5},{"damage":51,"enemies":"2 Thieves","floor":19,"turns":5},{"damage":33,"enemies":"Sentry and Sphere","floor":21,"turns":6},{"damage":39,"enemies":"3 Cultists","floor":24,"turns":4}],"event_choices":[{"event_name":"The Lab","player_choice":"Got Potions","floor":2,"damage_taken":0},{"event_name":"Accursed Blacksmith","player_choice":"Rummage","floor":11,"damage_taken":0},{"event_name":"Liars Game","player_choice":"disagreed","floor":12,"damage_taken":0},{"event_name":"The Mausoleum","player_choice":"Yes","floor":22,"damage_taken":0}],"boss_relics":[{"not_picked":["Orrery","Black Star"],"picked":"Lizard Tail"}],"potions_floor_spawned":[4,14,16,21],"seed_played":"7044878094314056467","killed_by":"3 Cultists","ascension_level":5,"is_trial":false}