{"path_per_floor":["M","M","?","M","$","T","?","E","T","R","$","M","R","$","R","B",null,"M","?","?","$","M","R","E","M","T","R","$","M","$"],"character_chosen":"THE_SILENT","items_purchased":["Caltrops","Dash","Finisher","Blur","Infinite Blades","Heel Hook"],"gold_per_floor":[117,128,128,144,37,62,12,43,43,43,43,63,63,63,63,166,166,186,186,186,37,47,47,82,98,178,178,31,42,6,6],"floor_reached":31,"campfire_rested":3,"playtime":1367,"current_hp_per_floor":[69,68,68,67,67,67,67,40,40,40,40,40,40,40,61,29,60,50,42,42,42,23,44,3,5,5,27,27,37,37,0],"items_purged":["Strike_G"],"gold":6,"score":314,"play_id":"3e7c128a-593f-4832-83c7-803adff70572","local_time":"20180413223715","is_prod":false,"is_daily":false,"chose_seed":false,"is_ascension_mode":true,"campfire_upgraded":2,"timestamp":1523673435,"path_taken":["M","?","?","M","$","?","?","E","T","R","?","M","R","$","R","BOSS","M","?","?","$","?","R","E","M","T","R","$","?","$","M"],"build_version":"2018-04-12","seed_source_timestamp":1657733306363507,"purchased_purges":1,"victory":false,"master_deck":["Defend_G","Defend_G","Defend_G","Defend_G","Strike_G","Strike_G","Strike_G","Strike_G","Survivor","Neutralize","Night Terror+1","All Out Attack","Heel Hook","Cloak And Dagger","Caltrops+1","Dash","Prepared","Dagger Spray+1","Glass Knife","Riddle With Holes+1","Finisher","Predator","Blur","Infinite Blades","Caltrops","Heel Hook"],"max_hp_per_floor":[70,70,70,70,70,70,70,70,70,70,70,70,70,70,70,70,70,70,70,70,70,70,70,72,74,74,74,74,74,74,74],"relics":["Ring of the Snake","Singing Bowl","Vajra","Bottled Lightning","Lizard Tail","Kunai","Pen Nib","Pantograph"],"card_choices":[{"not_picked":["Sucker Punch","Bane"],"picked":"All Out Attack","floor":1},{"not_picked":["Outmaneuver","Poisoned Stab"],"picked":"Heel Hook","floor":2},{"not_picked":["Concentrate","Quick Slash"],"picked":"Cloak And Dagger","floor":4},{"not_picked":["Deadly Poison","Backflip"],"picked":"Prepared","floor":8},{"not_picked":["Dodge and Roll","Accuracy"],"picked":"Dagger Spray","floor":12},{"not_picked":["Tactician","Bullet Time"],"picked":"Glass Knife","floor":16},{"not_picked":["Dodge and Roll","Poisoned Stab"],"picked":"Riddle With Holes","floor":18},{"not_picked":["Quick Slash","Finisher"],"picked":"Predator","floor":22},{"not_picked":["Dodge and Roll","Flechettes"],"picked":"Caltrops","floor":29}],"player_experience":440040,"potions_floor_usage":[16,16,24,25,25,29],"damage_taken":[{"damage":1,"enemies":"Cultist","floor":1,"turns":5},{"damage":1,"enemies":"Jaw Worm","floor":2,"turns":4},{"damage":1,"enemies":"Small Slimes","floor":4,"turns":4},{"damage":27,"enemies":"3 Sentries","floor":8,"turns":7},{"damage":0,"enemies":"3 Louse","floor":12,"turns":3},{"damage":32,"enemies":"Slime Boss","floor":16,"turns":12},{"damage":10,"enemies":"Shell Parasite","floor":18,"turns":5},{"damage":19,"enemies":"Chosen","floor":22,"turns":4},{"damage":43,"enemies":"Book of Stabbing","floor":24,"turns":5},{"damage":0,"enemies":"3 Cultists","floor":25,"turns":4},{"damage":29,"enemies":"Snake Plant","floor":29,"turns":4},{"damage":43,"enemies":"Slaver and Parasite","floor":31,"turns":3}],"event_choices":[{"event_name":"Living Wall","player_choice":"Grow","floor":3,"damage_taken":0},{"event_name":"The Cleric","player_choice":"Card Removal","floor":7,"damage_taken":0},{"event_name":"Knowing Skull","player_choice":"","floor":19,"damage_taken":0},{"event_name":"The Mausoleum","player_choice":"Yes","floor":20,"damage_taken":0}],"boss_relics":[{"not_picked":["Velvet Choker","Orrery"],"picked":"Lizard Tail"}],"potions_floor_spawned":[1,8,16,18,24,25],"seed_played":"-8402349128667068181","killed_by":"Slaver and Parasite","ascension_level":5,"is_trial":false}