{"gold_per_floor":[113,124,138,153,153,184,228,240,331,355,379,363,363,379,379,507,507,482,482,507,530,530],"floor_reached":22,"playtime":1544,"items_purged":[],"score":192,"play_id":"81b961b9-a755-4eb4-94d0-4b4ff146b767","local_time":"20190228172019","is_ascension_mode":false,"campfire_choices":[{"data":"Noxious Fumes","floor":15.0,"key":"SMITH"}],"neow_cost":"NONE","seed_source_timestamp":11670066838300,"circlet_count":0,"master_deck":["Defend_G","Defend_G","Defend_G","Defend_G","Defend_G","Strike_G","Strike_G","Strike_G","Strike_G","Strike_G","Survivor","Neutralize","Cloak And Dagger","Dagger Throw","Dagger Spray","Cloak And Dagger","Cloak And Dagger","Footwork","Noxious Fumes+1","PiercingWail","Shame","Injury","Clumsy","PiercingWail+1"],"special_seed":0,"relics":["Ring of the Snake","NeowsBlessing","MawBank","Pocketwatch","Snake Skull","The Courier","Golden Idol","Calling Bell","Shuriken","Unceasing Top","Smiling Mask"],"potions_floor_usage":[],"damage_taken":[{"damage":0.0,"enemies":"2 Louse","floor":1.0,"turns":1.0},{"damage":0.0,"enemies":"Jaw Worm","floor":2.0,"turns":1.0},{"damage":0.0,"enemies":"Cultist","floor":3.0,"turns":1.0},{"damage":0.0,"enemies":"Blue Slaver","floor":4.0,"turns":4.0},{"damage":3.0,"enemies":"Exordium Wildlife","floor":6.0,"turns":4.0},{"damage":4.0,"enemies":"Gremlin Nob","floor":7.0,"turns":3.0},{"damage":12.0,"enemies":"Exordium Thugs","floor":10.0,"turns":7.0},{"damage":0.0,"enemies":"Large Slime","floor":11.0,"turns":5.0},{"damage":7.0,"enemies":"Lots of Slimes","floor":14.0,"turns":2.0},{"damage":6.0,"enemies":"Hexaghost","floor":16.0,"turns":9.0},{"damage":24.0,"enemies":"2 Thieves","floor":18.0,"turns":5.0},{"damage":11.0,"enemies":"3 Byrds","floor":20.0,"turns":7.0},{"damage":18.0,"enemies":"Snake Plant","floor":21.0,"turns":7.0},{"damage":14,"enemies":"Centurion and Healer","floor":22,"turns":2}],"seed_played":"8034321712046059780","potions_obtained":[{"floor":3.0,"key":"Fire Potion"},{"floor":6.0,"key":"Fire Potion"},{"floor":7.0,"key":"Energy Potion"},{"floor":10.0,"key":"FearPotion"},{"floor":11.0,"key":"GhostInAJar"}],"is_trial":false,"path_per_floor":["M","M","M","M","?","M","E","?","T","M","M","$","?","M","R","B",null,"M","?","M","M","M"],"character_chosen":"THE_SILENT","items_purchased":["Noxious Fumes"],"campfire_rested":0,"item_purchase_floors":[12],"current_hp_per_floor":[70,70,70,70,58,55,51,51,51,39,39,39,39,32,32,26,65,41,35,24,6,0],"gold":530,"neow_bonus":"THREE_ENEMY_KILL","is_prod":false,"is_daily":false,"chose_seed":false,"campfire_upgraded":1,"win_rate":0,"timestamp":1551403219,"path_taken":["M","M","M","M","?","M","E","?","T","?","M","$","?","M","R","BOSS","M","?","?","M","M"],"build_version":"2019-01-23","purchased_purges":0,"victory":false,"max_hp_per_floor":[70,70,70,70,70,70,70,70,70,70,70,70,65,65,65,65,65,65,65,65,65,65],"card_choices":[{"not_picked":["Dodge and Roll","Poisoned Stab"],"picked":"Cloak And Dagger","floor":1.0},{"not_picked":["Poisoned Stab","Distraction"],"picked":"Dagger Throw","floor":2.0},{"not_picked":["Heel Hook","Dagger Throw"],"picked":"Dagger Spray","floor":3.0},{"not_picked":["Dagger Throw","Deflect"],"picked":"Cloak And Dagger","floor":4.0},{"not_picked":["Phantasmal Killer","Acrobatics"],"picked":"Cloak And Dagger","floor":6.0},{"not_picked":["Dagger Throw","Reflex"],"picked":"Cloak And Dagger","floor":7.0},{"not_picked":["Outmaneuver","Prepared"],"picked":"Footwork","floor":10.0},{"not_picked":["Bane","Terror","Quick Slash"],"picked":"SKIP","floor":11.0},{"not_picked":["Choke","Dodge and Roll"],"picked":"PiercingWail","floor":14.0},{"not_picked":["Outmaneuver","Crippling Poison","Heel Hook"],"picked":"SKIP","floor":18.0},{"not_picked":["Predator","Prepared"],"picked":"PiercingWail+1","floor":20.0},{"not_picked":["Calculated Gamble+1","Catalyst+1","Underhanded Strike"],"picked":"SKIP","floor":21.0}],"player_experience":59620,"relics_obtained":[{"floor":7.0,"key":"Pocketwatch"},{"floor":9.0,"key":"The Courier"},{"floor":17.0,"key":"Shuriken"},{"floor":17.0,"key":"Unceasing Top"},{"floor":17.0,"key":"Smiling Mask"}],"event_choices":[{"damage_healed":0.0,"max_hp_gain":0.0,"max_hp_loss":0.0,"gold_gain":0.0,"event_name":"Scrap Ooze","player_choice":"Success","floor":5.0,"gold_loss":0.0,"damage_taken":12.0,"relics_obtained":["MawBank"]},{"cards_removed":["Cloak And Dagger"],"damage_healed":0.0,"max_hp_gain":0.0,"max_hp_loss":0.0,"gold_gain":0.0,"event_name":"WeMeetAgain","player_choice":"Gave Card","floor":8.0,"gold_loss":0.0,"damage_taken":0.0,"relics_obtained":["Snake Skull"]},{"damage_healed":0.0,"max_hp_gain":0.0,"max_hp_loss":5.0,"gold_gain":0.0,"event_name":"Golden Idol","player_choice":"Lose Max HP","floor":13.0,"gold_loss":0.0,"damage_taken":0.0,"relics_obtained":["Golden Idol"]},{"damage_healed":0.0,"max_hp_gain":0.0,"max_hp_loss":0.0,"gold_gain":0.0,"event_name":"Knowing Skull","player_choice":"","floor":19.0,"potions_obtained":[],"gold_loss":0.0,"damage_taken":6.0,"cards_obtained":[]}],"is_beta":false,"boss_relics":[{"not_picked":["WristBlade","Philosopher\u0027s Stone"],"picked":"Calling Bell"}],"items_purged_floors":[],"is_endless":false,"potions_floor_spawned":[3,6,7,10,11],"killed_by":"Centurion and Healer","ascension_level":0}