{"path_per_floor":["M","M","?","?","M","R","E","$","T","M","M","?","M","?","R","B",null,"M","M","?","$","M","R","M","R","T","?","M","R","$","?","R"],"character_chosen":"IRONCLAD","items_purchased":["Body Slam","Art of War","Shrug It Off"],"gold_per_floor":[116,126,76,176,187,187,215,91,91,105,124,124,137,137,137,235,235,246,262,262,12,24,24,34,34,103,103,123,123,78,78,78,78],"floor_reached":33,"campfire_rested":4,"playtime":1459,"current_hp_per_floor":[80,80,80,80,80,80,45,45,45,24,19,39,28,16,40,9,80,80,79,79,79,9,33,27,51,51,51,15,15,15,15,39,0],"items_purged":["Strike_R","Strike_R"],"gold":78,"score":296,"play_id":"6d3c8377-f2b2-456e-90fb-5b59332d8f45","local_time":"20180324234135","is_prod":false,"is_daily":false,"is_ascension_mode":true,"campfire_upgraded":1,"timestamp":1521949295,"path_taken":["M","M","?","?","M","R","E","$","T","M","?","?","M","?","R","BOSS","M","M","?","$","M","R","M","R","T","?","M","R","$","?","R","BOSS"],"build_version":"2018-03-22v2","purchased_purges":2,"victory":false,"master_deck":["Strike_R","Defend_R","Defend_R","Defend_R","Defend_R","Bash","True Grit","Iron Wave","Body Slam+1","Body Slam","Body Slam","Parasite","Offering","Ghostly Armor","Feed","Iron Wave","Shrug It Off","Seeing Red"],"max_hp_per_floor":[80,80,80,80,80,80,80,80,80,80,80,80,80,80,80,80,80,80,80,80,80,80,80,80,80,80,80,83,83,83,83,83,83],"relics":["Burning Blood","Girya","Peace Pipe","Bronze Scales","Cursed Key","Art of War","Gremlin Horn"],"card_choices":[{"not_picked":["Clash","Iron Wave"],"picked":"True Grit","floor":1},{"not_picked":["Twin Strike","Double Tap"],"picked":"Iron Wave","floor":2},{"not_picked":["Warcry","Sever Soul"],"picked":"Body Slam","floor":5},{"not_picked":["Cleave","Flex"],"picked":"Body Slam","floor":10},{"not_picked":["Bludgeon","Double Tap"],"picked":"Offering","floor":16},{"not_picked":["Warcry","Whirlwind"],"picked":"Ghostly Armor","floor":19},{"not_picked":["Clothesline","Rampage"],"picked":"Iron Wave","floor":22}],"player_experience":338258,"potions_floor_usage":[11,16,16,22,24,24,28,33],"damage_taken":[{"damage":6,"enemies":"Jaw Worm","floor":1,"turns":4},{"damage":0,"enemies":"2 Louse","floor":2,"turns":3},{"damage":5,"enemies":"Small Slimes","floor":5,"turns":4},{"damage":41,"enemies":"3 Sentries","floor":7,"turns":10},{"damage":27,"enemies":"Exordium Thugs","floor":10,"turns":6},{"damage":11,"enemies":"Looter","floor":11,"turns":3},{"damage":17,"enemies":"3 Louse","floor":13,"turns":4},{"damage":37,"enemies":"Hexaghost","floor":16,"turns":11},{"damage":4,"enemies":"Chosen","floor":18,"turns":3},{"damage":7,"enemies":"3 Byrds","floor":19,"turns":3},{"damage":79,"enemies":"Cultist and Chosen","floor":22,"turns":10},{"damage":12,"enemies":"Snake Plant","floor":24,"turns":3},{"damage":45,"enemies":"Chosen and Byrds","floor":28,"turns":7},{"damage":51,"enemies":"Champ","floor":33,"turns":6}],"event_choices":[{"event_name":"The Cleric","player_choice":"Card Removal","floor":3,"damage_taken":0},{"event_name":"Golden Shrine","player_choice":"Pray","floor":4,"damage_taken":0},{"event_name":"Mushrooms","player_choice":"Healed and dodged fight","floor":12,"damage_taken":0},{"event_name":"Scrap Ooze","player_choice":"success","floor":14,"damage_taken":12},{"event_name":"Transmorgrifier","player_choice":"Transform","floor":20,"damage_taken":0},{"event_name":"Vampires","player_choice":"Ignored","floor":27,"damage_taken":0},{"event_name":"The Library","player_choice":"Read","floor":31,"damage_taken":0}],"boss_relics":[{"not_picked":["Runic Cube","Black Star"],"picked":"Cursed Key"}],"potions_floor_spawned":[7,10,11,13,16,19,22,24],"seed_played":"-8176698068194743364","killed_by":"Champ","ascension_level":4,"is_trial":false}