{"gold_per_floor":[117,117,128,128,145,145,170,170,197,197,216,22,49,62,62,166,166,181,195,195,195],"floor_reached":21,"playtime":1835,"items_purged":[],"score":189,"play_id":"d4b7579e-e1c6-4722-aa8f-9f6113ab768e","local_time":"20181110162031","is_ascension_mode":false,"campfire_choices":[{"data":"Hologram","floor":6,"key":"SMITH"},{"floor":15,"key":"REST"}],"neow_cost":"NONE","seed_source_timestamp":425772958709473,"circlet_count":0,"master_deck":["Strike_B","Strike_B","Strike_B","Strike_B","Defend_B","Defend_B+1","Defend_B+1","Zap+1","Dualcast","FTL","Lockon","Hologram+1","Double Energy+1","Beam Cell","Apotheosis","White Noise","Creative AI","Rainbow","Gash","Hello World","Gash","Reprogram","Force Field","Heatsinks","Ball Lightning","RitualDagger"],"relics":["Cracked Core","NeowsBlessing","Potion Belt","War Paint","Nunchaku","The Courier","Orrery"],"potions_floor_usage":[13,14,14,16,16,18],"damage_taken":[{"damage":0,"enemies":"Cultist","floor":1,"turns":1},{"damage":0,"enemies":"Small Slimes","floor":3,"turns":1},{"damage":0,"enemies":"2 Louse","floor":5,"turns":1},{"damage":31,"enemies":"Lagavulin","floor":7,"turns":5},{"damage":0,"enemies":"Blue Slaver","floor":11,"turns":2},{"damage":9,"enemies":"3 Sentries","floor":13,"turns":3},{"damage":5,"enemies":"Exordium Wildlife","floor":14,"turns":3},{"damage":32,"enemies":"The Guardian","floor":16,"turns":7},{"damage":11,"enemies":"3 Byrds","floor":18,"turns":5},{"damage":55,"enemies":"Shell Parasite","floor":19,"turns":6},{"damage":7,"enemies":"Snake Plant","floor":21,"turns":1}],"seed_played":"5925449726498818792","potions_obtained":[{"floor":1,"key":"Explosive Potion"},{"floor":3,"key":"Dexterity Potion"},{"floor":13,"key":"EntropicBrew"}],"is_trial":false,"path_per_floor":["M","?","M","?","M","R","E","?","T","T","M","$","E","M","R","B",null,"M","M","?","M"],"character_chosen":"DEFECT","items_purchased":["Apotheosis"],"campfire_rested":1,"item_purchase_floors":[12],"current_hp_per_floor":[75,75,75,68,68,68,37,37,37,37,37,37,28,23,45,13,75,64,9,3,0],"gold":195,"neow_bonus":"THREE_ENEMY_KILL","is_prod":false,"is_daily":false,"chose_seed":false,"campfire_upgraded":1,"win_rate":0.0,"timestamp":1541884831,"path_taken":["M","?","?","?","M","R","E","?","T","?","M","$","E","M","R","BOSS","M","M","?","M"],"build_version":"2018-11-08","purchased_purges":0,"victory":false,"max_hp_per_floor":[75,75,75,75,75,75,75,75,75,75,75,75,75,75,75,75,75,75,75,75,75],"card_choices":[{"not_picked":["Sunder","Auto Shields"],"picked":"FTL","floor":1},{"not_picked":["Steam","Chaos"],"picked":"Lockon","floor":3},{"not_picked":["Cold Snap","Redo"],"picked":"Hologram","floor":5},{"not_picked":["Melter","Steam Power"],"picked":"Double Energy","floor":7},{"not_picked":["Steam","Turbo"],"picked":"Beam Cell","floor":11},{"not_picked":["Beam Cell","Self Repair"],"picked":"White Noise","floor":13},{"not_picked":["Darkness","Gash"],"picked":"Creative AI","floor":14},{"not_picked":["Multi-Cast","Creative AI"],"picked":"Rainbow","floor":16},{"not_picked":["Coolheaded","Ball Lightning"],"picked":"Gash","floor":17},{"not_picked":["Cold Snap","Coolheaded"],"picked":"Hello World","floor":17},{"not_picked":["Sweeping Beam","Chill"],"picked":"Gash","floor":17},{"not_picked":["Lockon","Barrage"],"picked":"Reprogram","floor":17},{"not_picked":["Cold Snap","Steam"],"picked":"Force Field","floor":17},{"not_picked":["Cold Snap","Compile Driver"],"picked":"Heatsinks","floor":18},{"not_picked":["Stack","Cold Snap"],"picked":"Ball Lightning","floor":19}],"player_experience":153236,"relics_obtained":[{"floor":7,"key":"Potion Belt"},{"floor":9,"key":"War Paint"},{"floor":10,"key":"Nunchaku"},{"floor":13,"key":"The Courier"}],"event_choices":[{"damage_healed":0,"gold_gain":0,"player_choice":"Upgraded","damage_taken":0,"max_hp_gain":0,"max_hp_loss":0,"event_name":"Upgrade Shrine","floor":2,"gold_loss":0,"cards_upgraded":["Zap"]},{"cards_removed":["Defend_B"],"damage_healed":0,"gold_gain":0,"player_choice":"Card Removal","damage_taken":7,"max_hp_gain":0,"max_hp_loss":0,"event_name":"Golden Wing","floor":4,"gold_loss":0},{"damage_healed":0,"gold_gain":0,"player_choice":"Grow","damage_taken":0,"max_hp_gain":0,"max_hp_loss":0,"event_name":"Living Wall","floor":8,"gold_loss":0,"cards_upgraded":["Double Energy"]},{"damage_healed":0,"gold_gain":0,"player_choice":"Joined the Cult","damage_taken":6,"max_hp_gain":0,"max_hp_loss":0,"event_name":"Nest","floor":20,"gold_loss":0,"cards_obtained":["RitualDagger"]}],"is_beta":false,"boss_relics":[{"not_picked":["Astrolabe","Runic Dome"],"picked":"Orrery"}],"items_purged_floors":[],"is_endless":false,"potions_floor_spawned":[1,3,13],"killed_by":"Snake Plant","ascension_level":0}