{"gold_per_floor":[110,126,3,3,3,36,36,48,48,48,66,80,33,50,50,155,155,168,93,93,12,27,27,27,27,27,40,57,75,93,93],"floor_reached":31,"playtime":1443,"items_purged":[],"score":330,"play_id":"acc0636d-ff5b-40ae-8dcd-9b4ff367c8ce","local_time":"20181201043414","is_ascension_mode":true,"campfire_choices":[{"data":"Zap","floor":7,"key":"SMITH"},{"data":"Capacitor","floor":15,"key":"SMITH"},{"floor":23,"key":"REST"},{"data":"Loop","floor":25,"key":"SMITH"}],"neow_cost":"NONE","seed_source_timestamp":1472287333850453,"circlet_count":0,"master_deck":["Strike_B","Strike_B","Strike_B","Defend_B+1","Defend_B","Defend_B","Defend_B","Zap+1","Dualcast","Go for the Eyes","Streamline","Defragment+1","Steam+1","Stack","Creative AI","Ball Lightning","Glacier","Coolheaded","Capacitor+1","Amplify","Ball Lightning","Loop+1","Tempest","Stack","Turbo","Conserve Battery"],"relics":["Cracked Core","Sundial","Kunai","Inserter","Nloth\u0027s Gift","Nunchaku"],"potions_floor_usage":[16,28,29,31],"damage_taken":[{"damage":0,"enemies":"Cultist","floor":1,"turns":1},{"damage":0,"enemies":"Jaw Worm","floor":2,"turns":1},{"damage":0,"enemies":"3 Sentries","floor":6,"turns":2},{"damage":0,"enemies":"2 Louse","floor":8,"turns":2},{"damage":20,"enemies":"Exordium Thugs","floor":11,"turns":4},{"damage":0,"enemies":"2 Fungi Beasts","floor":12,"turns":2},{"damage":3,"enemies":"Blue Slaver","floor":14,"turns":3},{"damage":3,"enemies":"Slime Boss","floor":16,"turns":9},{"damage":4,"enemies":"Shell Parasite","floor":18,"turns":8},{"damage":42,"enemies":"2 Thieves","floor":22,"turns":4},{"damage":10,"enemies":"Snecko","floor":27,"turns":5},{"damage":11,"enemies":"Chosen and Byrds","floor":28,"turns":6},{"damage":15,"enemies":"Snake Plant","floor":29,"turns":4},{"damage":0,"enemies":"Centurion and Healer","floor":30,"turns":10},{"damage":5,"enemies":"Shelled Parasite and Fungi","floor":31,"turns":1}],"seed_played":"5364971539790612719","potions_obtained":[{"floor":1,"key":"Explosive Potion"},{"floor":2,"key":"LiquidBronze"},{"floor":14,"key":"PowerPotion"},{"floor":22,"key":"Dexterity Potion"},{"floor":30,"key":"Poison Potion"}],"is_trial":false,"path_per_floor":["M","M","$","?","?","E","R","M","T","?","M","M","$","M","R","B",null,"M","?","?","$","M","R","?","R","T","M","M","M","M","M"],"character_chosen":"DEFECT","items_purchased":["Defragment","Steam","Coolheaded","Loop"],"campfire_rested":1,"item_purchase_floors":[3,3,13,21],"current_hp_per_floor":[75,75,75,60,60,60,60,60,60,65,45,45,45,42,42,39,70,66,66,66,66,24,48,40,40,40,30,19,4,4,0],"gold":93,"neow_bonus":"THREE_ENEMY_KILL","is_prod":false,"is_daily":false,"chose_seed":false,"campfire_upgraded":3,"win_rate":0,"timestamp":1543656854,"path_taken":["M","?","$","?","?","E","R","M","T","?","?","M","$","M","R","BOSS","M","?","?","$","?","R","?","R","T","M","M","M","M","?"],"build_version":"2018-11-15","purchased_purges":0,"victory":false,"max_hp_per_floor":[75,75,75,75,75,75,75,75,75,80,80,80,80,80,80,80,80,80,80,80,80,80,80,80,80,80,80,80,80,80,80],"card_choices":[{"not_picked":["FTL","Steam"],"picked":"Go for the Eyes","floor":1},{"not_picked":["Coolheaded","Cold Snap"],"picked":"Streamline","floor":2},{"not_picked":["Gash","Compile Driver"],"picked":"Stack","floor":6},{"not_picked":["Go for the Eyes","Skim"],"picked":"Creative AI","floor":8},{"not_picked":["Stack","Scrape"],"picked":"Ball Lightning","floor":11},{"not_picked":["Gash","Steam"],"picked":"Glacier","floor":12},{"not_picked":["Genetic Algorithm","Cold Snap"],"picked":"Capacitor","floor":14},{"not_picked":["Multi-Cast","Core Surge"],"picked":"Amplify","floor":16},{"not_picked":["Sweeping Beam","Fusion+1"],"picked":"Ball Lightning","floor":18},{"not_picked":["Heatsinks","Reprogram"],"picked":"Tempest","floor":22},{"not_picked":["Sweeping Beam+1","Doom and Gloom"],"picked":"Stack","floor":27},{"not_picked":["Creative AI","Compile Driver"],"picked":"Turbo","floor":28},{"not_picked":["Cold Snap","Streamline+1"],"picked":"Conserve Battery","floor":29},{"not_picked":["Gash","Rebound","Doom and Gloom+1"],"picked":"SKIP","floor":30}],"player_experience":850054,"relics_obtained":[{"floor":6,"key":"Sundial"},{"floor":9,"key":"Kunai"},{"floor":26,"key":"Nunchaku"}],"event_choices":[{"damage_healed":0,"gold_gain":0,"player_choice":"Entered Light","damage_taken":15,"max_hp_gain":0,"max_hp_loss":0,"event_name":"Shining Light","floor":4,"gold_loss":0,"cards_upgraded":["Defend_B","Steam"]},{"damage_healed":0,"gold_gain":0,"player_choice":"Grow","damage_taken":0,"max_hp_gain":0,"max_hp_loss":0,"event_name":"Living Wall","floor":5,"gold_loss":0,"cards_upgraded":["Defragment"]},{"damage_healed":0,"gold_gain":0,"player_choice":"Donut","damage_taken":0,"max_hp_gain":5,"max_hp_loss":0,"event_name":"Big Fish","floor":10,"gold_loss":0},{"cards_removed":["Strike_B"],"damage_healed":0,"gold_gain":0,"player_choice":"Gave Gold","damage_taken":0,"max_hp_gain":0,"max_hp_loss":0,"event_name":"Beggar","floor":19,"gold_loss":75},{"damage_healed":0,"gold_gain":0,"player_choice":"Traded Relic","damage_taken":0,"relics_obtained":["Nloth\u0027s Gift"],"max_hp_gain":0,"max_hp_loss":0,"event_name":"N\u0027loth","floor":20,"relics_lost":["NeowsBlessing"],"gold_loss":0},{"damage_healed":0,"gold_gain":0,"player_choice":"","damage_taken":8,"max_hp_gain":0,"max_hp_loss":0,"event_name":"Knowing Skull","floor":24,"potions_obtained":[],"gold_loss":0,"cards_obtained":[]}],"is_beta":false,"boss_relics":[{"not_picked":["FrozenCore","Busted Crown"],"picked":"Inserter"}],"items_purged_floors":[],"is_endless":false,"potions_floor_spawned":[1,2,14,22,30],"killed_by":"Shelled Parasite and Fungi","ascension_level":5}