{"path_per_floor":["M","$","M","?","?","R","$","M","T","M","R","?","R","$","R","B",null,"M","$","?","$","M","R","M","R","T","?","M","R","M","M","R","B"],"character_chosen":"IRONCLAD","items_purchased":["True Grit","Perfected Strike","Cleave","Reaper","Double Tap"],"gold_per_floor":[109,59,74,74,74,74,29,44,112,129,129,379,379,105,105,208,238,252,82,82,82,99,99,110,110,110,110,120,120,136,154,154,249,249],"floor_reached":34,"campfire_rested":0,"playtime":2466,"item_purchase_floors":[],"current_hp_per_floor":[80,80,80,80,77,77,77,80,80,75,75,81,81,81,81,11,91,74,74,74,74,80,80,77,77,77,77,79,79,85,87,87,14,14],"items_purged":["Regret","Regret"],"gold":249,"score":340,"play_id":"a32eac58-0076-4d26-8e95-7efc8e679ea4","local_time":"20180610211713","is_prod":false,"is_daily":false,"chose_seed":false,"is_ascension_mode":false,"campfire_upgraded":8,"win_rate":0,"timestamp":1528679833,"campfire_choices":[],"path_taken":["M","$","M","?","?","R","?","M","T","M","R","?","R","$","R","BOSS","M","$","?","$","M","R","M","R","T","?","M","R","?","M","R","BOSS"],"build_version":"2018-06-07v3","seed_source_timestamp":0,"purchased_purges":3,"victory":false,"master_deck":["Strike_R+1","Strike_R+1","Strike_R+1","Strike_R+1","Strike_R+1","Defend_R+1","Defend_R+1","Defend_R+1","Defend_R+1","Bash","Demon Form+1","Clothesline","True Grit+1","Perfected Strike+1","Perfected Strike+1","Twin Strike+1","Flex+1","Cleave","Reaper","Offering+1","Pommel Strike+1","Double Tap+1","Berserk"],"max_hp_per_floor":[80,80,80,80,80,80,80,80,80,80,80,86,86,86,86,86,91,91,91,91,91,91,91,91,91,91,91,91,91,91,91,91,91,91],"relics":["Burning Blood","Anchor","Shuriken","Darkstone Periapt","Tiny House","Matryoshka"],"card_choices":[{"not_picked":["Thunderclap","Power Through"],"picked":"Clothesline","floor":1.0},{"not_picked":["Sword Boomerang","Infernal Blade"],"picked":"Perfected Strike","floor":3.0},{"not_picked":["Body Slam","Armaments"],"picked":"Twin Strike","floor":8.0},{"not_picked":["Anger","Heavy Blade"],"picked":"Flex","floor":10.0},{"not_picked":["Berserk","Brutality"],"picked":"Offering","floor":16.0},{"not_picked":["Hemokinesis","Flex"],"picked":"Pommel Strike","floor":17.0},{"not_picked":["Fiend Fire","Juggernaut"],"picked":"Berserk","floor":33.0}],"player_experience":506240,"potions_floor_usage":[],"damage_taken":[{"damage":3.0,"enemies":"Small Slimes","floor":1.0,"turns":3.0},{"damage":2.0,"enemies":"2 Louse","floor":3.0,"turns":3.0},{"damage":1.0,"enemies":"Jaw Worm","floor":8.0,"turns":3.0},{"damage":11.0,"enemies":"Gremlin Gang","floor":10.0,"turns":5.0},{"damage":84.0,"enemies":"Hexaghost","floor":16.0,"turns":12.0},{"damage":23.0,"enemies":"2 Thieves","floor":18.0,"turns":3.0},{"damage":0.0,"enemies":"Chosen","floor":22.0,"turns":3.0},{"damage":9.0,"enemies":"Snake Plant","floor":24.0,"turns":2.0},{"damage":4.0,"enemies":"Cultist and Chosen","floor":28.0,"turns":5.0},{"damage":0.0,"enemies":"Snecko","floor":30.0,"turns":3.0},{"damage":4.0,"enemies":"Snake Plant","floor":31.0,"turns":1.0},{"damage":79.0,"enemies":"Collector","floor":33.0,"turns":7.0}],"relics_obtained":[],"event_choices":[{"event_name":"Big Fish","player_choice":"Box","floor":4.0,"damage_taken":0.0},{"event_name":"Scrap Ooze","player_choice":"success","floor":5.0,"damage_taken":3.0},{"event_name":"Golden Shrine","player_choice":"Desecrate","floor":12.0,"damage_taken":0.0},{"event_name":"Addict","player_choice":"Ignored","floor":20.0,"damage_taken":0.0},{"event_name":"Back to Basics","player_choice":"Simplicity","floor":27.0,"damage_taken":0.0}],"boss_relics":[{"not_picked":["Black Star","Calling Bell"],"picked":"Tiny House"}],"items_purged_floors":[],"potions_floor_spawned":[8,28,31,33],"seed_played":"5964385227591353752","ascension_level":0,"potions_obtained":[],"is_trial":false}