{"path_per_floor":["M","?","M","?","M","R","M","?","T","M","M","T","M","M","R","B",null,"M","?","?","?","M","R"],"character_chosen":"THE_SILENT","items_purchased":[],"gold_per_floor":[112,112,127,127,147,147,171,245,545,560,585,609,634,658,658,787,787,808,808,733,733,751,751],"floor_reached":24,"campfire_rested":2,"playtime":1724,"current_hp_per_floor":[76,76,76,57,57,57,46,42,42,40,40,40,40,30,53,24,77,66,66,66,66,34,57],"items_purged":[],"gold":751,"score":200,"play_id":"e99dc2c4-d580-46bb-b1d9-bc4eb7bed1cf","is_prod":false,"is_daily":false,"is_ascension_mode":true,"campfire_upgraded":1,"path_taken":["M","?","M","?","M","R","M","?","T","M","M","?","?","M","R","BOSS","M","?","?","?","M","R","M"],"build_version":"2018-02-15-PROD1","purchased_purges":0,"victory":false,"master_deck":["Defend_G","Defend_G","Defend_G","Defend_G","Defend_G","Survivor","Neutralize","Footwork","Noxious Fumes","Well Laid Plans","Cloak And Dagger+1","Prepared","Prepared","Cloak And Dagger","Dagger Throw","Tools of the Trade","Accuracy+1","Terror+1","Choke+1","Infinite Blades","Backflip","Dodge and Roll"],"max_hp_per_floor":[77,77,77,77,77,77,77,77,77,77,77,77,77,77,77,77,77,77,77,77,77,77,77],"relics":["Ring of the Snake","Golden Idol","Bottled Flame","Old Coin","Dream Catcher","Astrolabe"],"card_choices":[{"not_picked":["Outmaneuver","Flechettes"],"picked":"Footwork"},{"not_picked":["Deflect","Predator"],"picked":"Well Laid Plans"},{"not_picked":["Reflex","Flying Knee"],"picked":"Cloak And Dagger"},{"not_picked":["Outmaneuver","Wraith Form"],"picked":"Prepared"},{"not_picked":["Expertise","Underhanded Strike"],"picked":"Prepared"},{"not_picked":["Dagger Spray","Riddle With Holes"],"picked":"Cloak And Dagger"},{"not_picked":["Dodge and Roll","PiercingWail"],"picked":"Dagger Throw"},{"not_picked":["Die Die Die","A Thousand Cuts"],"picked":"Tools of the Trade"},{"not_picked":["Flying Knee","Dagger Spray"],"picked":"Backflip"},{"not_picked":["Masterful Stab","Expertise"],"picked":"Dodge and Roll"}],"player_experience":142440,"potions_floor_usage":[],"damage_taken":[{"damage":1.0,"enemies":"Small Slimes","floor":1.0,"turns":3.0},{"damage":0.0,"enemies":"Jaw Worm","floor":3.0,"turns":6.0},{"damage":0.0,"enemies":"2 Louse","floor":5.0,"turns":4.0},{"damage":11.0,"enemies":"Looter","floor":7.0,"turns":3.0},{"damage":19.0,"enemies":"Lagavulin Event","floor":8.0,"turns":10.0},{"damage":2.0,"enemies":"Red Slaver","floor":10.0,"turns":5.0},{"damage":0.0,"enemies":"2 Fungi Beasts","floor":11.0,"turns":4.0},{"damage":0.0,"enemies":"Exordium Wildlife","floor":13.0,"turns":6.0},{"damage":10.0,"enemies":"Looter","floor":14.0,"turns":4.0},{"damage":29.0,"enemies":"Hexaghost","floor":16.0,"turns":15.0},{"damage":11.0,"enemies":"Chosen","floor":18.0,"turns":4.0},{"damage":32,"enemies":"Snake Plant","floor":22,"turns":5},{"damage":61,"enemies":"Slaver and Parasite","floor":24,"turns":4}],"event_choices":[{"event_name":"Living Wall","player_choice":"Change","floor":2.0,"damage_taken":0.0},{"event_name":"Golden Idol","player_choice":"Take Damage","floor":4.0,"damage_taken":0.0},{"event_name":"Dead Adventurer","player_choice":"Searched \u00272\u0027 times","floor":8.0,"damage_taken":0.0},{"event_name":"Vampires","player_choice":"Ignored","floor":19,"damage_taken":0},{"event_name":"Beggar","player_choice":"Gave Gold","floor":20,"damage_taken":0},{"event_name":"The Library","player_choice":"Read","floor":21,"damage_taken":0}],"boss_relics":[],"potions_floor_spawned":[5,7,10,13,14],"seed_played":"-1609021668676136615","killed_by":"Slaver and Parasite","ascension_level":1,"is_trial":false}