{"gold_per_floor":[110,126,140,140,159,159,179,179,179,179,198,198,228,62,62,135,135,151,167,67,247,265,265,265],"floor_reached":24,"playtime":962,"items_purged":["Strike_R"],"score":338,"play_id":"cad997eb-6048-4e31-a462-804a5ceb5c14","local_time":"20190224224134","is_ascension_mode":true,"campfire_choices":[{"data":"Cleave","floor":6.0,"key":"SMITH"},{"data":"Thunderclap","floor":8.0,"key":"SMITH"},{"data":"Defend_R","floor":10.0,"key":"SMITH"},{"data":"Defend_R","floor":15,"key":"SMITH"},{"data":"Limit Break","floor":23,"key":"SMITH"}],"neow_cost":"NONE","seed_source_timestamp":0,"circlet_count":0,"master_deck":["AscendersBane","Strike_R","Strike_R","Strike_R+1","Defend_R+1","Defend_R+1","Defend_R","Defend_R+1","Bash+1","Cleave+1","Thunderclap+1","Limit Break+1","Heavy Blade","Flex","Battle Trance"],"special_seed":0,"relics":["Burning Blood","WarpedTongs","Sundial","Red Skull","Empty Cage"],"potions_floor_usage":[16,16],"damage_taken":[{"damage":8.0,"enemies":"2 Louse","floor":1.0,"turns":3.0},{"damage":1.0,"enemies":"Cultist","floor":2.0,"turns":3.0},{"damage":2.0,"enemies":"Jaw Worm","floor":3.0,"turns":4.0},{"damage":10.0,"enemies":"Gremlin Gang","floor":5.0,"turns":4.0},{"damage":12.0,"enemies":"Looter","floor":7.0,"turns":3.0},{"damage":26.0,"enemies":"Exordium Wildlife","floor":11.0,"turns":5.0},{"damage":20,"enemies":"The Guardian","floor":16,"turns":7},{"damage":22,"enemies":"Shell Parasite","floor":18,"turns":6},{"damage":4,"enemies":"Chosen","floor":19,"turns":4},{"damage":8,"enemies":"3 Cultists","floor":22,"turns":4},{"damage":33,"enemies":"Centurion and Healer","floor":24,"turns":4}],"seed_played":"371392732257638321","potions_obtained":[{"floor":1.0,"key":"AttackPotion"},{"floor":2.0,"key":"SteroidPotion"}],"is_trial":false,"path_per_floor":["M","M","M","?","M","R","M","R","T","R","M","?","?","$","R","B",null,"M","M","$","?","M","R","M"],"character_chosen":"IRONCLAD","items_purchased":["Red Skull","Flex"],"campfire_rested":0,"item_purchase_floors":[14,20],"current_hp_per_floor":[66,71,75,75,71,71,65,65,65,65,45,22,22,22,22,8,58,42,44,44,23,21,21,0],"gold":265,"neow_bonus":"UPGRADE_CARD","is_prod":false,"is_daily":false,"chose_seed":false,"campfire_upgraded":5,"win_rate":0,"timestamp":1551015694,"path_taken":["M","M","M","?","M","R","M","R","T","R","?","?","?","$","R","BOSS","M","M","$","?","M","R","M"],"build_version":"2019-01-23","purchased_purges":1,"victory":false,"max_hp_per_floor":[75,75,75,75,75,75,75,75,75,75,75,75,75,75,75,75,75,75,75,75,75,75,75,75],"card_choices":[{"not_picked":["Ghostly Armor","Warcry","Rage"],"picked":"SKIP","floor":1.0},{"not_picked":["Blood for Blood","Flex"],"picked":"Cleave","floor":2.0},{"not_picked":["Body Slam","Dual Wield"],"picked":"Thunderclap","floor":3.0},{"not_picked":["Immolate","Warcry","Shockwave"],"picked":"SKIP","floor":7.0},{"not_picked":["Sentinel","Wild Strike","Twin Strike"],"picked":"SKIP","floor":11.0},{"not_picked":["Brutality","Barricade"],"picked":"Limit Break","floor":16},{"not_picked":["Armaments+1","Cleave","Thunderclap"],"picked":"SKIP","floor":18},{"not_picked":["True Grit","Cleave"],"picked":"Heavy Blade","floor":19},{"not_picked":["Seeing Red","Heavy Blade+1"],"picked":"Battle Trance","floor":22}],"player_experience":932559,"relics_obtained":[{"floor":9.0,"key":"Sundial"}],"event_choices":[{"damage_healed":0.0,"max_hp_gain":0.0,"max_hp_loss":0.0,"gold_gain":0.0,"event_name":"Accursed Blacksmith","player_choice":"Rummage","floor":4.0,"gold_loss":0.0,"damage_taken":0.0,"relics_obtained":["WarpedTongs"],"cards_obtained":["Pain"]},{"damage_healed":0.0,"max_hp_gain":0.0,"max_hp_loss":0.0,"gold_gain":0.0,"event_name":"Shining Light","player_choice":"Entered Light","floor":12.0,"gold_loss":0.0,"damage_taken":23.0,"cards_upgraded":["Defend_R","Strike_R"]},{"damage_healed":0,"gold_gain":30,"player_choice":"Searched \u00272\u0027 times","damage_taken":0,"max_hp_gain":0,"max_hp_loss":0,"event_name":"Dead Adventurer","floor":13,"gold_loss":0},{"damage_healed":0,"gold_gain":180,"player_choice":"GOLD GOLD ","damage_taken":21,"max_hp_gain":0,"max_hp_loss":0,"event_name":"Knowing Skull","floor":21,"potions_obtained":[],"gold_loss":0,"cards_obtained":[]}],"is_beta":false,"boss_relics":[{"not_picked":["Fusion Hammer","Black Blood"],"picked":"Empty Cage"}],"items_purged_floors":[20],"is_endless":false,"potions_floor_spawned":[1,2,7],"killed_by":"Centurion and Healer","ascension_level":16}