{"gold_per_floor":[114,37,37,37,55,65,65,89,89,106,106,124,140,159,159,263,263,276,276,289,303,321,321],"floor_reached":23,"playtime":2142,"items_purged":[],"score":187,"play_id":"74c0b307-76e0-4760-93fb-8a77b76b8adb","local_time":"20180911204204","is_ascension_mode":false,"campfire_choices":[{"floor":7,"key":"REST"},{"floor":11,"key":"REST"},{"data":"After Image","floor":15,"key":"SMITH"}],"neow_cost":"","seed_source_timestamp":357338095398119,"circlet_count":0,"master_deck":["Defend_G+1","Defend_G","Defend_G","Defend_G","Defend_G","Strike_G","Strike_G","Strike_G","Strike_G","Survivor+1","Neutralize","Infinite Blades","After Image+1","Accuracy","Terror","Flying Knee","Choke","Finisher","Slice","Caltrops","Envenom","Cloak And Dagger","Escape Plan","Acrobatics","Prepared+1"],"relics":["Ring of the Snake","Odd Mushroom","Ornamental Fan","Sozu"],"potions_floor_usage":[8,16,16,23],"damage_taken":[{"damage":0,"enemies":"Small Slimes","floor":1,"turns":4},{"damage":0,"enemies":"2 Louse","floor":5,"turns":4},{"damage":0,"enemies":"Cultist","floor":6,"turns":5},{"damage":23,"enemies":"The Mushroom Lair","floor":8,"turns":6},{"damage":0,"enemies":"Large Slime","floor":10,"turns":5},{"damage":5,"enemies":"3 Louse","floor":12,"turns":4},{"damage":3,"enemies":"Looter","floor":13,"turns":3},{"damage":7,"enemies":"Lots of Slimes","floor":14,"turns":6},{"damage":9,"enemies":"Hexaghost","floor":16,"turns":9},{"damage":3,"enemies":"Shell Parasite","floor":18,"turns":5},{"damage":28,"enemies":"2 Thieves","floor":20,"turns":5},{"damage":20,"enemies":"Snake Plant","floor":21,"turns":5},{"damage":11,"enemies":"Centurion and Healer","floor":22,"turns":7},{"damage":8,"enemies":"Chosen and Byrds","floor":23,"turns":4}],"seed_played":"-2962176277881063093","potions_obtained":[{"floor":1,"key":"Fire Potion"},{"floor":5,"key":"Swift Potion"},{"floor":8,"key":"SkillPotion"},{"floor":14,"key":"FearPotion"}],"is_trial":false,"path_per_floor":["M","$","?","?","M","M","R","?","T","M","R","M","M","M","R","B",null,"M","?","M","M","M"],"character_chosen":"THE_SILENT","items_purchased":["After Image"],"campfire_rested":2,"item_purchase_floors":[2],"current_hp_per_floor":[70,70,63,49,49,49,70,47,47,47,68,63,60,53,53,44,70,67,67,39,19,8,0],"gold":321,"neow_bonus":"","is_prod":false,"is_daily":false,"chose_seed":false,"campfire_upgraded":1,"win_rate":0,"timestamp":1536694924,"path_taken":["M","$","?","?","?","M","R","?","T","M","R","M","M","?","R","BOSS","M","?","M","M","?","?"],"build_version":"2018-09-06","purchased_purges":0,"victory":false,"max_hp_per_floor":[70,70,70,70,70,70,70,70,70,70,70,70,70,70,70,70,70,70,70,70,70,70,70],"card_choices":[{"not_picked":["Outmaneuver","Acrobatics"],"picked":"Infinite Blades","floor":1},{"not_picked":["Slice","Distraction"],"picked":"Accuracy","floor":5},{"not_picked":["Sucker Punch","Dagger Spray"],"picked":"Terror","floor":6},{"not_picked":["Distraction","Prepared"],"picked":"Flying Knee","floor":8},{"not_picked":["PiercingWail","Distraction"],"picked":"Choke","floor":10},{"not_picked":["Bouncing Flask","Flying Knee"],"picked":"Finisher","floor":12},{"not_picked":["Catalyst","Predator"],"picked":"Slice","floor":13},{"not_picked":["Concentrate","Well Laid Plans"],"picked":"Caltrops","floor":14},{"not_picked":["Unload","Night Terror"],"picked":"Envenom","floor":16},{"not_picked":["Bane","Choke"],"picked":"Cloak And Dagger","floor":18},{"not_picked":["Dodge and Roll","Quick Slash"],"picked":"Escape Plan","floor":20},{"not_picked":["Dagger Spray","Choke"],"picked":"Acrobatics","floor":21},{"not_picked":["Underhanded Strike","Setup"],"picked":"Prepared+1","floor":22}],"player_experience":125933,"relics_obtained":[{"floor":8,"key":"Odd Mushroom"},{"floor":9,"key":"Ornamental Fan"}],"event_choices":[{"event_name":"Golden Wing","player_choice":"Card Removal","floor":3,"damage_taken":0},{"event_name":"Shining Light","player_choice":"Entered Light","floor":4,"damage_taken":0},{"event_name":"Mushrooms","player_choice":"Fought Mushrooms","floor":8,"damage_taken":0},{"event_name":"Ghosts","player_choice":"Ignored","floor":19,"damage_taken":0}],"is_beta":false,"boss_relics":[{"not_picked":["White Beast Statue","Tiny House"],"picked":"Sozu"}],"items_purged_floors":[],"is_endless":false,"potions_floor_spawned":[1,5,8,14,18],"killed_by":"Chosen and Byrds","ascension_level":0}