{"path_per_floor":["M","?","M","?","M","E","R","M","T","M","E","M","M","M","R","B",null,"M","?","M"],"character_chosen":"IRONCLAD","items_purchased":[],"gold_per_floor":[110,285,296,246,264,299,299,317,399,418,450,460,476,491,491,593,593,606,606,617],"floor_reached":21,"campfire_rested":2,"playtime":1218,"current_hp_per_floor":[80,80,80,80,75,32,56,53,53,48,27,27,19,22,49,15,95,36,36,27],"items_purged":[],"gold":617,"score":220,"play_id":"5d738505-d5e4-47e0-97f4-35f582aa50be","is_prod":false,"is_daily":false,"is_ascension_mode":false,"campfire_upgraded":0,"path_taken":["M","?","M","?","M","E","R","M","T","?","E","M","M","M","R","BOSS","M","?","M","M"],"build_version":"2018-02-22-PROD2","purchased_purges":0,"victory":false,"master_deck":["Strike_R","Strike_R","Strike_R","Strike_R","Strike_R","Defend_R","Defend_R","Defend_R","Bash","Warcry","Pommel Strike","Battle Trance","Combust","Feed","Rampage","Seeing Red","Pommel Strike","Combust","Demon Form","Clash+1","Armaments"],"max_hp_per_floor":[80,80,80,80,80,80,80,80,80,83,86,86,89,92,92,95,95,95,95,95],"relics":["Burning Blood","Bag of Preparation","Letter Opener","Omamori","Eternal Feather"],"card_choices":[{"not_picked":["Power Through","Clothesline"],"picked":"Warcry"},{"not_picked":["Infernal Blade","Metallicize"],"picked":"Pommel Strike"},{"not_picked":["Clash","Iron Wave"],"picked":"Battle Trance"},{"not_picked":["Warcry","Wild Strike"],"picked":"Combust"},{"not_picked":["Perfected Strike","Warcry"],"picked":"Feed"},{"not_picked":["Uppercut","Inflame"],"picked":"Rampage"},{"not_picked":["Clothesline","Evolve"],"picked":"Seeing Red"},{"not_picked":["Armaments","Body Slam"],"picked":"Pommel Strike"},{"not_picked":["Body Slam","Flex"],"picked":"Combust"},{"not_picked":["Juggernaut","Offering"],"picked":"Demon Form"},{"not_picked":["Feel No Pain","Evolve"],"picked":"Clash"},{"not_picked":["Iron Wave","Infernal Blade"],"picked":"Armaments"}],"player_experience":19670,"potions_floor_usage":[6,16,16,16],"damage_taken":[{"damage":0,"enemies":"Small Slimes","floor":1,"turns":3},{"damage":5,"enemies":"2 Louse","floor":3,"turns":2},{"damage":11,"enemies":"Jaw Worm","floor":5,"turns":2},{"damage":49,"enemies":"Lagavulin","floor":6,"turns":8},{"damage":9,"enemies":"2 Fungi Beasts","floor":8,"turns":3},{"damage":14,"enemies":"Blue Slaver","floor":10,"turns":3},{"damage":30,"enemies":"Gremlin Nob","floor":11,"turns":4},{"damage":6,"enemies":"Red Slaver","floor":12,"turns":3},{"damage":17,"enemies":"3 Louse","floor":13,"turns":3},{"damage":6,"enemies":"Lots of Slimes","floor":14,"turns":2},{"damage":43,"enemies":"Slime Boss","floor":16,"turns":7},{"damage":65,"enemies":"3 Byrds","floor":18,"turns":5},{"damage":15,"enemies":"Spheric Guardian","floor":20,"turns":3},{"damage":22,"enemies":"Centurion and Healer","floor":21,"turns":3}],"event_choices":[{"event_name":"Liars Game","player_choice":"agreed","floor":2,"damage_taken":0},{"event_name":"The Cleric","player_choice":"Card Removal","floor":4,"damage_taken":0},{"event_name":"Bonfire Elementals","player_choice":"BASIC","floor":19,"damage_taken":0}],"boss_relics":[{"not_picked":["Calling Bell","Velvet Choker"],"picked":"Eternal Feather"}],"potions_floor_spawned":[3,8,10,11,14],"seed_played":"-7363424289985000306","killed_by":"Centurion and Healer","ascension_level":0,"is_trial":false}