{"path_per_floor":["M","$","?","$","?","E","?","$","T","M","M","R","$","M","R","B",null,"M","?","?","?","M","R","$","M","T"],"character_chosen":"THE_SILENT","items_purchased":["Caltrops","Prepared","After Image","Cloak And Dagger","Cloak And Dagger"],"gold_per_floor":[109,25,200,9,9,36,36,36,36,50,68,68,17,27,27,131,131,141,141,141,41,57,57,57,69,69,69],"floor_reached":27,"campfire_rested":1,"playtime":958,"current_hp_per_floor":[70,70,70,70,70,70,70,70,70,70,70,70,70,70,70,66,69,63,63,50,50,30,52,52,30,30,0],"items_purged":["Doubt"],"gold":69,"score":319,"play_id":"54152319-29a5-4307-b57b-976a4c9c19de","local_time":"20180406174923","is_prod":false,"is_daily":false,"is_ascension_mode":true,"campfire_upgraded":2,"timestamp":1523051363,"path_taken":["M","$","?","$","?","E","?","?","T","?","M","R","$","M","R","BOSS","M","?","?","?","M","R","$","M","T","M"],"build_version":"2018-04-05v2","purchased_purges":1,"victory":false,"master_deck":["Defend_G","Defend_G","Defend_G","Defend_G","Defend_G","Strike_G","Strike_G","Strike_G","Strike_G","Strike_G","Survivor","Neutralize","Skewer+1","Caltrops","Prepared","After Image","Cloak And Dagger","Flash of Steel","Adrenaline+1","Skewer","Cloak And Dagger","Prepared","Cloak And Dagger","Dash","A Thousand Cuts","Backflip","J.A.X.","Skewer","Cloak And Dagger+1"],"max_hp_per_floor":[70,70,70,70,70,70,70,70,70,70,70,70,70,70,70,70,70,70,70,75,75,75,75,75,75,75,75],"relics":["Ring of the Snake","NeowsBlessing","Gremlin Horn","Pen Nib","Runic Dome","Torii"],"card_choices":[{"not_picked":["Expertise","Backflip"],"picked":"Skewer","floor":1.0},{"not_picked":["Sucker Punch","Blade Dance"],"picked":"Skewer","floor":6.0},{"not_picked":["Slice","Bane"],"picked":"Cloak And Dagger","floor":10.0},{"not_picked":["Quick Slash","Bane"],"picked":"Prepared","floor":11.0},{"not_picked":["Blade Dance","Backflip"],"picked":"Dash","floor":14.0},{"not_picked":["Envenom","Tactician"],"picked":"A Thousand Cuts","floor":16},{"not_picked":["Bane","Deflect"],"picked":"Backflip","floor":18},{"not_picked":["Bouncing Flask","Poisoned Stab"],"picked":"Skewer","floor":22},{"not_picked":["Crippling Poison","Slice"],"picked":"Cloak And Dagger","floor":25}],"player_experience":405125,"potions_floor_usage":[16],"damage_taken":[{"damage":0.0,"enemies":"Cultist","floor":1.0,"turns":1.0},{"damage":0.0,"enemies":"3 Sentries","floor":6.0,"turns":1.0},{"damage":0.0,"enemies":"2 Louse","floor":10.0,"turns":1.0},{"damage":0.0,"enemies":"Jaw Worm","floor":11.0,"turns":3.0},{"damage":0.0,"enemies":"Blue Slaver","floor":14.0,"turns":4.0},{"damage":4,"enemies":"The Guardian","floor":16,"turns":8},{"damage":6,"enemies":"2 Thieves","floor":18,"turns":4},{"damage":20,"enemies":"Shell Parasite","floor":22,"turns":6},{"damage":22,"enemies":"Snecko","floor":25,"turns":5},{"damage":34,"enemies":"Slaver and Parasite","floor":27,"turns":2}],"event_choices":[{"event_name":"Liars Game","player_choice":"agreed","floor":3.0,"damage_taken":0.0},{"event_name":"Match and Keep!","player_choice":"2 cards matched","floor":5.0,"damage_taken":0.0},{"event_name":"The Cleric","player_choice":"Leave","floor":7.0,"damage_taken":0.0},{"event_name":"Vampires","player_choice":"Ignored","floor":19,"damage_taken":0},{"event_name":"Forgotten Altar","player_choice":"Shed Blood","floor":20,"damage_taken":0},{"event_name":"Drug Dealer","player_choice":"Got JAXXED","floor":21,"damage_taken":0}],"boss_relics":[{"not_picked":["Orrery","Calling Bell"],"picked":"Runic Dome"}],"potions_floor_spawned":[1,6,25],"seed_played":"-4666624152179714790","killed_by":"Slaver and Parasite","ascension_level":5,"is_trial":false}