{"gold_per_floor":[110,129,143,161,161,161,190,190,190,190,206,235,247,247,247,368,368,337,358,358,358,25,25,56,75,152,152,0,0,0],"floor_reached":30,"playtime":3022,"items_purged":[],"score":400,"play_id":"3805b718-cdc6-4991-9fa0-1d770ed1430d","local_time":"20190204113724","is_ascension_mode":true,"campfire_choices":[{"data":"Distraction","floor":6,"key":"SMITH"},{"data":"Deadly Poison","floor":8,"key":"SMITH"},{"floor":10,"key":"REST"},{"data":"Leg Sweep","floor":15,"key":"SMITH"},{"floor":23,"key":"REST"}],"neow_cost":"NONE","seed_source_timestamp":1325630232206156,"circlet_count":0,"master_deck":["AscendersBane","Defend_G","Defend_G","Defend_G","Defend_G","Defend_G","Strike_G","Survivor","Neutralize","Crippling Poison","After Image+1","Distraction+1","Deflect","Acrobatics","Slice","PiercingWail","Deadly Poison+1","Leg Sweep+1","Catalyst","Unload","Injury","Tools of the Trade","Deflect+1","Footwork","Cloak And Dagger","Quick Slash","Infinite Blades","Leg Sweep"],"relics":["Orrery","Lantern","Bronze Scales","Mummified Hand","Golden Idol","Empty Cage","Paper Crane","Kunai","Tiny Chest","Sundial"],"potions_floor_usage":[4,7,12,20,24,30],"damage_taken":[{"damage":5,"enemies":"Jaw Worm","floor":1,"turns":6},{"damage":2,"enemies":"Small Slimes","floor":2,"turns":5},{"damage":1,"enemies":"2 Louse","floor":3,"turns":3},{"damage":0,"enemies":"Large Slime","floor":4,"turns":10},{"damage":12,"enemies":"3 Sentries","floor":7,"turns":8},{"damage":2,"enemies":"Blue Slaver","floor":11,"turns":4},{"damage":4,"enemies":"Lagavulin","floor":12,"turns":8},{"damage":7,"enemies":"Looter","floor":13,"turns":2},{"damage":17,"enemies":"Hexaghost","floor":16,"turns":12},{"damage":18,"enemies":"2 Thieves","floor":18,"turns":5},{"damage":5,"enemies":"Spheric Guardian","floor":19,"turns":7},{"damage":6,"enemies":"Colosseum Slavers","floor":20,"turns":7},{"damage":45,"enemies":"Gremlin Leader","floor":24,"turns":8},{"damage":2,"enemies":"Snake Plant","floor":25,"turns":5},{"damage":6,"enemies":"Cultist and Chosen","floor":30,"turns":5}],"seed_played":"-4588154326605934870","potions_obtained":[{"floor":2,"key":"PowerPotion"},{"floor":3,"key":"Dexterity Potion"},{"floor":7,"key":"GhostInAJar"},{"floor":11,"key":"EssenceOfSteel"},{"floor":19,"key":"Ancient Potion"},{"floor":24,"key":"Fire Potion"},{"floor":25,"key":"FearPotion"}],"is_trial":false,"path_per_floor":["M","M","M","M","?","R","E","R","T","R","M","E","M","?","R","B",null,"M","M","?","?","$","R","E","M","T","T","?","$","M"],"character_chosen":"THE_SILENT","items_purchased":["Paper Crane","Infinite Blades"],"campfire_rested":2,"item_purchase_floors":[22,22],"current_hp_per_floor":[58,56,55,55,55,55,43,43,43,64,62,58,51,51,51,34,61,43,38,32,32,32,53,8,6,6,6,6,6,0],"gold":0,"neow_bonus":"BOSS_RELIC","is_prod":false,"is_daily":false,"chose_seed":false,"campfire_upgraded":3,"win_rate":0,"timestamp":1549298244,"path_taken":["M","M","M","M","?","R","E","R","T","R","M","E","M","?","R","BOSS","M","M","?","?","$","R","E","M","T","?","?","?","M"],"build_version":"2019-01-23","purchased_purges":0,"victory":false,"max_hp_per_floor":[70,70,70,70,70,70,70,70,70,70,70,70,70,70,70,70,70,70,70,70,70,70,70,70,70,70,70,70,70,70],"card_choices":[{"not_picked":["Flying Knee","Prepared"],"picked":"Crippling Poison","floor":0},{"not_picked":["Dagger Throw","Prepared"],"picked":"After Image","floor":0},{"not_picked":["Blade Dance","All Out Attack"],"picked":"Distraction","floor":0},{"not_picked":["Eviscerate","Outmaneuver"],"picked":"Deflect","floor":0},{"not_picked":["Prepared","Bane"],"picked":"Acrobatics","floor":0},{"not_picked":["Sucker Punch","Acrobatics"],"picked":"Slice","floor":1},{"not_picked":["Masterful Stab","Quick Slash"],"picked":"PiercingWail","floor":2},{"not_picked":["Die Die Die","Calculated Gamble"],"picked":"Deadly Poison","floor":3},{"not_picked":["Flechettes","Flying Knee"],"picked":"Leg Sweep","floor":4},{"not_picked":["Backflip","Reflex"],"picked":"Catalyst","floor":7},{"not_picked":["Slice","Underhanded Strike","Flying Knee"],"picked":"SKIP","floor":11},{"not_picked":["Quick Slash","Choke"],"picked":"Unload","floor":12},{"not_picked":["Setup","Quick Slash","Poisoned Stab"],"picked":"SKIP","floor":13},{"not_picked":["Grand Finale","Phantasmal Killer"],"picked":"Tools of the Trade","floor":16},{"not_picked":["Heel Hook","Quick Slash"],"picked":"Deflect+1","floor":18},{"not_picked":["Blade Dance","Choke+1"],"picked":"Footwork","floor":19},{"not_picked":["Acrobatics+1","Predator","Setup"],"picked":"SKIP","floor":24},{"not_picked":["Dagger Spray","PiercingWail+1"],"picked":"Leg Sweep","floor":25}],"player_experience":1104758,"relics_obtained":[{"floor":7,"key":"Lantern"},{"floor":9,"key":"Bronze Scales"},{"floor":12,"key":"Mummified Hand"},{"floor":24,"key":"Kunai"},{"floor":26,"key":"Tiny Chest"},{"floor":27,"key":"Sundial"}],"event_choices":[{"damage_healed":0,"gold_gain":0,"player_choice":"Grow","damage_taken":0,"max_hp_gain":0,"max_hp_loss":0,"event_name":"Living Wall","floor":5,"gold_loss":0,"cards_upgraded":["After Image"]},{"damage_healed":0,"gold_gain":0,"player_choice":"Take Wound","damage_taken":0,"relics_obtained":["Golden Idol"],"max_hp_gain":0,"max_hp_loss":0,"event_name":"Golden Idol","floor":14,"gold_loss":0,"cards_obtained":["Injury"]},{"damage_healed":0,"gold_gain":0,"player_choice":"Fight","damage_taken":0,"max_hp_gain":0,"max_hp_loss":0,"event_name":"Colosseum","floor":20,"gold_loss":0},{"damage_healed":0,"gold_gain":0,"player_choice":"Fled From Nobs","damage_taken":0,"max_hp_gain":0,"max_hp_loss":0,"event_name":"Colosseum","floor":20,"gold_loss":0},{"damage_healed":0,"gold_gain":0,"cards_transformed":["Strike_G","Strike_G"],"player_choice":"Became Test Subject","damage_taken":0,"max_hp_gain":0,"max_hp_loss":0,"event_name":"Drug Dealer","floor":21,"gold_loss":0,"cards_obtained":["Cloak And Dagger","Quick Slash"]},{"damage_healed":0,"gold_gain":0,"player_choice":"Paid Fearfully","damage_taken":0,"max_hp_gain":0,"max_hp_loss":0,"event_name":"Masked Bandits","floor":28,"gold_loss":152}],"is_beta":false,"boss_relics":[{"not_picked":["Ectoplasm","Velvet Choker"],"picked":"Empty Cage"}],"items_purged_floors":[],"is_endless":false,"potions_floor_spawned":[2,3,7,11,19,24,25],"killed_by":"Cultist and Chosen","ascension_level":11}