{"gold_per_floor":[117,42,42,61,61,73,73,107,107,126,126,126,57,76,76,178,178,196,216,216],"floor_reached":20,"playtime":1634,"items_purged":["Strike_B"],"score":209,"play_id":"29b76329-f6b8-423c-b8b1-1df2b7237f3d","local_time":"20181112213818","is_ascension_mode":true,"campfire_choices":[{"data":"Beam Cell","floor":7,"key":"SMITH"},{"floor":12,"key":"REST"},{"floor":15,"key":"REST"}],"neow_cost":"NONE","seed_source_timestamp":784103122638732,"circlet_count":0,"master_deck":["Strike_B","Strike_B","Defend_B","Defend_B","Defend_B","Zap","Dualcast","Reboot","Reinforced Body","Beam Cell+1","Gash","BootSequence","Streamline","Thunder Strike","Capacitor","Seek","Barrage","Gash","Stack","White Noise","All For One"],"relics":["Cracked Core","Pocketwatch","Bird Faced Urn","Orrery"],"potions_floor_usage":[14,20],"damage_taken":[{"damage":7,"enemies":"Jaw Worm","floor":1,"turns":3},{"damage":0,"enemies":"Cultist","floor":4,"turns":3},{"damage":0,"enemies":"2 Louse","floor":6,"turns":2},{"damage":32,"enemies":"Gremlin Nob","floor":8,"turns":5},{"damage":15,"enemies":"Gremlin Gang","floor":10,"turns":5},{"damage":4,"enemies":"Exordium Thugs","floor":14,"turns":4},{"damage":26,"enemies":"The Guardian","floor":16,"turns":11},{"damage":26,"enemies":"Spheric Guardian","floor":18,"turns":4},{"damage":34,"enemies":"2 Thieves","floor":19,"turns":4},{"damage":28,"enemies":"Sentry and Sphere","floor":20,"turns":5}],"seed_played":"-600311817894133397","potions_obtained":[{"floor":1,"key":"SpeedPotion"},{"floor":8,"key":"Block Potion"},{"floor":10,"key":"GamblersBrew"},{"floor":19,"key":"Block Potion"}],"is_trial":false,"path_per_floor":["M","$","?","M","?","M","R","E","T","M","?","R","$","M","R","B",null,"M","M","M"],"character_chosen":"DEFECT","items_purchased":["Thunder Strike"],"campfire_rested":2,"item_purchase_floors":[13],"current_hp_per_floor":[68,68,61,61,61,61,61,29,29,14,7,29,29,25,47,23,75,53,21,0],"gold":216,"neow_bonus":"ONE_RANDOM_RARE_CARD","is_prod":false,"is_daily":false,"chose_seed":false,"campfire_upgraded":1,"win_rate":0,"timestamp":1542076698,"path_taken":["M","$","?","M","?","?","R","E","T","M","?","R","$","M","R","BOSS","M","M","?"],"build_version":"2018-11-08","purchased_purges":1,"victory":false,"max_hp_per_floor":[75,75,75,75,75,75,75,75,75,75,75,75,75,75,75,75,75,75,75,75],"card_choices":[{"not_picked":["Skim","Leap"],"picked":"Reinforced Body","floor":1},{"not_picked":["Sweeping Beam","FTL"],"picked":"Beam Cell","floor":4},{"not_picked":["Redo","Hologram"],"picked":"Gash","floor":6},{"not_picked":["Recycle","Cold Snap"],"picked":"BootSequence","floor":8},{"not_picked":["Leap","Redo"],"picked":"Streamline","floor":10},{"not_picked":["Lockon","Conserve Battery"],"picked":"Capacitor","floor":14},{"not_picked":["Buffer","Rainbow"],"picked":"Seek","floor":16},{"not_picked":["Cold Snap","Steam"],"picked":"Barrage","floor":17},{"not_picked":["Rebound","Doom and Gloom"],"picked":"Gash","floor":17},{"not_picked":["Compile Driver","Barrage"],"picked":"Stack","floor":17},{"not_picked":["Reinforced Body","Go for the Eyes"],"picked":"White Noise","floor":17},{"not_picked":["Rip and Tear","Self Repair"],"picked":"All For One","floor":18},{"not_picked":["Rebound","Leap","Darkness"],"picked":"SKIP","floor":19}],"player_experience":803827,"relics_obtained":[{"floor":8,"key":"Pocketwatch"},{"floor":9,"key":"Bird Faced Urn"}],"event_choices":[{"cards_removed":["Defend_B"],"damage_healed":0,"gold_gain":0,"player_choice":"Card Removal","damage_taken":7,"max_hp_gain":0,"max_hp_loss":0,"event_name":"Golden Wing","floor":3,"gold_loss":0},{"cards_removed":["Strike_B"],"damage_healed":0,"gold_gain":0,"player_choice":"Offered Basic","damage_taken":0,"max_hp_gain":0,"max_hp_loss":0,"event_name":"Bonfire Elementals","floor":5,"gold_loss":0},{"damage_healed":0,"gold_gain":0,"player_choice":"Damaged","damage_taken":7,"max_hp_gain":0,"max_hp_loss":0,"event_name":"Wheel of Change","floor":11,"gold_loss":0}],"is_beta":false,"boss_relics":[{"not_picked":["Busted Crown","Snecko Eye"],"picked":"Orrery"}],"items_purged_floors":[2],"is_endless":false,"potions_floor_spawned":[1,8,10,19],"killed_by":"Sentry and Sphere","ascension_level":4}