{"gold_per_floor":[110,130,107,107,107,107,138,138,138,151,151,163,163,178,178,276,276,290,290,305,305,19,19,48,48,348,102,102,133,148,181,181,181],"floor_reached":33,"playtime":2221,"items_purged":["Shame","Regret"],"score":490,"play_id":"be4566cf-c4a3-467c-8493-438967595c18","local_time":"20190224152210","is_ascension_mode":true,"campfire_choices":[{"data":"Sweeping Beam","floor":6,"key":"SMITH"},{"floor":11,"key":"REST"},{"floor":15,"key":"REST"},{"data":"Conserve Battery","floor":23,"key":"SMITH"},{"floor":28,"key":"REST"},{"floor":32,"key":"REST"}],"neow_cost":"NONE","seed_source_timestamp":855069735766700,"circlet_count":0,"master_deck":["Defend_B","Defend_B","Defend_B","Defend_B+1","Zap+1","Dualcast+1","Coolheaded","Auto Shields+1","Sweeping Beam+1","Capacitor","Redo","Core Surge","Leap","Electrodynamics+1","Lockon","Bite","Bite","Bite","Bite","Bite","Ball Lightning","Conserve Battery+1","Defragment+1","Tempest+1","Fusion","Consume","White Noise","Self Repair+1","Hologram","BootSequence"],"relics":["Cracked Core","Lantern","Pear","Frozen Egg 2","Bronze Scales","Snecko Eye","Mercury Hourglass","War Paint","Old Coin","DataDisk","Juzu Bracelet"],"potions_floor_usage":[16,16,18,29,30],"damage_taken":[{"damage":1,"enemies":"Cultist","floor":1,"turns":3},{"damage":0,"enemies":"Small Slimes","floor":2,"turns":3},{"damage":18,"enemies":"3 Sentries","floor":7,"turns":9},{"damage":2,"enemies":"Jaw Worm","floor":10,"turns":2},{"damage":2,"enemies":"Blue Slaver","floor":12,"turns":2},{"damage":15,"enemies":"Large Slime","floor":14,"turns":4},{"damage":33,"enemies":"Hexaghost","floor":16,"turns":9},{"damage":3,"enemies":"Chosen","floor":18,"turns":4},{"damage":36,"enemies":"Shell Parasite","floor":20,"turns":8},{"damage":20,"enemies":"Gremlin Leader","floor":24,"turns":3},{"damage":0,"enemies":"Slavers","floor":29,"turns":2},{"damage":20,"enemies":"Centurion and Healer","floor":30,"turns":3},{"damage":14,"enemies":"Book of Stabbing","floor":31,"turns":4},{"damage":88,"enemies":"Collector","floor":33,"turns":7}],"seed_played":"-3495590553759330585","potions_obtained":[{"floor":2,"key":"PowerPotion"},{"floor":14,"key":"LiquidBronze"},{"floor":16,"key":"Fire Potion"},{"floor":18,"key":"Fire Potion"},{"floor":29,"key":"PowerPotion"}],"is_trial":false,"path_per_floor":["M","M","$","?","?","R","E","T","T","M","R","M","?","M","R","B",null,"M","?","M","?","$","R","E","?","T","$","R","E","M","E","R","B"],"character_chosen":"DEFECT","items_purchased":["Sweeping Beam","Conserve Battery","Defragment+1","Tempest","Consume","White Noise"],"campfire_rested":4,"item_purchase_floors":[3,22,22,22,27,27],"current_hp_per_floor":[67,67,67,67,52,52,46,46,46,46,71,71,71,58,83,52,77,76,76,56,56,56,56,44,28,28,28,55,57,39,43,70,0],"gold":181,"neow_bonus":"RANDOM_COMMON_RELIC","is_prod":false,"is_daily":false,"chose_seed":false,"campfire_upgraded":2,"win_rate":0,"timestamp":1551039730,"path_taken":["M","M","?","?","?","R","E","?","T","M","R","M","?","M","R","BOSS","M","?","M","?","$","R","E","?","T","$","R","E","M","E","R","BOSS"],"build_version":"2019-01-23","purchased_purges":2,"victory":false,"max_hp_per_floor":[75,75,75,75,75,75,85,85,85,85,85,85,85,85,85,85,85,85,85,85,85,85,85,85,90,90,90,90,90,90,90,90,90],"card_choices":[{"not_picked":["Steam","Stack"],"picked":"Coolheaded","floor":1},{"not_picked":["Streamline","Hologram"],"picked":"Auto Shields","floor":2},{"not_picked":["Barrage","Steam"],"picked":"Capacitor","floor":7},{"not_picked":["Streamline","Sweeping Beam"],"picked":"Redo","floor":10},{"not_picked":["Static Discharge+1","Redo"],"picked":"Core Surge","floor":12},{"not_picked":["Gash","Streamline"],"picked":"Leap","floor":14},{"not_picked":["Echo Form+1","Fission"],"picked":"Electrodynamics+1","floor":16},{"not_picked":["Force Field","Rebound"],"picked":"Lockon","floor":18},{"not_picked":["Redo","Blizzard"],"picked":"Ball Lightning","floor":20},{"not_picked":["Beam Cell","Rebound"],"picked":"Fusion","floor":24},{"not_picked":["Lockon","Coolheaded+1"],"picked":"Self Repair+1","floor":29},{"not_picked":["Rebound","Leap"],"picked":"Hologram","floor":30},{"not_picked":["Heatsinks+1","Hologram"],"picked":"BootSequence","floor":31}],"player_experience":554354,"relics_obtained":[{"floor":7,"key":"Pear"},{"floor":8,"key":"Frozen Egg 2"},{"floor":9,"key":"Bronze Scales"},{"floor":24,"key":"War Paint"},{"floor":26,"key":"Old Coin"},{"floor":29,"key":"DataDisk"},{"floor":31,"key":"Juzu Bracelet"}],"event_choices":[{"damage_healed":0,"gold_gain":0,"player_choice":"Box","damage_taken":0,"relics_obtained":["Blood Vial"],"max_hp_gain":0,"max_hp_loss":0,"event_name":"Big Fish","floor":4,"gold_loss":0,"cards_obtained":["Regret"]},{"damage_healed":0,"gold_gain":0,"player_choice":"Entered Light","damage_taken":15,"max_hp_gain":0,"max_hp_loss":0,"event_name":"Shining Light","floor":5,"gold_loss":0,"cards_upgraded":["Defend_B","Dualcast"]},{"damage_healed":0,"gold_gain":0,"player_choice":"Grow","damage_taken":0,"max_hp_gain":0,"max_hp_loss":0,"event_name":"Living Wall","floor":13,"gold_loss":0,"cards_upgraded":["Zap"]},{"damage_healed":0,"gold_gain":0,"player_choice":"Became a vampire (Vial)","damage_taken":0,"max_hp_gain":0,"max_hp_loss":0,"event_name":"Vampires","floor":19,"relics_lost":["Blood Vial"],"gold_loss":0,"cards_obtained":["Bite","Bite","Bite","Bite","Bite"]},{"damage_healed":0,"gold_gain":0,"player_choice":"Stole Relic","damage_taken":0,"relics_obtained":["Mercury Hourglass"],"max_hp_gain":0,"max_hp_loss":0,"event_name":"Addict","floor":21,"gold_loss":0,"cards_obtained":["Shame"]},{"damage_healed":0,"gold_gain":0,"player_choice":"Shed Blood","damage_taken":21,"max_hp_gain":5,"max_hp_loss":0,"event_name":"Forgotten Altar","floor":25,"gold_loss":0}],"is_beta":false,"boss_relics":[{"not_picked":["Calling Bell","Tiny House"],"picked":"Snecko Eye"}],"items_purged_floors":[22,27],"is_endless":false,"potions_floor_spawned":[2,14,16,18,29],"killed_by":"Collector","ascension_level":7}