{"gold_per_floor":[368,368,368,387,405,434,450,485,511,332,332,24,38,70,70,70],"floor_reached":16,"playtime":854,"items_purged":[],"score":132,"play_id":"31ea67d5-f5a0-4d4c-bd16-cf682f72d6c4","local_time":"20181230145500","is_ascension_mode":true,"campfire_choices":[{"data":"Spot Weakness","floor":11,"key":"SMITH"},{"data":"1","floor":15,"key":"LIFT"}],"neow_cost":"PERCENT_DAMAGE","seed_source_timestamp":852998816143582,"circlet_count":0,"master_deck":["Strike_R","Strike_R","Strike_R","Strike_R","Strike_R","Defend_R","Defend_R","Defend_R+1","Defend_R","Bash+1","Iron Wave+1","Iron Wave+1","Impervious","Spot Weakness+1","Headbutt+1","Entrench+1","Spot Weakness"],"relics":["Burning Blood","Centennial Puzzle","Dream Catcher","Potion Belt","War Paint","Girya","Whetstone"],"potions_floor_usage":[6,7,16],"damage_taken":[{"damage":0,"enemies":"Small Slimes","floor":1,"turns":3},{"damage":0,"enemies":"Cultist","floor":4,"turns":3},{"damage":0,"enemies":"2 Louse","floor":5,"turns":2},{"damage":27,"enemies":"Lagavulin","floor":6,"turns":8},{"damage":6,"enemies":"Looter","floor":7,"turns":2},{"damage":21,"enemies":"3 Sentries","floor":8,"turns":7},{"damage":11,"enemies":"Exordium Wildlife","floor":13,"turns":5},{"damage":16,"enemies":"Gremlin Nob","floor":14,"turns":5},{"damage":40,"enemies":"Slime Boss","floor":16,"turns":6}],"seed_played":"3459766460132065088","potions_obtained":[{"floor":1,"key":"Energy Potion"},{"floor":6,"key":"Fire Potion"},{"floor":14,"key":"Regen Potion"}],"is_trial":false,"path_per_floor":["M","?","?","M","M","E","M","E","T","$","R","$","M","E","R","B"],"character_chosen":"IRONCLAD","items_purchased":["Entrench","War Paint","Girya"],"campfire_rested":0,"item_purchase_floors":[10,10,12],"current_hp_per_floor":[62,62,62,68,74,53,53,38,38,38,38,38,33,23,23,0],"gold":70,"neow_bonus":"TWO_FIFTY_GOLD","is_prod":false,"is_daily":false,"chose_seed":false,"campfire_upgraded":1,"win_rate":0,"timestamp":1546199700,"path_taken":["M","?","?","M","M","E","M","E","T","$","R","$","?","E","R","BOSS"],"build_version":"2018-12-20","purchased_purges":0,"victory":false,"max_hp_per_floor":[80,80,80,80,80,80,80,80,80,80,80,80,80,80,80,80],"card_choices":[{"not_picked":["Rage","Perfected Strike"],"picked":"Iron Wave","floor":1},{"not_picked":["Body Slam","Armaments"],"picked":"Iron Wave","floor":4},{"not_picked":["Whirlwind","Pommel Strike"],"picked":"Impervious","floor":5},{"not_picked":["Anger","Perfected Strike","True Grit"],"picked":"SKIP","floor":6},{"not_picked":["Perfected Strike","Power Through"],"picked":"Spot Weakness","floor":7},{"not_picked":["Dropkick","Searing Blow"],"picked":"Headbutt","floor":8},{"not_picked":["Wild Strike","Body Slam"],"picked":"Spot Weakness","floor":13},{"not_picked":["Burning Pact","Twin Strike","Second Wind"],"picked":"SKIP","floor":14}],"player_experience":405803,"relics_obtained":[{"floor":6,"key":"Centennial Puzzle"},{"floor":8,"key":"Dream Catcher"},{"floor":9,"key":"Potion Belt"},{"floor":14,"key":"Whetstone"}],"event_choices":[{"damage_healed":0,"gold_gain":0,"player_choice":"Grow","damage_taken":0,"max_hp_gain":0,"max_hp_loss":0,"event_name":"Living Wall","floor":2,"gold_loss":0,"cards_upgraded":["Bash"]},{"damage_healed":0,"gold_gain":0,"player_choice":"Forge","damage_taken":0,"max_hp_gain":0,"max_hp_loss":0,"event_name":"Accursed Blacksmith","floor":3,"gold_loss":0,"cards_upgraded":["Iron Wave"]}],"is_beta":false,"boss_relics":[],"items_purged_floors":[],"is_endless":false,"potions_floor_spawned":[1,6,14],"killed_by":"Slime Boss","ascension_level":2}