{"path_per_floor":["M","$","M","M","?","R","?","$","T","R","E","?","R","M","R","B",null,"M","M","?","M","?","R","M"],"character_chosen":"THE_SILENT","items_purchased":[],"gold_per_floor":[116,41,55,73,73,73,73,73,73,73,408,408,408,421,421,526,526,541,561,561,578,578,578,595,595],"floor_reached":25,"campfire_rested":0,"playtime":1971,"item_purchase_floors":[],"current_hp_per_floor":[63,63,61,61,54,54,47,47,47,47,28,33,33,31,31,9,59,56,30,30,29,29,29,11,0],"items_purged":["Defend_G"],"gold":595,"score":322,"play_id":"2d8835eb-ace3-4ae8-92ca-623d9ae2ce35","local_time":"20180605014918","is_prod":false,"is_daily":false,"chose_seed":false,"is_ascension_mode":true,"campfire_upgraded":5,"win_rate":0,"timestamp":1528130958,"campfire_choices":[{"data":"Neutralize","floor":6,"key":"SMITH"},{"data":"Cloak And Dagger","floor":10,"key":"SMITH"},{"data":"Survivor","floor":13,"key":"SMITH"},{"data":"Well Laid Plans","floor":15,"key":"SMITH"},{"data":"Envenom","floor":23,"key":"SMITH"}],"path_taken":["M","$","M","M","?","R","?","?","T","R","E","?","R","M","R","BOSS","M","M","?","?","?","R","M","?"],"build_version":"2018-05-31","seed_source_timestamp":1051370950363349,"purchased_purges":1,"victory":false,"master_deck":["Defend_G","Defend_G","Defend_G","Strike_G","Strike_G","Strike_G","Strike_G","Strike_G","Survivor+1","Neutralize+1","AscendersBane","Cloak And Dagger+1","Escape Plan","Well Laid Plans+1","Envenom+1","Writhe","Bane+1"],"max_hp_per_floor":[70,70,70,70,70,70,70,70,70,70,70,75,75,75,75,75,75,75,75,75,75,75,75,75,75],"relics":["Ring of the Snake","Snake Skull","Ornamental Fan","Old Coin","Sozu","Pen Nib"],"card_choices":[{"not_picked":["Outmaneuver","Deadly Poison"],"picked":"Cloak And Dagger","floor":0},{"not_picked":["Calculated Gamble","Concentrate","Acrobatics"],"picked":"SKIP","floor":1},{"not_picked":["PiercingWail","Deflect","Dodge and Roll"],"picked":"SKIP","floor":3},{"not_picked":["Setup","Concentrate"],"picked":"Escape Plan","floor":4},{"not_picked":["Bouncing Flask","Caltrops","Flechettes"],"picked":"SKIP","floor":11},{"not_picked":["Quick Slash","Outmaneuver"],"picked":"Well Laid Plans","floor":14},{"not_picked":["Burst","Grand Finale"],"picked":"Envenom","floor":16},{"not_picked":["Prepared","Flechettes","Poisoned Stab"],"picked":"SKIP","floor":18},{"not_picked":["Flying Knee","Slice","Deflect"],"picked":"SKIP","floor":19},{"not_picked":["Outmaneuver","Riddle With Holes","Deadly Poison"],"picked":"SKIP","floor":21},{"not_picked":["Deflect","Bane+1","Prepared"],"picked":"SKIP","floor":24},{"not_picked":["Deflect","Prepared"],"picked":"Bane+1","floor":24}],"player_experience":772821,"potions_floor_usage":[11,21],"damage_taken":[{"damage":0,"enemies":"Cultist","floor":1,"turns":4},{"damage":2,"enemies":"2 Louse","floor":3,"turns":3},{"damage":0,"enemies":"Small Slimes","floor":4,"turns":5},{"damage":29,"enemies":"Gremlin Nob","floor":11,"turns":6},{"damage":2,"enemies":"Exordium Wildlife","floor":14,"turns":4},{"damage":22,"enemies":"The Guardian","floor":16,"turns":19},{"damage":3,"enemies":"Shell Parasite","floor":18,"turns":7},{"damage":26,"enemies":"Spheric Guardian","floor":19,"turns":6},{"damage":11,"enemies":"Centurion and Healer","floor":21,"turns":7},{"damage":18,"enemies":"3 Cultists","floor":24,"turns":6},{"damage":11,"enemies":"Cultist and Chosen","floor":25,"turns":2}],"relics_obtained":[{"floor":9,"key":"Ornamental Fan"},{"floor":11,"key":"Old Coin"}],"event_choices":[{"event_name":"Scrap Ooze","player_choice":"success","floor":5,"damage_taken":7},{"event_name":"Golden Wing","player_choice":"Card Removal","floor":7,"damage_taken":0},{"event_name":"Big Fish","player_choice":"Donut","floor":12,"damage_taken":0},{"event_name":"The Lab","player_choice":"Got Potions","floor":20,"damage_taken":0},{"event_name":"The Mausoleum","player_choice":"Yes","floor":22,"damage_taken":0}],"boss_relics":[{"not_picked":["Philosopher\u0027s Stone","Orrery"],"picked":"Sozu"}],"items_purged_floors":[2],"potions_floor_spawned":[1,11,18],"seed_played":"2184806708507374813","killed_by":"Cultist and Chosen","ascension_level":12,"potions_obtained":[{"floor":1,"key":"Regen Potion"},{"floor":11,"key":"Regen Potion"}],"is_trial":false}