{"path_per_floor":["M","M","?","?","M","M","?","R","T","M","E","?","$","M","R","B",null,"M","M","M","?","?","?"],"character_chosen":"IRONCLAD","items_purchased":["Impervious"],"gold_per_floor":[118,135,135,135,145,161,161,161,161,181,214,214,69,82,82,180,180,200,215,225,225,225,225],"floor_reached":24,"campfire_rested":1,"playtime":677,"current_hp_per_floor":[78,80,80,80,80,74,74,74,74,70,59,59,59,65,86,79,84,83,82,70,70,90,90],"items_purged":[],"gold":225,"score":267,"play_id":"448bb3d2-00b8-4c1c-9d69-f31fe9de21e3","local_time":"20180309190145","is_prod":false,"is_daily":false,"is_ascension_mode":true,"campfire_upgraded":1,"timestamp":1520643705,"path_taken":["M","M","?","?","M","M","?","R","T","?","E","?","?","M","R","BOSS","M","M","M","?","?","?","E"],"build_version":"2018-03-09","purchased_purges":0,"victory":false,"master_deck":["Strike_R+1","Strike_R+1","Strike_R+1","Strike_R+1","Strike_R+1","Defend_R+1","Defend_R+1","Defend_R+1","Defend_R+1","Bash","Battle Trance","Pommel Strike+1","Cleave","Impervious","Bludgeon","Headbutt+1","Writhe"],"max_hp_per_floor":[80,80,80,80,80,82,82,82,82,84,84,84,84,86,86,86,86,88,88,90,90,90,90],"relics":["Black Blood","NeowsBlessing","Singing Bowl","Peace Pipe","Anchor","Juzu Bracelet"],"card_choices":[{"not_picked":["Power Through","Wild Strike"],"picked":"Battle Trance"},{"not_picked":["Fire Breathing","Infernal Blade"],"picked":"Pommel Strike"},{"not_picked":["Second Wind","Armaments"],"picked":"Cleave"},{"not_picked":["Exhume","Brutality"],"picked":"Bludgeon"},{"not_picked":["Rage","Burning Pact"],"picked":"Headbutt"}],"player_experience":302302,"potions_floor_usage":[11,11,16,18,20],"damage_taken":[{"damage":0,"enemies":"2 Louse","floor":1,"turns":1},{"damage":0,"enemies":"Cultist","floor":2,"turns":1},{"damage":0,"enemies":"Jaw Worm","floor":5,"turns":1},{"damage":14,"enemies":"Blue Slaver","floor":6,"turns":5},{"damage":12,"enemies":"Looter","floor":10,"turns":3},{"damage":17,"enemies":"3 Sentries","floor":11,"turns":7},{"damage":2,"enemies":"Lots of Slimes","floor":14,"turns":4},{"damage":13,"enemies":"Slime Boss","floor":16,"turns":10},{"damage":13,"enemies":"Chosen","floor":18,"turns":4},{"damage":11,"enemies":"Spheric Guardian","floor":19,"turns":3},{"damage":24,"enemies":"Snake Plant","floor":20,"turns":6},{"damage":101,"enemies":"Gremlin Leader","floor":24,"turns":8}],"event_choices":[{"event_name":"Accursed Blacksmith","player_choice":"Rummage","floor":3,"damage_taken":0},{"event_name":"Living Wall","player_choice":"Forget","floor":4,"damage_taken":0},{"event_name":"Liars Game","player_choice":"disagreed","floor":7,"damage_taken":0},{"event_name":"The Lab","player_choice":"Got Potions","floor":12,"damage_taken":0},{"event_name":"The Mausoleum","player_choice":"Yes","floor":21,"damage_taken":0},{"event_name":"The Library","player_choice":"Heal","floor":22,"damage_taken":0},{"event_name":"Back to Basics","player_choice":"Simplicity","floor":23,"damage_taken":0}],"boss_relics":[{"not_picked":["Eternal Feather","Black Star"],"picked":"Black Blood"}],"potions_floor_spawned":[1,2,6,16,18,19],"seed_played":"7038647506215261409","killed_by":"Gremlin Leader","ascension_level":7,"is_trial":false}