{"gold_per_floor":[117,3,3,19,19,19,19,52,52,3,3,3,103,117,117,220,220,238,258,258],"floor_reached":20,"playtime":494,"items_purged":[],"score":244,"play_id":"f749b357-fd5f-45ef-992b-8ae651e68acf","local_time":"20181204041839","is_ascension_mode":true,"campfire_choices":[{"data":"Zap","floor":6.0,"key":"SMITH"},{"data":"Genetic Algorithm","floor":11.0,"key":"SMITH"},{"data":"Loop","floor":15.0,"key":"SMITH"}],"neow_cost":"NONE","seed_source_timestamp":1731488228184809,"circlet_count":0,"master_deck":["Strike_B","Strike_B","Strike_B","Strike_B","Defend_B","Defend_B+1","Defend_B","Defend_B","Zap+1","Dualcast","Gash+1","Genetic Algorithm+1","Defragment+1","Conserve Battery","BootSequence","Beam Cell","Loop+1","Thunder Strike","Gash","Gash"],"special_seed":0,"relics":["Cracked Core","NeowsBlessing","Happy Flower","Pantograph","Pear","Cursed Key"],"potions_floor_usage":[20],"damage_taken":[{"damage":0.0,"enemies":"Small Slimes","floor":1.0,"turns":1.0},{"damage":0.0,"enemies":"2 Louse","floor":4.0,"turns":1.0},{"damage":0.0,"enemies":"3 Sentries","floor":8.0,"turns":2.0},{"damage":0.0,"enemies":"Jaw Worm","floor":14.0,"turns":2.0},{"damage":48.0,"enemies":"Hexaghost","floor":16.0,"turns":8.0},{"damage":41,"enemies":"2 Thieves","floor":18,"turns":4},{"damage":11,"enemies":"Spheric Guardian","floor":19,"turns":4},{"damage":28,"enemies":"Snake Plant","floor":20,"turns":3}],"seed_played":"4355223948456541625","potions_obtained":[{"floor":1.0,"key":"LiquidBronze"},{"floor":4.0,"key":"FearPotion"},{"floor":16.0,"key":"LiquidBronze"}],"is_trial":false,"path_per_floor":["M","$","?","M","$","R","?","E","T","$","R","T","?","M","R","B",null,"M","M","M"],"character_chosen":"DEFECT","items_purchased":["Genetic Algorithm","Defragment","Beam Cell"],"campfire_rested":0,"item_purchase_floors":[2,2,10],"current_hp_per_floor":[75,75,75,75,75,75,60,60,60,60,60,70,70,70,70,37,73,32,21,0],"gold":258,"neow_bonus":"THREE_ENEMY_KILL","is_prod":false,"is_daily":false,"chose_seed":false,"campfire_upgraded":3,"win_rate":0,"timestamp":1543915119,"path_taken":["M","$","?","M","$","R","?","E","T","$","R","?","?","M","R","BOSS","M","M","M"],"build_version":"2018-11-15","purchased_purges":0,"victory":false,"max_hp_per_floor":[75,75,75,75,75,75,75,75,75,75,75,85,85,85,85,85,85,85,85,85],"card_choices":[{"not_picked":["Reprogram","Sweeping Beam"],"picked":"Gash","floor":1.0},{"not_picked":["Stack","Leap"],"picked":"Conserve Battery","floor":4.0},{"not_picked":["Rip and Tear","Fusion"],"picked":"BootSequence","floor":8.0},{"not_picked":["Sunder","Compile Driver"],"picked":"Loop","floor":14.0},{"not_picked":["Reboot","Multi-Cast"],"picked":"Thunder Strike","floor":16.0},{"not_picked":["Recycle","Beam Cell"],"picked":"Gash","floor":18},{"not_picked":["Go for the Eyes+1","Streamline"],"picked":"Gash","floor":19}],"player_experience":868072,"relics_obtained":[{"floor":8.0,"key":"Happy Flower"},{"floor":9.0,"key":"Pantograph"},{"floor":12.0,"key":"Pear"}],"event_choices":[{"damage_healed":0.0,"max_hp_gain":0.0,"max_hp_loss":0.0,"gold_gain":0.0,"event_name":"Living Wall","player_choice":"Grow","floor":3.0,"gold_loss":0.0,"damage_taken":0.0,"cards_upgraded":["Defragment"]},{"damage_healed":0.0,"max_hp_gain":0.0,"max_hp_loss":0.0,"gold_gain":0.0,"event_name":"Shining Light","player_choice":"Entered Light","floor":7.0,"gold_loss":0.0,"damage_taken":15.0,"cards_upgraded":["Gash","Defend_B"]},{"damage_healed":0.0,"max_hp_gain":0.0,"max_hp_loss":0.0,"gold_gain":100.0,"event_name":"Golden Shrine","player_choice":"Pray","floor":13.0,"gold_loss":0.0,"damage_taken":0.0}],"is_beta":false,"boss_relics":[{"not_picked":["Empty Cage","Eternal Feather"],"picked":"Cursed Key"}],"items_purged_floors":[],"is_endless":false,"potions_floor_spawned":[1,4,16],"killed_by":"Snake Plant","ascension_level":5}