{"gold_per_floor":[115,115,129,129,148,148,177,177,177,203,168,168,168,67,67,67],"floor_reached":16,"playtime":1281,"items_purged":["Strike_B"],"score":164,"play_id":"af48afaf-6782-4449-a41a-17e0887dd90b","local_time":"20190209204850","is_ascension_mode":true,"campfire_choices":[{"data":"Zap","floor":6,"key":"SMITH"},{"floor":8,"key":"REST"},{"data":"Loop","floor":12,"key":"SMITH"},{"data":"Conserve Battery","floor":15,"key":"SMITH"}],"neow_cost":"NONE","seed_source_timestamp":382582900123335,"circlet_count":0,"master_deck":["AscendersBane","Strike_B","Strike_B","Defend_B","Defend_B","Defend_B","Zap+1","Dualcast","Loop+1","Coolheaded","Sweeping Beam","Core Surge","Self Repair+1","Streamline","Conserve Battery+1"],"relics":["Empty Cage","Meat on the Bone","Blood Vial","Frozen Egg 2","Blue Candle"],"potions_floor_usage":[7,16],"damage_taken":[{"damage":6,"enemies":"Jaw Worm","floor":1,"turns":5},{"damage":5,"enemies":"Cultist","floor":3,"turns":5},{"damage":7,"enemies":"2 Louse","floor":5,"turns":5},{"damage":27,"enemies":"Lagavulin","floor":7,"turns":8},{"damage":36,"enemies":"3 Sentries","floor":10,"turns":7},{"damage":64,"enemies":"Hexaghost","floor":16,"turns":12}],"seed_played":"8919723294272232987","potions_obtained":[{"floor":1,"key":"Block Potion"},{"floor":5,"key":"Poison Potion"}],"is_trial":false,"path_per_floor":["M","?","M","T","M","R","E","R","T","E","?","R","?","$","R","B"],"character_chosen":"DEFECT","items_purchased":["Conserve Battery"],"campfire_rested":1,"item_purchase_floors":[14],"current_hp_per_floor":[62,67,62,62,55,55,40,64,64,42,62,62,62,62,62,0],"gold":67,"neow_bonus":"BOSS_RELIC","is_prod":false,"is_daily":false,"chose_seed":false,"campfire_upgraded":3,"win_rate":0,"timestamp":1549763330,"path_taken":["M","?","M","?","?","R","E","R","T","E","?","R","?","$","R","BOSS"],"build_version":"2019-01-23","purchased_purges":1,"victory":false,"max_hp_per_floor":[75,80,80,80,80,80,80,80,80,80,80,80,80,80,80,80],"card_choices":[{"not_picked":["Streamline","Chaos"],"picked":"Loop","floor":1},{"not_picked":["Leap","Streamline"],"picked":"Coolheaded","floor":3},{"not_picked":["Ball Lightning","Sunder"],"picked":"Sweeping Beam","floor":5},{"not_picked":["Turbo","Rainbow"],"picked":"Core Surge","floor":7},{"not_picked":["Stack","Steam"],"picked":"Self Repair+1","floor":10}],"player_experience":1155862,"relics_obtained":[{"floor":4,"key":"Meat on the Bone"},{"floor":7,"key":"Blood Vial"},{"floor":9,"key":"Frozen Egg 2"},{"floor":10,"key":"Blue Candle"}],"event_choices":[{"damage_healed":0,"gold_gain":0,"player_choice":"Donut","damage_taken":0,"max_hp_gain":5,"max_hp_loss":0,"event_name":"Big Fish","floor":2,"gold_loss":0},{"damage_healed":20,"gold_gain":0,"player_choice":"Healed","damage_taken":0,"max_hp_gain":0,"max_hp_loss":0,"event_name":"The Cleric","floor":11,"gold_loss":35},{"damage_healed":0,"gold_gain":0,"player_choice":"1 cards matched","damage_taken":0,"max_hp_gain":0,"max_hp_loss":0,"event_name":"Match and Keep!","floor":13,"gold_loss":0,"cards_obtained":["Streamline"]}],"is_beta":false,"boss_relics":[],"items_purged_floors":[14],"is_endless":false,"potions_floor_spawned":[1,5],"killed_by":"Hexaghost","ascension_level":11}