{"path_per_floor":["M","$","?","$","?","R","?","M","T","M","$","R","M","M","R","B",null,"M","$","?","M","M","R","?"],"character_chosen":"IRONCLAD","items_purchased":["Shrug It Off","Flash of Steel","Flex"],"gold_per_floor":[113,59,9,9,9,9,9,29,83,94,19,19,29,43,43,139,139,152,8,8,24,36,36,36,36],"floor_reached":25,"campfire_rested":0,"playtime":937,"current_hp_per_floor":[78,78,78,78,78,78,66,64,64,70,70,70,67,68,68,43,80,35,35,35,46,34,34,34,2],"items_purged":["Sever Soul"],"gold":36,"score":229,"play_id":"0734e2d5-3196-4e97-a49f-0dd331407c2f","local_time":"20180326182701","is_prod":false,"is_daily":false,"is_ascension_mode":true,"campfire_upgraded":4,"timestamp":1522103221,"path_taken":["M","$","?","$","?","R","?","?","T","M","?","R","M","M","R","BOSS","M","$","?","?","M","R","?","M"],"build_version":"2018-03-22v2","purchased_purges":1,"victory":false,"master_deck":["Strike_R","Strike_R","Strike_R","Strike_R","Defend_R","Defend_R","Bash+1","Perfected Strike+1","Shrug It Off","Shrug It Off","Burning Pact","Rampage+1","Flex","Demon Form","Flash of Steel","Flex","Dropkick+1"],"max_hp_per_floor":[80,80,80,80,80,80,80,80,80,80,80,80,80,80,80,80,80,80,80,80,80,80,80,80,80],"relics":["Burning Blood","Oddly Smooth Stone","Tiny Chest","Lizard Tail"],"card_choices":[{"not_picked":["Searing Blow","Havoc"],"picked":"Perfected Strike","floor":1.0},{"not_picked":["True Grit","Sword Boomerang"],"picked":"Shrug It Off","floor":8.0},{"not_picked":["Flex","Iron Wave"],"picked":"Burning Pact","floor":10.0},{"not_picked":["Warcry","Armaments"],"picked":"Rampage","floor":13.0},{"not_picked":["Bludgeon","Clothesline"],"picked":"Flex","floor":14.0},{"not_picked":["Dark Embrace","Berserk"],"picked":"Demon Form","floor":16.0},{"not_picked":["Second Wind","Corruption"],"picked":"Dropkick","floor":21.0}],"player_experience":347595,"potions_floor_usage":[25],"damage_taken":[{"damage":8.0,"enemies":"Jaw Worm","floor":1.0,"turns":5.0},{"damage":8.0,"enemies":"Small Slimes","floor":8.0,"turns":2.0},{"damage":0.0,"enemies":"2 Louse","floor":10.0,"turns":2.0},{"damage":9.0,"enemies":"2 Fungi Beasts","floor":13.0,"turns":3.0},{"damage":5.0,"enemies":"Red Slaver","floor":14.0,"turns":2.0},{"damage":46.0,"enemies":"Slime Boss","floor":16.0,"turns":10.0},{"damage":51.0,"enemies":"Chosen","floor":18.0,"turns":5.0},{"damage":38.0,"enemies":"2 Thieves","floor":21.0,"turns":5.0},{"damage":18.0,"enemies":"Snake Plant","floor":22.0,"turns":4.0},{"damage":32,"enemies":"3 Cultists","floor":25,"turns":4}],"event_choices":[{"event_name":"The Cleric","player_choice":"Card Removal","floor":3.0,"damage_taken":0.0},{"event_name":"Transmorgrifier","player_choice":"Transform","floor":5.0,"damage_taken":0.0},{"event_name":"Scrap Ooze","player_choice":"success","floor":7.0,"damage_taken":12.0},{"event_name":"Addict","player_choice":"Ignored","floor":20.0,"damage_taken":0.0},{"event_name":"Back to Basics","player_choice":"Elegance","floor":24,"damage_taken":0}],"boss_relics":[],"potions_floor_spawned":[1,13,16,18],"seed_played":"-2641129021401267066","killed_by":"3 Cultists","ascension_level":4,"is_trial":false}