{"path_per_floor":["M","M","?","?","$","M","M","M","T","M","M","R","M","M","R","B",null,"M","?","$","M","M","E","M","?","T","$","M","$","R","M","R","B",null,"M","?","$","M","M","R","M","R","T"],"character_chosen":"THE_SILENT","items_purchased":["Cloak And Dagger","Caltrops","Choke","Escape Plan","Dagger Throw","Caltrops","Footwork","Distraction","Backflip","Cloak And Dagger","Dagger Throw"],"gold_per_floor":[113,128,128,128,5,18,31,56,82,96,109,109,122,137,137,260,260,284,284,50,71,85,128,142,142,142,32,56,11,11,29,29,158,158,171,171,23,36,56,56,81,81,81],"floor_reached":44,"campfire_rested":5,"playtime":3197,"current_hp_per_floor":[70,70,70,53,53,52,49,45,45,47,49,49,48,47,68,42,70,70,54,54,39,17,18,20,20,20,20,21,21,42,27,48,15,70,29,29,29,19,9,30,8,29,29],"items_purged":["Regret"],"gold":81,"score":430,"play_id":"0cd4ddac-6e6c-418e-97da-c1ad8073c0bf","is_prod":false,"is_daily":false,"is_ascension_mode":false,"campfire_upgraded":1,"path_taken":["M","M","?","?","$","M","M","?","T","M","M","R","?","?","R","BOSS","M","?","$","?","M","E","M","?","T","$","?","$","R","M","R","BOSS","M","?","$","M","M","R","M","R","T","E"],"build_version":"2018-02-08-PROD1","purchased_purges":1,"victory":false,"master_deck":["Defend_G","Defend_G","Defend_G","Defend_G","Defend_G","Strike_G","Strike_G","Strike_G","Strike_G","Strike_G","Survivor","Neutralize","Cloak And Dagger","Slice","Cloak And Dagger","Caltrops","Choke","Cloak And Dagger","Quick Slash","Infinite Blades+1","Acrobatics","Leg Sweep","Escape Plan","Wraith Form","Slice+1","Necronomicurse","Choke","Escape Plan","Dagger Throw","Caltrops","Prepared","Sucker Punch","Prepared","Cloak And Dagger","Accuracy","Footwork","Distraction","Storm of Steel","Backflip","Escape Plan+1","Die Die Die","Decay","Slice+1","Cloak And Dagger","Dagger Throw","Infinite Blades","Prepared+1","Slice+1"],"max_hp_per_floor":[70,70,70,70,70,70,70,70,70,70,70,70,70,70,70,70,70,70,70,70,70,70,70,70,70,70,70,70,70,70,70,70,70,70,70,70,70,70,70,70,70,70,70],"relics":["Ring of the Snake","Vajra","Thread and Needle","Golden Idol","Blood Vial","White Beast Statue","Necronomicon","Omamori","Tingsha","Calling Bell","Bronze Scales","Prayer Wheel","Ice Cream","Peace Pipe"],"card_choices":[{"not_picked":["Dagger Spray","Flying Knee"],"picked":"Cloak And Dagger"},{"not_picked":["Underhanded Strike","Flying Knee"],"picked":"Slice"},{"not_picked":["Wraith Form","Escape Plan"],"picked":"Choke"},{"not_picked":["Bouncing Flask","Catalyst"],"picked":"Cloak And Dagger"},{"not_picked":["Outmaneuver","Deadly Poison"],"picked":"Quick Slash"},{"not_picked":["Flying Knee","Skewer"],"picked":"Infinite Blades"},{"not_picked":["Poisoned Stab","PiercingWail"],"picked":"Acrobatics"},{"not_picked":["Dagger Throw","Catalyst"],"picked":"Leg Sweep"},{"not_picked":["Sucker Punch","Expertise"],"picked":"Escape Plan"},{"not_picked":["Venomology","Unload"],"picked":"Wraith Form"},{"not_picked":["Poisoned Stab","Bane"],"picked":"Slice"},{"not_picked":["Dagger Throw","All Out Attack"],"picked":"Prepared"},{"not_picked":["Predator","Reflex"],"picked":"Sucker Punch"},{"not_picked":["Outmaneuver","Quick Slash"],"picked":"Prepared"},{"not_picked":["Escape Plan","Calculated Gamble"],"picked":"Cloak And Dagger"},{"not_picked":["Deflect","Deadly Poison"],"picked":"Storm of Steel"},{"not_picked":["Underhanded Strike","Poisoned Stab"],"picked":"Escape Plan"},{"not_picked":["Doppelganger","Corpse Explosion"],"picked":"Die Die Die"},{"not_picked":["Terror","Dodge and Roll"],"picked":"Slice"},{"not_picked":["Dodge and Roll","Outmaneuver"],"picked":"Infinite Blades"},{"not_picked":["Bane","Underhanded Strike"],"picked":"Prepared"},{"not_picked":["Skewer","Well Laid Plans"],"picked":"Slice"}],"player_experience":70371,"potions_floor_usage":[16,16,16,22,23,23,24,33,33,33,39,41,41],"damage_taken":[{"damage":0,"enemies":"2 Louse","floor":1,"turns":2},{"damage":0,"enemies":"Jaw Worm","floor":2,"turns":3},{"damage":1,"enemies":"Cultist","floor":6,"turns":4},{"damage":3,"enemies":"Exordium Wildlife","floor":7,"turns":3},{"damage":4,"enemies":"Looter","floor":8,"turns":3},{"damage":0,"enemies":"Large Slime","floor":10,"turns":5},{"damage":0,"enemies":"Red Slaver","floor":11,"turns":2},{"damage":3,"enemies":"Lots of Slimes","floor":13,"turns":4},{"damage":3,"enemies":"Large Slime","floor":14,"turns":5},{"damage":28,"enemies":"The Guardian","floor":16,"turns":7},{"damage":0,"enemies":"Shell Parasite","floor":18,"turns":9},{"damage":17,"enemies":"2 Thieves","floor":21,"turns":4},{"damage":24,"enemies":"Cultist and Chosen","floor":22,"turns":7},{"damage":1,"enemies":"Book of Stabbing","floor":23,"turns":6},{"damage":0,"enemies":"Snake Plant","floor":24,"turns":2},{"damage":1,"enemies":"Centurion and Healer","floor":28,"turns":6},{"damage":17,"enemies":"Cultist and Chosen","floor":31,"turns":7},{"damage":50,"enemies":"Champ","floor":33,"turns":10},{"damage":41,"enemies":"3 Shapes","floor":35,"turns":12},{"damage":12,"enemies":"Orb Walker","floor":38,"turns":3},{"damage":12,"enemies":"4 Shapes","floor":39,"turns":8},{"damage":24,"enemies":"3 Darklings","floor":41,"turns":5},{"damage":61,"enemies":"Giant Head","floor":44,"turns":8}],"event_choices":[{"event_name":"Big Fish","player_choice":"Box","floor":3,"damage_taken":0},{"event_name":"Golden Idol","player_choice":"Take Damage","floor":4,"damage_taken":0},{"event_name":"Cursed Tome","player_choice":"Obtained Book","floor":19,"damage_taken":0},{"event_name":"The Library","player_choice":"Read","floor":25,"damage_taken":0},{"event_name":"Mysterious Sphere","player_choice":"Ignore","floor":36,"damage_taken":0}],"boss_relics":[{"not_picked":["Runic Pyramid","Philosopher\u0027s Stone"],"picked":"White Beast Statue"},{"not_picked":["Black Star","Cursed Key"],"picked":"Calling Bell"}],"potions_floor_spawned":[1,6,7,14,16,18,21,22,23,24,28,31,33,35,38,39,41],"seed_played":"7420000965519002836","killed_by":"Giant Head","ascension_level":0,"is_trial":false}