{"gold_per_floor":[111,121,138,10,10,43,20,20,320,339,368,388,420,436,436,508,508,508,508,508,508,21,21,21,21,21,21,21,21,21,21,21,21,21,21,21,21,21,21,21,21,21,21,21,21,21,21,21,21,21],"floor_reached":50,"playtime":4208,"items_purged":["Strike_G","Strike_G"],"score":1046,"play_id":"7c7ec65e-6576-47ba-b5db-ca683b154b67","local_time":"20181229140411","is_ascension_mode":true,"campfire_choices":[{"floor":8,"key":"REST"},{"floor":15,"key":"REST"},{"data":"Envenom","floor":23,"key":"SMITH"},{"data":"Catalyst","floor":25,"key":"SMITH"},{"data":"Backflip","floor":27,"key":"SMITH"},{"floor":29,"key":"REST"},{"floor":32,"key":"REST"},{"floor":40,"key":"REST"},{"floor":42,"key":"REST"},{"floor":49,"key":"RECALL"}],"neow_cost":"NONE","seed_source_timestamp":669771153164601,"circlet_count":0,"master_deck":["AscendersBane","Defend_G","Defend_G","Defend_G","Defend_G","Defend_G","Strike_G","Strike_G","Strike_G","Survivor","Neutralize","Poisoned Stab","Poisoned Stab","Bane","Catalyst+1","Sucker Punch","Die Die Die","Cloak And Dagger","Infinite Blades","Backflip+1","Envenom+1","PiercingWail","Deflect","Backflip","After Image","Well Laid Plans","Predator","Cloak And Dagger+1","Caltrops","Acrobatics"],"relics":["Ring of the Serpent","NeowsBlessing","FaceOfCleric","Pocketwatch","Old Coin","Gambling Chip","Bag of Marbles","Ectoplasm","Potion Belt","Torii","Snake Skull","Ninja Scroll"],"potions_floor_usage":[7,11,12,14,16,20,20,21,31,33,33,33,47,47,50],"damage_taken":[{"damage":0,"enemies":"Cultist","floor":1,"turns":1},{"damage":0,"enemies":"Jaw Worm","floor":2,"turns":1},{"damage":0,"enemies":"2 Louse","floor":3,"turns":1},{"damage":47,"enemies":"Gremlin Nob","floor":6,"turns":5},{"damage":2,"enemies":"Exordium Thugs","floor":7,"turns":5},{"damage":0,"enemies":"Exordium Wildlife","floor":10,"turns":4},{"damage":6,"enemies":"3 Sentries","floor":11,"turns":7},{"damage":0,"enemies":"Lots of Slimes","floor":12,"turns":2},{"damage":6,"enemies":"Gremlin Nob","floor":13,"turns":3},{"damage":0,"enemies":"2 Fungi Beasts","floor":14,"turns":3},{"damage":18,"enemies":"Slime Boss","floor":16,"turns":7},{"damage":6,"enemies":"3 Byrds","floor":18,"turns":5},{"damage":17,"enemies":"Spheric Guardian","floor":19,"turns":6},{"damage":9,"enemies":"Shelled Parasite and Fungi","floor":20,"turns":7},{"damage":4,"enemies":"Centurion and Healer","floor":21,"turns":10},{"damage":1,"enemies":"Cultist and Chosen","floor":28,"turns":4},{"damage":1,"enemies":"Snecko","floor":30,"turns":3},{"damage":2,"enemies":"3 Cultists","floor":31,"turns":5},{"damage":74,"enemies":"Automaton","floor":33,"turns":12},{"damage":1,"enemies":"3 Shapes","floor":35,"turns":3},{"damage":13,"enemies":"3 Darklings","floor":36,"turns":10},{"damage":29,"enemies":"Maw","floor":37,"turns":7},{"damage":46,"enemies":"Giant Head","floor":44,"turns":7},{"damage":4,"enemies":"Sphere and 2 Shapes","floor":45,"turns":15},{"damage":1,"enemies":"Jaw Worm Horde","floor":47,"turns":5},{"damage":84,"enemies":"Donu and Deca","floor":50,"turns":9}],"seed_played":"6258616504259554601","potions_obtained":[{"floor":6,"key":"SpeedPotion"},{"floor":7,"key":"EssenceOfSteel"},{"floor":11,"key":"SpeedPotion"},{"floor":13,"key":"EssenceOfSteel"},{"floor":14,"key":"FearPotion"},{"floor":19,"key":"SkillPotion"},{"floor":20,"key":"GhostInAJar"},{"floor":21,"key":"GamblersBrew"},{"floor":37,"key":"AttackPotion"},{"floor":45,"key":"Explosive Potion"},{"floor":47,"key":"FearPotion"}],"is_trial":false,"path_per_floor":["M","M","M","$","?","E","M","R","T","M","E","M","E","M","R","B",null,"M","M","M","M","$","R","T","R","T","R","M","R","M","M","R","B",null,"M","M","M","$","?","R","$","R","T","E","M","$","M","?","R","B"],"character_chosen":"THE_SILENT","items_purchased":["Dexterity Potion","PiercingWail","Potion Belt","SkillPotion","FearPotion","Explosive Potion"],"campfire_rested":6,"item_purchase_floors":[4,22,22,22,22,22],"current_hp_per_floor":[59,59,59,59,59,13,12,32,32,33,28,29,24,25,46,29,63,58,42,34,31,31,31,31,31,31,31,31,54,54,53,77,4,63,63,51,23,23,23,48,48,73,73,28,25,25,25,72,72,0],"gold":21,"neow_bonus":"THREE_ENEMY_KILL","is_prod":false,"is_daily":false,"chose_seed":false,"campfire_upgraded":3,"win_rate":0,"timestamp":1546121051,"path_taken":["M","?","M","$","?","E","M","R","T","?","E","M","E","M","R","BOSS","M","M","M","?","?","R","?","R","T","R","M","R","M","M","R","BOSS","M","M","M","$","?","R","?","R","T","E","M","?","?","?","R","BOSS"],"build_version":"2018-12-25","purchased_purges":2,"victory":false,"max_hp_per_floor":[66,66,66,66,66,67,68,68,68,69,70,71,72,73,73,74,74,75,76,77,78,78,78,78,78,78,78,79,79,80,81,81,82,82,83,84,85,85,85,85,85,85,85,86,87,87,88,72,72,72],"card_choices":[{"not_picked":["Blade Dance","Underhanded Strike"],"picked":"Poisoned Stab","floor":1},{"not_picked":["Flying Knee","Choke"],"picked":"Poisoned Stab","floor":2},{"not_picked":["Backflip","Phantasmal Killer"],"picked":"Bane","floor":3},{"not_picked":["Dagger Spray","Accuracy"],"picked":"Catalyst","floor":6},{"not_picked":["Reflex","Dagger Throw"],"picked":"Sucker Punch","floor":7},{"not_picked":["Backflip","Tactician"],"picked":"Die Die Die","floor":10},{"not_picked":["Prepared","Poisoned Stab"],"picked":"Cloak And Dagger","floor":11},{"not_picked":["Underhanded Strike","Outmaneuver","Acrobatics"],"picked":"SKIP","floor":12},{"not_picked":["Sucker Punch","Backstab"],"picked":"Infinite Blades","floor":13},{"not_picked":["Masterful Stab","Distraction","Calculated Gamble"],"picked":"SKIP","floor":14},{"not_picked":["Poisoned Stab","Outmaneuver"],"picked":"Backflip","floor":18},{"not_picked":["Deflect","Setup","Endless Agony"],"picked":"SKIP","floor":19},{"not_picked":["Outmaneuver","Skewer"],"picked":"Envenom","floor":20},{"not_picked":["Calculated Gamble+1","Quick Slash","Sucker Punch"],"picked":"SKIP","floor":21},{"not_picked":["Deadly Poison","Accuracy+1","Dagger Spray"],"picked":"SKIP","floor":28},{"not_picked":["Blade Dance","Bane+1"],"picked":"Deflect","floor":30},{"not_picked":["Dodge and Roll","Poisoned Stab+1"],"picked":"Backflip","floor":31},{"not_picked":["Bullet Time","Adrenaline"],"picked":"After Image","floor":33},{"not_picked":["Deadly Poison","Prepared"],"picked":"Well Laid Plans","floor":35},{"not_picked":["Cloak And Dagger","Dagger Throw"],"picked":"Predator","floor":36},{"not_picked":["Tactician","Eviscerate"],"picked":"Cloak And Dagger+1","floor":37},{"not_picked":["Sucker Punch","Outmaneuver","Dagger Spray+1"],"picked":"SKIP","floor":44},{"not_picked":["Acrobatics","Flechettes"],"picked":"Caltrops","floor":45},{"not_picked":["Dagger Throw","Sucker Punch"],"picked":"Acrobatics","floor":47}],"player_experience":4111555,"relics_obtained":[{"floor":6,"key":"Pocketwatch"},{"floor":9,"key":"Old Coin"},{"floor":11,"key":"Gambling Chip"},{"floor":13,"key":"Bag of Marbles"},{"floor":26,"key":"Torii"},{"floor":43,"key":"Snake Skull"},{"floor":44,"key":"Ninja Scroll"}],"event_choices":[{"damage_healed":0,"gold_gain":0,"player_choice":"Trade","damage_taken":0,"relics_obtained":["FaceOfCleric"],"max_hp_gain":0,"max_hp_loss":0,"event_name":"FaceTrader","floor":5,"gold_loss":0},{"damage_healed":0,"gold_gain":0,"player_choice":"Ignored","damage_taken":0,"max_hp_gain":0,"max_hp_loss":0,"event_name":"SecretPortal","floor":39,"gold_loss":0},{"damage_healed":72,"gold_gain":0,"player_choice":"Heal","damage_taken":0,"max_hp_gain":0,"max_hp_loss":16,"event_name":"The Moai Head","floor":48,"gold_loss":0}],"is_beta":true,"boss_relics":[{"not_picked":["Tiny House","Runic Dome"],"picked":"Ectoplasm"},{"not_picked":["WristBlade","Velvet Choker"],"picked":"Ring of the Serpent"}],"items_purged_floors":[4,22],"is_endless":false,"potions_floor_spawned":[6,7,11,13,14,19,20,21,37,45,47],"killed_by":"Donu and Deca","ascension_level":20}