{"gold_per_floor":[418,418,430,445,223,252,252,313,338,350,350,370,445,462,462,462],"floor_reached":16,"playtime":858,"items_purged":["Defend_R"],"score":102,"play_id":"ee092cab-7466-4073-83b2-56276afe8feb","local_time":"20190120204059","is_ascension_mode":false,"campfire_choices":[{"data":"Bash","floor":7,"key":"SMITH"},{"data":"Pummel","floor":11,"key":"SMITH"},{"data":"Rampage","floor":15,"key":"SMITH"}],"neow_cost":"PERCENT_DAMAGE","seed_source_timestamp":786743884580217,"circlet_count":0,"master_deck":["Strike_R","Strike_R","Strike_R","Strike_R","Strike_R","Defend_R","Defend_R","Defend_R","Bash+1","Rampage+1","Thunderclap","Shrug It Off","Pummel+1","Cleave"],"relics":["Burning Blood","Old Coin","Vajra","Bag of Marbles","Sundial","Blood Vial","PreservedInsect"],"potions_floor_usage":[8,16],"damage_taken":[{"damage":3,"enemies":"2 Louse","floor":1,"turns":3},{"damage":1,"enemies":"Cultist","floor":3,"turns":3},{"damage":6,"enemies":"Jaw Worm","floor":4,"turns":3},{"damage":28,"enemies":"Gremlin Nob","floor":6,"turns":4},{"damage":20,"enemies":"3 Sentries","floor":8,"turns":5},{"damage":5,"enemies":"Looter","floor":10,"turns":2},{"damage":6,"enemies":"Exordium Wildlife","floor":12,"turns":3},{"damage":0,"enemies":"Large Slime","floor":14,"turns":3},{"damage":35,"enemies":"The Guardian","floor":16,"turns":5}],"seed_played":"-5471905178708029792","potions_obtained":[{"floor":1,"key":"SkillPotion"},{"floor":4,"key":"SkillPotion"},{"floor":8,"key":"Dexterity Potion"}],"is_trial":false,"path_per_floor":["M","?","M","M","$","E","R","?","T","M","R","M","?","M","R","B"],"character_chosen":"IRONCLAD","items_purchased":["Bag of Marbles"],"campfire_rested":0,"item_purchase_floors":[5],"current_hp_per_floor":[59,59,64,64,64,42,42,28,28,31,31,33,22,30,30,0],"gold":462,"neow_bonus":"ONE_RARE_RELIC","is_prod":false,"is_daily":false,"chose_seed":false,"campfire_upgraded":3,"win_rate":0,"timestamp":1547984459,"path_taken":["M","?","?","M","$","E","R","?","T","M","R","M","?","M","R","BOSS"],"build_version":"2019-01-17v2","purchased_purges":1,"victory":false,"max_hp_per_floor":[80,80,80,80,80,80,80,80,80,80,80,80,80,80,80,80],"card_choices":[{"not_picked":["Warcry","True Grit"],"picked":"Rampage","floor":1},{"not_picked":["Rage","Twin Strike"],"picked":"Thunderclap","floor":3},{"not_picked":["Perfected Strike","Hemokinesis"],"picked":"Shrug It Off","floor":4},{"not_picked":["Berserk","True Grit","Dropkick"],"picked":"SKIP","floor":6},{"not_picked":["Intimidate","Flex"],"picked":"Pummel","floor":8},{"not_picked":["Rampage","Iron Wave","Uppercut"],"picked":"SKIP","floor":10},{"not_picked":["Armaments","Shrug It Off","Hemokinesis"],"picked":"SKIP","floor":12},{"not_picked":["Body Slam","Clothesline"],"picked":"Cleave","floor":14}],"player_experience":861509,"relics_obtained":[{"floor":6,"key":"Sundial"},{"floor":8,"key":"Blood Vial"},{"floor":9,"key":"PreservedInsect"}],"event_choices":[{"damage_healed":0,"gold_gain":0,"player_choice":"Gave Potion","damage_taken":0,"relics_obtained":["Vajra"],"max_hp_gain":0,"max_hp_loss":0,"event_name":"WeMeetAgain","floor":2,"gold_loss":0},{"damage_healed":0,"gold_gain":30,"player_choice":"Searched \u00272\u0027 times","damage_taken":0,"max_hp_gain":0,"max_hp_loss":0,"event_name":"Dead Adventurer","floor":8,"gold_loss":0},{"damage_healed":0,"gold_gain":75,"player_choice":"Gather Gold","damage_taken":11,"max_hp_gain":0,"max_hp_loss":0,"event_name":"World of Goop","floor":13,"gold_loss":0}],"is_beta":false,"boss_relics":[],"items_purged_floors":[5],"is_endless":false,"potions_floor_spawned":[1,4,8],"killed_by":"The Guardian","ascension_level":0}