{"path_per_floor":["M","$","?","$","M","R","?","?","T","M","M","R","M","?","R","B",null,"M","?","$","?","M","R"],"character_chosen":"THE_SILENT","items_purchased":["Noxious Fumes","Membership Card","Infinite Blades","Acrobatics"],"gold_per_floor":[112,38,38,38,58,58,58,133,133,146,165,165,181,181,181,306,306,324,524,148,148,167,167,167],"floor_reached":24,"campfire_rested":1,"playtime":1280,"current_hp_per_floor":[61,61,61,61,60,60,60,49,49,48,43,43,43,43,43,22,58,17,17,17,17,6,27,0],"items_purged":["Regret"],"gold":167,"score":239,"play_id":"b5f5a459-6c9a-41b8-910b-cd87cf7843be","local_time":"20180419155845","is_prod":false,"is_daily":false,"chose_seed":false,"is_ascension_mode":true,"campfire_upgraded":3,"timestamp":1524167925,"path_taken":["M","?","?","$","M","R","?","?","T","M","M","R","M","?","R","BOSS","M","?","$","?","?","R","E"],"build_version":"2018-04-12","seed_source_timestamp":437513606487761,"purchased_purges":1,"victory":false,"master_deck":["Defend_G","Defend_G","Defend_G","Defend_G","Defend_G","Strike_G","Strike_G","Strike_G","Strike_G","Survivor","Neutralize","Prepared","Noxious Fumes+1","Injury","Footwork+1","PiercingWail","Caltrops","Malaise","Footwork+1","A Thousand Cuts","Parasite","Caltrops","Infinite Blades","Acrobatics","Cloak And Dagger"],"max_hp_per_floor":[70,70,70,70,70,70,70,70,70,70,70,70,70,70,70,70,70,70,70,70,70,70,70,70],"relics":["Ring of the Snake","Pen Nib","Golden Idol","Pantograph","Ornamental Fan","Calling Bell","Kunai","Bag of Marbles","Prayer Wheel","Membership Card"],"card_choices":[{"not_picked":["Eviscerate","Terror"],"picked":"Prepared","floor":1},{"not_picked":["Eviscerate","Infinite Blades"],"picked":"Footwork","floor":5},{"not_picked":["Caltrops","Well Laid Plans"],"picked":"PiercingWail","floor":10},{"not_picked":["PiercingWail","Choke"],"picked":"Caltrops","floor":11},{"not_picked":["Cloak And Dagger","Quick Slash"],"picked":"Malaise","floor":13},{"not_picked":["Storm of Steel","Burst"],"picked":"A Thousand Cuts","floor":16},{"not_picked":["Endless Agony","Flying Knee"],"picked":"Caltrops","floor":18},{"not_picked":["Dagger Spray","Blade Dance"],"picked":"Cloak And Dagger","floor":22}],"player_experience":476502,"potions_floor_usage":[16,16],"damage_taken":[{"damage":2,"enemies":"Cultist","floor":1,"turns":5},{"damage":1,"enemies":"Jaw Worm","floor":5,"turns":5},{"damage":1,"enemies":"Small Slimes","floor":10,"turns":5},{"damage":5,"enemies":"Exordium Thugs","floor":11,"turns":7},{"damage":0,"enemies":"Blue Slaver","floor":13,"turns":5},{"damage":46,"enemies":"Slime Boss","floor":16,"turns":15},{"damage":41,"enemies":"Chosen","floor":18,"turns":8},{"damage":11,"enemies":"Spheric Guardian","floor":22,"turns":7},{"damage":29,"enemies":"Slavers","floor":24,"turns":3}],"event_choices":[{"event_name":"Golden Idol","player_choice":"Take Wound","floor":3,"damage_taken":0},{"event_name":"Dead Adventurer","player_choice":"Searched \u00271\u0027 times","floor":7,"damage_taken":0},{"event_name":"World of Goop","player_choice":"Gather Gold","floor":8,"damage_taken":0},{"event_name":"Transmorgrifier","player_choice":"Transform","floor":14,"damage_taken":0},{"event_name":"Wheel of Change","player_choice":"Gold","floor":19,"damage_taken":0},{"event_name":"Purifier","player_choice":"One Purge","floor":21,"damage_taken":0}],"boss_relics":[{"not_picked":["Black Star","Snecko Eye"],"picked":"Calling Bell"}],"potions_floor_spawned":[5,13,16],"seed_played":"-48331335735140946","killed_by":"Slavers","ascension_level":6,"is_trial":false}