{"path_per_floor":["M","M","M","?","M","R","E","M","T","M","?","R","?","M","R","B",null,"M","M","?","?","$","R","M","R","T","$","R","M"],"character_chosen":"THE_SILENT","items_purchased":["Letter Opener","Bouncing Flask","Strawberry"],"gold_per_floor":[218,238,258,258,270,270,303,317,317,328,503,503,578,597,597,694,694,713,731,731,646,646,646,663,663,663,126,126,145],"floor_reached":30,"campfire_rested":1,"playtime":2295,"current_hp_per_floor":[69,66,64,50,49,49,37,36,36,33,33,33,22,23,44,16,70,67,48,48,48,48,48,38,38,38,45,45,21],"items_purged":["Doubt"],"gold":145,"score":232,"play_id":"13e886a3-7c50-4c7d-8226-5b698a56ce69","local_time":"20180304195819","is_prod":false,"is_daily":false,"is_ascension_mode":false,"campfire_upgraded":5,"timestamp":1520211499,"path_taken":["M","?","M","?","?","R","E","M","T","?","?","R","?","M","R","BOSS","M","M","?","?","$","R","?","R","T","$","R","?","M"],"build_version":"2018-03-01-PROD1","purchased_purges":1,"victory":false,"master_deck":["Defend_G","Defend_G","Defend_G","Defend_G","Defend_G","Strike_G","Strike_G","Strike_G+1","Strike_G","Strike_G","Survivor","Neutralize","Poisoned Stab+1","Dodge and Roll+1","Backflip","Poisoned Stab+1","Dodge and Roll","Deflect","Flying Knee","Envenom+1","Acrobatics+1","Blur","Noxious Fumes+1","Bouncing Flask+1"],"max_hp_per_floor":[70,70,70,70,70,70,70,70,70,70,70,70,70,70,70,70,70,70,70,70,70,70,70,70,70,70,77,77,77],"relics":["Ring of the Snake","Happy Flower","Blood Vial","Question Card","Anchor","Sundial","Prayer Wheel","Letter Opener","Strawberry"],"card_choices":[{"not_picked":["Endless Agony","Expertise"],"picked":"Poisoned Stab"},{"not_picked":["Choke","Underhanded Strike"],"picked":"Dodge and Roll"},{"not_picked":["Heel Hook","Malaise"],"picked":"Backflip"},{"not_picked":["Caltrops","Dagger Throw"],"picked":"Poisoned Stab"},{"not_picked":["Slice","Bane"],"picked":"Dodge and Roll"},{"not_picked":["Glass Knife","Dagger Throw"],"picked":"Deflect"},{"not_picked":["Underhanded Strike","Acrobatics"],"picked":"Flying Knee"},{"not_picked":["Phantasmal Killer","Unload"],"picked":"Envenom"},{"not_picked":["Poisoned Stab","Terror","Dagger Throw"],"picked":"Acrobatics"},{"not_picked":["Prepared","Choke","Underhanded Strike"],"picked":"Blur"},{"not_picked":["Flying Knee","Dodge and Roll","Quick Slash"],"picked":"Noxious Fumes"}],"player_experience":107782,"potions_floor_usage":[7,7,10,16,16,18,19,24],"damage_taken":[{"damage":1,"enemies":"Cultist","floor":1,"turns":4},{"damage":3,"enemies":"Jaw Worm","floor":2,"turns":4},{"damage":2,"enemies":"Small Slimes","floor":3,"turns":5},{"damage":1,"enemies":"Looter","floor":5,"turns":4},{"damage":12,"enemies":"Lagavulin","floor":7,"turns":8},{"damage":1,"enemies":"Blue Slaver","floor":8,"turns":3},{"damage":5,"enemies":"Large Slime","floor":10,"turns":6},{"damage":1,"enemies":"2 Fungi Beasts","floor":14,"turns":4},{"damage":30,"enemies":"Hexaghost","floor":16,"turns":11},{"damage":9,"enemies":"Chosen","floor":18,"turns":5},{"damage":21,"enemies":"3 Byrds","floor":19,"turns":6},{"damage":12,"enemies":"Snake Plant","floor":24,"turns":5},{"damage":26,"enemies":"Centurion and Healer","floor":29,"turns":9},{"damage":28,"enemies":"3 Cultists","floor":30,"turns":4}],"event_choices":[{"event_name":"Shining Light","player_choice":"Entered Light","floor":4,"damage_taken":0},{"event_name":"Liars Game","player_choice":"agreed","floor":11,"damage_taken":0},{"event_name":"World of Goop","player_choice":"Gather Gold","floor":13,"damage_taken":0},{"event_name":"The Mausoleum","player_choice":"Yes","floor":20,"damage_taken":0},{"event_name":"Addict","player_choice":"Obtained Relic","floor":21,"damage_taken":0}],"boss_relics":[{"not_picked":["Sozu","White Beast Statue"],"picked":"Question Card"}],"potions_floor_spawned":[1,2,3,8,10,16,18,19],"seed_played":"-5882075893642543533","killed_by":"3 Cultists","ascension_level":0,"is_trial":false}