{"gold_per_floor":[110,11,21,35,55,55,89,106,106,123,123,48,48,65,65,162,162,172,186,186,186,186,186,206,221,221,239,239,259,270,16,16,115,115,127,127,139,153,73,73,86,4,28,28,41,86,102,102],"floor_reached":48,"playtime":5054,"items_purged":["Strike_G"],"score":515,"play_id":"9dbda272-77d2-4f10-b0e6-5e418298cb91","local_time":"20190114223028","is_ascension_mode":false,"campfire_choices":[{"data":"Neutralize","floor":6,"key":"SMITH"},{"data":"Tools of the Trade","floor":11,"key":"SMITH"},{"data":"Backflip","floor":15,"key":"SMITH"},{"data":"Leg Sweep","floor":23,"key":"SMITH"},{"floor":28,"key":"REST"},{"floor":32,"key":"REST"},{"data":"Noxious Fumes","floor":40,"key":"SMITH"},{"floor":44,"key":"REST"}],"neow_cost":"NONE","seed_source_timestamp":116464488983952,"circlet_count":0,"master_deck":["Defend_G","Defend_G","Defend_G","Defend_G","Defend_G","Strike_G","Strike_G","Survivor+1","Neutralize+1","Dodge and Roll","Backflip+1","Poisoned Stab","Deadly Poison+1","Tools of the Trade+1","Bane","Bane","Terror+1","Leg Sweep+1","Heel Hook","Unload","Caltrops+1","Deflect","Blur","Bullet Time+1","Blur+1","Footwork+1","Bane+1","Noxious Fumes+1","Blur+1","Impatience+1","Deflect+1","Backflip+1","Blur+1"],"relics":["Ring of the Serpent","Centennial Puzzle","Unceasing Top","Mummified Hand","Vajra","Runic Pyramid","Potion Belt","Toxic Egg 2","FaceOfCleric","War Paint","Torii"],"potions_floor_usage":[16,24,24,25,33,38,46,46,46],"damage_taken":[{"damage":0,"enemies":"Cultist","floor":1,"turns":5},{"damage":0,"enemies":"2 Louse","floor":3,"turns":3},{"damage":0,"enemies":"Small Slimes","floor":4,"turns":5},{"damage":0,"enemies":"Looter","floor":5,"turns":4},{"damage":17,"enemies":"Gremlin Nob","floor":7,"turns":4},{"damage":3,"enemies":"Exordium Wildlife","floor":8,"turns":4},{"damage":0,"enemies":"Red Slaver","floor":10,"turns":3},{"damage":12,"enemies":"Large Slime","floor":14,"turns":2},{"damage":0,"enemies":"Slime Boss","floor":16,"turns":10},{"damage":17,"enemies":"Spheric Guardian","floor":18,"turns":7},{"damage":0,"enemies":"Chosen","floor":19,"turns":5},{"damage":22,"enemies":"Sentry and Sphere","floor":24,"turns":6},{"damage":0,"enemies":"Snake Plant","floor":25,"turns":4},{"damage":0,"enemies":"Centurion and Healer","floor":27,"turns":5},{"damage":5,"enemies":"3 Cultists","floor":29,"turns":7},{"damage":2,"enemies":"Snecko","floor":30,"turns":6},{"damage":25,"enemies":"Automaton","floor":33,"turns":17},{"damage":2,"enemies":"Orb Walker","floor":35,"turns":3},{"damage":24,"enemies":"3 Darklings","floor":37,"turns":6},{"damage":6,"enemies":"Jaw Worm Horde","floor":38,"turns":5},{"damage":1,"enemies":"Maw","floor":41,"turns":7},{"damage":14,"enemies":"4 Shapes","floor":45,"turns":5},{"damage":49,"enemies":"2 Orb Walkers","floor":46,"turns":7},{"damage":1,"enemies":"Spire Growth","floor":47,"turns":5},{"damage":9,"enemies":"3 Darklings","floor":48,"turns":2}],"seed_played":"2977095988163638510","potions_obtained":[{"floor":7,"key":"SkillPotion"},{"floor":8,"key":"GamblersBrew"},{"floor":10,"key":"PowerPotion"},{"floor":16,"key":"Swift Potion"},{"floor":18,"key":"GhostInAJar"},{"floor":24,"key":"AttackPotion"},{"floor":33,"key":"GamblersBrew"},{"floor":35,"key":"SpeedPotion"},{"floor":38,"key":"AttackPotion"},{"floor":41,"key":"PowerPotion"}],"is_trial":false,"path_per_floor":["M","$","M","M","M","R","E","M","T","M","R","$","?","M","R","B",null,"M","M","?","?","?","R","M","M","T","M","R","M","M","$","R","B",null,"M","?","M","M","$","R","M","$","T","R","M","?","M","M"],"character_chosen":"THE_SILENT","items_purchased":["Backflip","Poisoned Stab","Toxic Egg 2","Noxious Fumes","Impatience+1"],"campfire_rested":3,"item_purchase_floors":[2,2,31,39,42],"current_hp_per_floor":[70,70,70,70,70,70,53,50,50,50,50,50,43,31,31,31,70,53,53,53,40,40,40,18,18,18,18,40,35,33,33,55,30,75,73,73,50,45,45,45,45,45,45,68,55,7,7,0],"gold":102,"neow_bonus":"RANDOM_COMMON_RELIC","is_prod":false,"is_daily":false,"chose_seed":false,"campfire_upgraded":5,"win_rate":0,"timestamp":1547505028,"path_taken":["M","?","M","M","M","R","E","M","T","?","R","$","?","M","R","BOSS","M","M","?","?","?","R","M","M","T","?","R","M","M","?","R","BOSS","M","?","?","M","$","R","M","?","T","R","M","?","M","M"],"build_version":"2019-01-10","purchased_purges":1,"victory":false,"max_hp_per_floor":[70,70,70,70,70,70,70,70,70,70,70,70,70,70,70,70,70,70,70,70,75,75,75,75,75,75,75,75,75,75,75,75,75,75,75,75,76,77,77,77,78,78,78,78,79,80,81,81],"card_choices":[{"not_picked":["Quick Slash","Flying Knee"],"picked":"Dodge and Roll","floor":1},{"not_picked":["Escape Plan","Backflip"],"picked":"Deadly Poison","floor":3},{"not_picked":["Prepared","Backflip","Skewer"],"picked":"SKIP","floor":4},{"not_picked":["Underhanded Strike","Dagger Throw","Choke"],"picked":"SKIP","floor":5},{"not_picked":["Deadly Poison","Well Laid Plans"],"picked":"Tools of the Trade","floor":7},{"not_picked":["Slice","Prepared"],"picked":"Bane","floor":8},{"not_picked":["Poisoned Stab","Bouncing Flask"],"picked":"Bane","floor":10},{"not_picked":["Cloak And Dagger","Accuracy","Caltrops"],"picked":"SKIP","floor":14},{"not_picked":["Flying Knee+1","Deadly Poison","Heel Hook"],"picked":"SKIP","floor":18},{"not_picked":["Underhanded Strike","PiercingWail"],"picked":"Terror+1","floor":19},{"not_picked":["Terror","Tactician+1","Prepared"],"picked":"SKIP","floor":24},{"not_picked":["Blade Dance","Outmaneuver"],"picked":"Caltrops+1","floor":25},{"not_picked":["Expertise","Quick Slash"],"picked":"Deflect","floor":27},{"not_picked":["Infinite Blades","Prepared","Cloak And Dagger"],"picked":"SKIP","floor":29},{"not_picked":["Terror+1","Outmaneuver+1"],"picked":"Blur","floor":30},{"not_picked":["Night Terror+1","Storm of Steel+1"],"picked":"Bullet Time+1","floor":33},{"not_picked":["Backflip+1","Flechettes+1"],"picked":"Blur+1","floor":35},{"not_picked":["Deflect+1","Prepared+1"],"picked":"Footwork+1","floor":37},{"not_picked":["A Thousand Cuts","Outmaneuver+1"],"picked":"Bane+1","floor":38},{"not_picked":["Deflect+1","Escape Plan+1"],"picked":"Blur+1","floor":41},{"not_picked":["Blade Dance+1","Flying Knee+1"],"picked":"Deflect+1","floor":45},{"not_picked":["Escape Plan+1","Flechettes"],"picked":"Backflip+1","floor":46},{"not_picked":["Backflip+1","Outmaneuver+1"],"picked":"Blur+1","floor":47}],"player_experience":311982,"relics_obtained":[{"floor":7,"key":"Unceasing Top"},{"floor":9,"key":"Mummified Hand"},{"floor":26,"key":"Potion Belt"},{"floor":43,"key":"War Paint"},{"floor":46,"key":"Torii"}],"event_choices":[{"damage_healed":0,"gold_gain":0,"player_choice":"Success","damage_taken":7,"relics_obtained":["Vajra"],"max_hp_gain":0,"max_hp_loss":0,"event_name":"Scrap Ooze","floor":13,"gold_loss":0},{"damage_healed":0,"gold_gain":0,"player_choice":"Read","damage_taken":0,"max_hp_gain":0,"max_hp_loss":0,"event_name":"The Library","floor":20,"gold_loss":0,"cards_obtained":["Leg Sweep"]},{"damage_healed":0,"gold_gain":0,"player_choice":"Shed Blood","damage_taken":18,"max_hp_gain":5,"max_hp_loss":0,"event_name":"Forgotten Altar","floor":21,"gold_loss":0},{"damage_healed":0,"gold_gain":0,"cards_transformed":["Strike_G","Strike_G"],"player_choice":"Became Test Subject","damage_taken":0,"max_hp_gain":0,"max_hp_loss":0,"event_name":"Drug Dealer","floor":22,"gold_loss":0,"cards_obtained":["Heel Hook","Unload"]},{"damage_healed":0,"gold_gain":0,"player_choice":"Trade","damage_taken":0,"relics_obtained":["FaceOfCleric"],"max_hp_gain":0,"max_hp_loss":0,"event_name":"FaceTrader","floor":36,"gold_loss":0},{"damage_healed":0,"gold_gain":0,"player_choice":"Fight","damage_taken":0,"max_hp_gain":0,"max_hp_loss":0,"event_name":"Mysterious Sphere","floor":46,"gold_loss":0}],"is_beta":false,"boss_relics":[{"not_picked":["WristBlade","Black Star"],"picked":"Runic Pyramid"},{"not_picked":["Philosopher\u0027s Stone","Velvet Choker"],"picked":"Ring of the Serpent"}],"items_purged_floors":[12],"is_endless":false,"potions_floor_spawned":[7,8,10,16,18,24,33,35,38,41],"killed_by":"3 Darklings","ascension_level":0}