{"gold_per_floor":[109,109,123,142,317,348,348,368,368,393,393,427,427,10,10,10],"floor_reached":16,"playtime":2276,"items_purged":["Doubt"],"score":153,"play_id":"c4c6d5dc-d1f6-4e71-b3d3-ed24c4901eac","local_time":"20180919210642","is_ascension_mode":true,"campfire_choices":[{"floor":7,"key":"REST"},{"floor":11,"key":"REST"},{"floor":13,"key":"REST"},{"floor":15,"key":"REST"}],"neow_cost":"NONE","seed_source_timestamp":0,"circlet_count":0,"master_deck":["Defend_G","Defend_G","Defend_G","Defend_G","Defend_G","Strike_G","Strike_G","Strike_G","Strike_G","Strike_G","Survivor","Neutralize","Blade Dance+1","Quick Slash","Escape Plan","Cloak And Dagger","Slice","Slice","Escape Plan"],"special_seed":0,"relics":["Ring of the Snake","Darkstone Periapt","Bottled Flame","Bottled Lightning","Centennial Puzzle","TwistedFunnel","Bag of Preparation"],"potions_floor_usage":[3,8,10],"damage_taken":[{"damage":0.0,"enemies":"Cultist","floor":1.0,"turns":3.0},{"damage":0,"enemies":"Jaw Worm","floor":3,"turns":3},{"damage":0,"enemies":"2 Louse","floor":4,"turns":2},{"damage":40,"enemies":"3 Sentries","floor":6,"turns":10},{"damage":10,"enemies":"Exordium Wildlife","floor":8,"turns":5},{"damage":33,"enemies":"Gremlin Nob","floor":10,"turns":5},{"damage":59,"enemies":"Lagavulin","floor":12,"turns":8},{"damage":56,"enemies":"Slime Boss","floor":16,"turns":10}],"seed_played":"8094267067703922403","potions_obtained":[{"floor":0.0,"key":"FairyPotion"},{"floor":0.0,"key":"SpeedPotion"},{"floor":0.0,"key":"Dexterity Potion"},{"floor":1.0,"key":"FairyPotion"},{"floor":6,"key":"Dexterity Potion"},{"floor":8,"key":"Explosive Potion"}],"is_trial":false,"path_per_floor":["M","?","M","M","?","E","R","M","T","E","R","E","R","$","R"],"character_chosen":"THE_SILENT","items_purchased":["TwistedFunnel","Bag of Preparation"],"campfire_rested":4,"item_purchase_floors":[14,14],"current_hp_per_floor":[63,63,63,63,63,23,44,34,34,1,22,7,28,28,49,0],"gold":10,"neow_bonus":"THREE_SMALL_POTIONS","is_prod":false,"is_daily":false,"chose_seed":false,"campfire_upgraded":0,"win_rate":0,"timestamp":1537380402,"path_taken":["M","?","M","M","?","E","R","M","T","E","R","E","R","?","R","BOSS"],"build_version":"2018-09-06","purchased_purges":1,"victory":false,"max_hp_per_floor":[70,70,70,70,70,70,70,70,70,70,70,70,70,70,70,70],"card_choices":[{"not_picked":["Heel Hook","Slice"],"picked":"Blade Dance","floor":1.0},{"not_picked":["Dagger Spray","Glass Knife"],"picked":"Quick Slash","floor":3},{"not_picked":["Expertise","Distraction"],"picked":"Escape Plan","floor":4},{"not_picked":["Riddle With Holes","Doppelganger"],"picked":"Cloak And Dagger","floor":6},{"not_picked":["Underhanded Strike","Leg Sweep"],"picked":"Slice","floor":8},{"not_picked":["Skewer","Expertise"],"picked":"Slice","floor":10},{"not_picked":["Underhanded Strike","Setup"],"picked":"Escape Plan","floor":12}],"player_experience":106708,"relics_obtained":[{"floor":6,"key":"Darkstone Periapt"},{"floor":9,"key":"Bottled Flame"},{"floor":10,"key":"Bottled Lightning"},{"floor":12,"key":"Centennial Puzzle"}],"event_choices":[{"event_name":"Living Wall","player_choice":"Grow","floor":2.0,"damage_taken":0.0},{"event_name":"Liars Game","player_choice":"agreed","floor":5,"damage_taken":0}],"is_beta":false,"boss_relics":[],"items_purged_floors":[14],"is_endless":false,"potions_floor_spawned":[1,4,6,8],"killed_by":"Slime Boss","ascension_level":6}