{"gold_per_floor":[111,111,127,127,147,190,190,225,225,225,225,9,9,284,284,380,380,394,40,64,64,64],"floor_reached":22,"playtime":1031,"items_purged":["Strike_B"],"score":380,"play_id":"3e347191-0fee-4efe-8c54-ae7d332aa480","local_time":"20181225223926","is_ascension_mode":true,"campfire_choices":[{"floor":7,"key":"REST"},{"data":"1","floor":10,"key":"LIFT"},{"data":"2","floor":13,"key":"LIFT"},{"floor":15,"key":"REST"}],"neow_cost":"NONE","seed_source_timestamp":358263313223973,"circlet_count":0,"master_deck":["AscendersBane","Defend_B","Defend_B","Defend_B","Defend_B","Zap+1","Dualcast","Cold Snap","Blizzard","Rip and Tear","Coolheaded","Machine Learning","Lockon+1","Force Field+1","Glacier+1","Consume","Chill","Static Discharge"],"relics":["Cracked Core","Boot","Golden Idol","Omamori","Girya","Astrolabe","Mummified Hand","GremlinMask"],"potions_floor_usage":[8,16,22],"damage_taken":[{"damage":4,"enemies":"Jaw Worm","floor":1,"turns":4},{"damage":2,"enemies":"2 Louse","floor":3,"turns":3},{"damage":0,"enemies":"Small Slimes","floor":5,"turns":2},{"damage":39,"enemies":"3 Sentries","floor":6,"turns":7},{"damage":26,"enemies":"Lagavulin","floor":8,"turns":8},{"damage":22,"enemies":"The Guardian","floor":16,"turns":12},{"damage":23,"enemies":"Shell Parasite","floor":18,"turns":5},{"damage":11,"enemies":"Spheric Guardian","floor":20,"turns":6},{"damage":20,"enemies":"Snake Plant","floor":22,"turns":4}],"seed_played":"-7466265101206797122","potions_obtained":[{"floor":6,"key":"Explosive Potion"},{"floor":18,"key":"SkillPotion"}],"is_trial":false,"path_per_floor":["M","?","M","?","M","E","R","E","T","R","?","$","R","?","R","B",null,"M","$","M","?","M"],"character_chosen":"DEFECT","items_purchased":["Coolheaded","Regen Potion","Mummified Hand","Chill"],"campfire_rested":2,"item_purchase_floors":[12,12,19,19],"current_hp_per_floor":[60,60,58,58,58,19,38,12,12,12,1,1,1,1,20,13,51,28,28,17,17,0],"gold":64,"neow_bonus":"RANDOM_COMMON_RELIC","is_prod":false,"is_daily":false,"chose_seed":false,"campfire_upgraded":0,"win_rate":0,"timestamp":1545806366,"path_taken":["M","?","M","?","M","E","R","E","T","R","?","$","R","?","R","BOSS","M","$","?","?","?"],"build_version":"2018-12-20","purchased_purges":1,"victory":false,"max_hp_per_floor":[71,64,64,64,64,64,64,64,64,64,64,64,64,64,64,64,64,64,64,64,64,64],"card_choices":[{"not_picked":["Rebound","Gash"],"picked":"Cold Snap","floor":1},{"not_picked":["Barrage","Tempest","Stack"],"picked":"SKIP","floor":3},{"not_picked":["Streamline","Barrage"],"picked":"Blizzard","floor":5},{"not_picked":["Aggregate","Redo","Hello World"],"picked":"SKIP","floor":6},{"not_picked":["Sunder","Heatsinks"],"picked":"Rip and Tear","floor":8},{"not_picked":["Meteor Strike","Thunder Strike"],"picked":"Machine Learning","floor":16},{"not_picked":["Compile Driver","Turbo"],"picked":"Consume","floor":18},{"not_picked":["Beam Cell","Steam+1"],"picked":"Static Discharge","floor":20}],"player_experience":4064931,"relics_obtained":[{"floor":6,"key":"Omamori"},{"floor":8,"key":"Girya"}],"event_choices":[{"damage_healed":0,"gold_gain":0,"player_choice":"Lose Max HP","damage_taken":0,"relics_obtained":["Golden Idol"],"max_hp_gain":0,"max_hp_loss":7,"event_name":"Golden Idol","floor":2,"gold_loss":0},{"damage_healed":0,"gold_gain":0,"player_choice":"Grow","damage_taken":0,"max_hp_gain":0,"max_hp_loss":0,"event_name":"Living Wall","floor":4,"gold_loss":0,"cards_upgraded":["Zap"]},{"damage_healed":0,"gold_gain":0,"player_choice":"Fled","damage_taken":11,"max_hp_gain":0,"max_hp_loss":0,"event_name":"Scrap Ooze","floor":11,"gold_loss":0},{"damage_healed":0,"gold_gain":275,"player_choice":"Desecrate","damage_taken":0,"max_hp_gain":0,"max_hp_loss":0,"event_name":"Golden Shrine","floor":14,"gold_loss":0,"cards_obtained":["Regret"]},{"damage_healed":0,"gold_gain":0,"player_choice":"Trade","damage_taken":0,"relics_obtained":["GremlinMask"],"max_hp_gain":0,"max_hp_loss":0,"event_name":"FaceTrader","floor":21,"gold_loss":0}],"is_beta":true,"boss_relics":[{"not_picked":["Coffee Dripper","Calling Bell"],"picked":"Astrolabe"}],"items_purged_floors":[12],"is_endless":false,"potions_floor_spawned":[6,18],"killed_by":"Snake Plant","ascension_level":20}