{"gold_per_floor":[217,217,231,231,245,245,279,11,87,100,100,100,155,170,170,247,247,264,295,306,306,323,350,350,350],"floor_reached":25,"playtime":1371,"items_purged":["Strike_G"],"score":462,"play_id":"804c9d93-87d3-4c2d-887f-c21926ed1f87","local_time":"20181225175416","is_ascension_mode":true,"campfire_choices":[{"data":"Dagger Spray","floor":6,"key":"SMITH"},{"floor":11,"key":"REST"},{"data":"Corpse Explosion","floor":15,"key":"SMITH"},{"floor":24,"key":"REST"}],"neow_cost":"NONE","seed_source_timestamp":340813672983381,"circlet_count":0,"master_deck":["AscendersBane","Defend_G+1","Defend_G+1","Defend_G+1","Defend_G+1","Defend_G+1","Strike_G+1","Strike_G+1","Strike_G+1","Strike_G+1","Survivor","Neutralize+1","Dagger Spray+1","Deadly Poison+1","Corpse Explosion+1","Catalyst","Poisoned Stab","Footwork","Cloak And Dagger","Dash","Well Laid Plans","After Image","Dash","Deadly Poison","PiercingWail"],"relics":["Ring of the Snake","Strawberry","Bottled Lightning","Tiny Chest","Cursed Key","Red Mask","Girya"],"potions_floor_usage":[7,13,23,23],"damage_taken":[{"damage":0,"enemies":"2 Louse","floor":1,"turns":3},{"damage":4,"enemies":"Small Slimes","floor":3,"turns":3},{"damage":0,"enemies":"Cultist","floor":5,"turns":4},{"damage":25,"enemies":"Lagavulin","floor":7,"turns":8},{"damage":0,"enemies":"Exordium Thugs","floor":10,"turns":3},{"damage":14,"enemies":"3 Sentries","floor":13,"turns":3},{"damage":0,"enemies":"Looter","floor":14,"turns":3},{"damage":3,"enemies":"The Guardian","floor":16,"turns":9},{"damage":16,"enemies":"2 Thieves","floor":18,"turns":4},{"damage":4,"enemies":"Masked Bandits","floor":19,"turns":2},{"damage":11,"enemies":"Spheric Guardian","floor":20,"turns":4},{"damage":0,"enemies":"Centurion and Healer","floor":22,"turns":7},{"damage":25,"enemies":"Book of Stabbing","floor":23,"turns":5},{"damage":27,"enemies":"Gremlin Leader","floor":25,"turns":6}],"seed_played":"-5067325832581967989","potions_obtained":[{"floor":3,"key":"AttackPotion"},{"floor":5,"key":"AttackPotion"},{"floor":16,"key":"PowerPotion"},{"floor":20,"key":"Swift Potion"}],"is_trial":false,"path_per_floor":["M","?","M","?","M","R","E","$","T","M","R","?","E","M","R","B",null,"M","?","M","?","M","E","R","E"],"character_chosen":"THE_SILENT","items_purchased":["Catalyst","Poisoned Stab","Footwork"],"campfire_rested":2,"item_purchase_floors":[8,8,8],"current_hp_per_floor":[59,39,35,35,35,35,17,17,17,17,38,38,24,24,24,21,60,44,40,29,29,29,4,25,0],"gold":350,"neow_bonus":"HUNDRED_GOLD","is_prod":false,"is_daily":false,"chose_seed":false,"campfire_upgraded":2,"win_rate":0,"timestamp":1545789256,"path_taken":["M","?","M","?","M","R","E","$","T","M","R","?","E","M","R","BOSS","M","?","M","?","M","E","R","E"],"build_version":"2018-12-20","purchased_purges":1,"victory":false,"max_hp_per_floor":[66,66,66,66,66,66,73,73,73,73,73,73,73,73,73,73,73,73,73,73,73,73,73,73,73],"card_choices":[{"not_picked":["Flying Knee","Dagger Throw"],"picked":"Dagger Spray","floor":1},{"not_picked":["Blur","Cloak And Dagger"],"picked":"Deadly Poison","floor":3},{"not_picked":["All Out Attack","Underhanded Strike","Slice"],"picked":"SKIP","floor":5},{"not_picked":["Poisoned Stab","Underhanded Strike"],"picked":"Corpse Explosion","floor":7},{"not_picked":["Acrobatics","Reflex"],"picked":"Cloak And Dagger","floor":10},{"not_picked":["Bane","Infinite Blades"],"picked":"Dash","floor":13},{"not_picked":["Blade Dance","Dodge and Roll"],"picked":"Well Laid Plans","floor":14},{"not_picked":["Phantasmal Killer","A Thousand Cuts"],"picked":"After Image","floor":16},{"not_picked":["Outmaneuver","Underhanded Strike"],"picked":"Dash","floor":18},{"not_picked":["Caltrops+1","Dash+1"],"picked":"Deadly Poison","floor":20},{"not_picked":["Acrobatics","Outmaneuver","Dash"],"picked":"SKIP","floor":22},{"not_picked":["Cloak And Dagger","Sucker Punch"],"picked":"PiercingWail","floor":23}],"player_experience":4054983,"relics_obtained":[{"floor":7,"key":"Strawberry"},{"floor":9,"key":"Bottled Lightning"},{"floor":13,"key":"Tiny Chest"},{"floor":19,"key":"Red Mask"},{"floor":23,"key":"Girya"}],"event_choices":[{"damage_healed":0,"gold_gain":0,"player_choice":"Entered Light","damage_taken":20,"max_hp_gain":0,"max_hp_loss":0,"event_name":"Shining Light","floor":2,"gold_loss":0,"cards_upgraded":["Defend_G","Neutralize"]},{"damage_healed":0,"gold_gain":0,"player_choice":"Grow","damage_taken":0,"max_hp_gain":0,"max_hp_loss":0,"event_name":"Living Wall","floor":4,"gold_loss":0,"cards_upgraded":["Deadly Poison"]},{"damage_healed":0,"gold_gain":0,"player_choice":"Ignored","damage_taken":0,"max_hp_gain":0,"max_hp_loss":0,"event_name":"Liars Game","floor":12,"gold_loss":0},{"damage_healed":0,"gold_gain":0,"player_choice":"Fought Bandits","damage_taken":0,"max_hp_gain":0,"max_hp_loss":0,"event_name":"Masked Bandits","floor":19,"gold_loss":0},{"damage_healed":0,"gold_gain":0,"player_choice":"Simplicity","damage_taken":0,"max_hp_gain":0,"max_hp_loss":0,"event_name":"Back to Basics","floor":21,"gold_loss":0,"cards_upgraded":["Defend_G","Defend_G","Defend_G","Defend_G","Strike_G","Strike_G","Strike_G","Strike_G"]}],"is_beta":true,"boss_relics":[{"not_picked":["Lizard Tail","WristBlade"],"picked":"Cursed Key"}],"items_purged_floors":[8],"is_endless":false,"potions_floor_spawned":[3,5,16,20],"killed_by":"Gremlin Leader","ascension_level":20}