{"gold_per_floor":[118,136,156,106,181,181,193,223,223,223,223,78,78,91,91,187,187,204,8,20,38,52,52,80,80,92,104,131,170,107,119,131,241,253,275,387,415,443,468,480,545,557,569,606,628,119,119,138,138,138],"floor_reached":51,"playtime":1979,"items_purged":[],"score":792,"play_id":"de049ada-a7cc-4789-8169-7b9f43ac6c5a","local_time":"20190219032311","is_ascension_mode":false,"campfire_choices":[{"data":"Spot Weakness","floor":6.0,"key":"SMITH"},{"data":"Carnage","floor":11.0,"key":"SMITH"},{"data":"Clothesline","floor":13.0,"key":"SMITH"},{"floor":15.0,"key":"REST"},{"floor":23,"key":"REST"},{"floor":25,"key":"DIG"},{"floor":27,"key":"DIG"},{"floor":32,"key":"DIG"},{"floor":40,"key":"DIG"},{"floor":42,"key":"DIG"},{"floor":49,"key":"DIG"}],"neow_cost":"NONE","seed_source_timestamp":2554401426218702,"circlet_count":0,"master_deck":["Strike_R","Strike_R","Defend_R+1","Defend_R","Defend_R","Defend_R","Bash+1","Spot Weakness+1","Clothesline+1","Carnage+1","Feed","Demon Form","Cleave+1","Thunderclap","Pommel Strike+1","Whirlwind","Bludgeon","Flex+1","Shrug It Off+1","Carnage+1","Blood for Blood+1","Shrug It Off+1","Offering"],"special_seed":0,"relics":["Burning Blood","Orichalcum","Sundial","Anchor","Fusion Hammer","ClockworkSouvenir","Shovel","MawBank","Magic Flower","Centennial Puzzle","Matryoshka","Bag of Preparation","Philosopher\u0027s Stone","Pocketwatch","Bottled Flame","Gambling Chip","Oddly Smooth Stone","Boot","Smiling Mask","Calipers","War Paint","HandDrill","Bottled Tornado"],"potions_floor_usage":[22,29,50,50],"damage_taken":[{"damage":1.0,"enemies":"Jaw Worm","floor":1.0,"turns":3.0},{"damage":2.0,"enemies":"2 Louse","floor":2.0,"turns":2.0},{"damage":3.0,"enemies":"Small Slimes","floor":3.0,"turns":3.0},{"damage":10.0,"enemies":"Looter","floor":7.0,"turns":3.0},{"damage":30.0,"enemies":"Gremlin Nob","floor":8.0,"turns":5.0},{"damage":6.0,"enemies":"Lots of Slimes","floor":14.0,"turns":5.0},{"damage":31.0,"enemies":"Hexaghost","floor":16.0,"turns":7.0},{"damage":8,"enemies":"3 Byrds","floor":18,"turns":5},{"damage":0,"enemies":"Chosen","floor":20,"turns":3},{"damage":18,"enemies":"Sentry and Sphere","floor":21,"turns":4},{"damage":15,"enemies":"3 Cultists","floor":22,"turns":4},{"damage":12,"enemies":"Gremlin Leader","floor":24,"turns":4},{"damage":0,"enemies":"Cultist and Chosen","floor":28,"turns":3},{"damage":18,"enemies":"Slavers","floor":29,"turns":3},{"damage":40,"enemies":"Champ","floor":33,"turns":7},{"damage":14,"enemies":"3 Shapes","floor":35,"turns":3},{"damage":12,"enemies":"Mind Bloom Boss Battle","floor":36,"turns":5},{"damage":0,"enemies":"Orb Walker","floor":37,"turns":2},{"damage":0,"enemies":"4 Shapes","floor":38,"turns":3},{"damage":17,"enemies":"3 Darklings","floor":39,"turns":3},{"damage":29,"enemies":"2 Orb Walkers","floor":41,"turns":3},{"damage":13,"enemies":"Reptomancer","floor":44,"turns":4},{"damage":6,"enemies":"Spire Growth","floor":45,"turns":4},{"damage":11,"enemies":"4 Shapes","floor":48,"turns":2},{"damage":95,"enemies":"Donu and Deca","floor":50,"turns":8}],"seed_played":"6485117608296954611","potions_obtained":[{"floor":1.0,"key":"GamblersBrew"},{"floor":8.0,"key":"GamblersBrew"},{"floor":14.0,"key":"EssenceOfSteel"},{"floor":24,"key":"SkillPotion"},{"floor":37,"key":"SpeedPotion"},{"floor":39,"key":"FairyPotion"}],"is_trial":false,"path_per_floor":["M","M","M","?","?","R","M","E","T","?","R","$","R","M","R","B",null,"M","$","M","M","M","R","E","R","T","R","M","E","?","$","R","B",null,"M","?","M","M","M","R","?","R","T","E","M","$","?","M","R","B",null],"character_chosen":"IRONCLAD","items_purchased":["Anchor","ClockworkSouvenir","Offering","War Paint","HandDrill"],"campfire_rested":2,"item_purchase_floors":[12,19,46,46,46],"current_hp_per_floor":[80,80,80,80,69,69,65,41,41,41,41,41,41,41,65,43,83,84,84,89,77,71,92,89,89,89,89,95,91,91,91,91,60,98,98,95,101,104,96,96,76,76,76,72,75,75,75,78,78,30],"gold":138,"neow_bonus":"UPGRADE_CARD","is_prod":false,"is_daily":false,"chose_seed":false,"campfire_upgraded":3,"win_rate":0,"timestamp":1550568191,"path_taken":["M","M","M","?","?","R","M","E","T","?","R","?","R","M","R","BOSS","M","?","M","M","M","R","E","R","T","R","?","E","?","$","R","BOSS","M","?","M","M","M","R","?","R","T","E","M","$","?","M","R","BOSS"],"build_version":"2019-01-23","purchased_purges":0,"victory":true,"max_hp_per_floor":[80,80,80,80,80,80,80,80,80,80,80,80,80,80,80,83,83,86,86,89,89,92,92,95,95,95,95,95,98,98,98,98,98,98,101,101,101,104,104,104,104,104,104,104,104,104,104,107,107,111],"card_choices":[{"not_picked":["Shrug It Off","Disarm"],"picked":"Spot Weakness","floor":1.0},{"not_picked":["Cleave","Flex"],"picked":"Clothesline","floor":2.0},{"not_picked":["Sword Boomerang","True Grit","Anger"],"picked":"SKIP","floor":3.0},{"not_picked":["Warcry","Shockwave","Bloodletting"],"picked":"SKIP","floor":7.0},{"not_picked":["Intimidate","Anger"],"picked":"Carnage","floor":8.0},{"not_picked":["Battle Trance","Blood for Blood"],"picked":"Feed","floor":14.0},{"not_picked":["Immolate","Reaper"],"picked":"Demon Form","floor":16.0},{"not_picked":["Rupture+1","Headbutt"],"picked":"Cleave+1","floor":18},{"not_picked":["Warcry","Wild Strike","Body Slam"],"picked":"SKIP","floor":20},{"not_picked":["Twin Strike","Shockwave","Power Through"],"picked":"SKIP","floor":21},{"not_picked":["Body Slam+1","Cleave"],"picked":"Thunderclap","floor":22},{"not_picked":["Intimidate+1","Evolve"],"picked":"Pommel Strike+1","floor":24},{"not_picked":["Carnage","Entrench","Fire Breathing"],"picked":"SKIP","floor":28},{"not_picked":["Entrench+1","Brutality"],"picked":"Whirlwind","floor":29},{"not_picked":["Dark Embrace","Barricade"],"picked":"Bludgeon","floor":33},{"not_picked":["Combust","Battle Trance+1"],"picked":"Flex+1","floor":35},{"not_picked":["True Grit","Clothesline"],"picked":"Shrug It Off+1","floor":36},{"not_picked":["Perfected Strike+1","Second Wind","Sword Boomerang+1"],"picked":"SKIP","floor":37},{"not_picked":["Seeing Red+1","Anger+1"],"picked":"Carnage+1","floor":38},{"not_picked":["Sever Soul+1","Warcry+1"],"picked":"Blood for Blood+1","floor":39},{"not_picked":["Sword Boomerang+1","Armaments","Flex"],"picked":"SKIP","floor":44},{"not_picked":["Ghostly Armor+1","Rupture"],"picked":"Shrug It Off","floor":45},{"not_picked":["Shrug It Off+1","Cleave","Body Slam"],"picked":"SKIP","floor":48}],"player_experience":555220,"relics_obtained":[{"floor":8.0,"key":"Orichalcum"},{"floor":9.0,"key":"Sundial"},{"floor":24,"key":"Shovel"},{"floor":25,"key":"MawBank"},{"floor":26,"key":"Magic Flower"},{"floor":27,"key":"Centennial Puzzle"},{"floor":29,"key":"Matryoshka"},{"floor":32,"key":"Bag of Preparation"},{"floor":36,"key":"Pocketwatch"},{"floor":40,"key":"Bottled Flame"},{"floor":41,"key":"Gambling Chip"},{"floor":42,"key":"Oddly Smooth Stone"},{"floor":43,"key":"Boot"},{"floor":43,"key":"Smiling Mask"},{"floor":44,"key":"Calipers"},{"floor":49,"key":"Bottled Tornado"}],"event_choices":[{"cards_removed":["Strike_R"],"damage_healed":0.0,"max_hp_gain":0.0,"max_hp_loss":0.0,"gold_gain":0.0,"event_name":"The Cleric","player_choice":"Card Removal","floor":4.0,"gold_loss":50.0,"damage_taken":0.0},{"damage_healed":0.0,"max_hp_gain":0.0,"max_hp_loss":0.0,"gold_gain":75.0,"event_name":"World of Goop","player_choice":"Gather Gold","floor":5.0,"gold_loss":0.0,"damage_taken":11.0},{"damage_healed":0.0,"max_hp_gain":0.0,"max_hp_loss":0.0,"gold_gain":0.0,"event_name":"Liars Game","player_choice":"Ignored","floor":10.0,"gold_loss":0.0,"damage_taken":0.0},{"cards_removed":["Strike_R"],"damage_healed":0,"gold_gain":0,"player_choice":"Gave Gold","damage_taken":0,"max_hp_gain":0,"max_hp_loss":0,"event_name":"Beggar","floor":30,"gold_loss":75},{"damage_healed":0,"gold_gain":0,"player_choice":"Fight","damage_taken":0,"max_hp_gain":0,"max_hp_loss":0,"event_name":"MindBloom","floor":36,"gold_loss":0},{"damage_healed":0,"gold_gain":0,"player_choice":"Fight","damage_taken":0,"max_hp_gain":0,"max_hp_loss":0,"event_name":"Mysterious Sphere","floor":41,"gold_loss":0},{"cards_removed":["Strike_R"],"damage_healed":0,"gold_gain":0,"player_choice":"Removed Attack","damage_taken":0,"max_hp_gain":0,"max_hp_loss":0,"event_name":"Falling","floor":47,"gold_loss":0}],"is_beta":false,"boss_relics":[{"not_picked":["Astrolabe","Eternal Feather"],"picked":"Fusion Hammer"},{"not_picked":["Tiny House","White Beast Statue"],"picked":"Philosopher\u0027s Stone"}],"items_purged_floors":[],"is_endless":false,"potions_floor_spawned":[1,8,14,16,20,21,24,37,38,39,41],"ascension_level":0}