{"gold_per_floor":[116,116,132,143,160,160,82,110,110,110,123,142,142,153,153,255,255,270,4,20,0,0,0,10,10,35,55,55,66,66,76,76,176,176,189,189,19,37,37,37,72,72,72,86,86,86,86,97,97,97],"floor_reached":51,"playtime":1961,"items_purged":["Strike_G"],"score":972,"play_id":"2c35c2f1-0126-4464-8318-b9e4f7eeb63b","local_time":"20190303105438","is_ascension_mode":true,"campfire_choices":[{"data":"Poisoned Stab","floor":6,"key":"SMITH"},{"data":"Noxious Fumes","floor":10,"key":"SMITH"},{"data":"Dodge and Roll","floor":13,"key":"SMITH"},{"data":"Neutralize","floor":15,"key":"SMITH"},{"data":"Apotheosis","floor":23,"key":"SMITH"},{"data":"Noxious Fumes","floor":30,"key":"SMITH"},{"data":"Footwork","floor":32,"key":"SMITH"},{"data":"Noxious Fumes","floor":40,"key":"SMITH"},{"data":"Adrenaline","floor":42,"key":"SMITH"},{"floor":45,"key":"REST"},{"floor":49,"key":"REST"}],"neow_cost":"","seed_source_timestamp":736792232042100,"circlet_count":0,"master_deck":["Defend_G","Defend_G","Defend_G","Defend_G","Defend_G","Survivor","Neutralize+1","Dodge and Roll+1","Noxious Fumes+1","Adrenaline+1","Apotheosis+1","Noxious Fumes+1","Deadly Poison+1","Blur+1","Deadly Poison+1","Footwork+1","Leg Sweep+1","Infinite Blades+1","Corpse Explosion+1","Well Laid Plans","Madness","Madness","Noxious Fumes+1","Poisoned Stab+1","Deflect","Backflip+1"],"relics":["Ring of the Snake","Pantograph","Singing Bowl","Black Star","Matryoshka","Shuriken","Vajra","Astrolabe","Anchor","Whetstone","Juzu Bracelet","Dodecahedron"],"potions_floor_usage":[8,16,33,33,33,48,50,50],"damage_taken":[{"damage":1,"enemies":"2 Louse","floor":1,"turns":4},{"damage":0,"enemies":"Jaw Worm","floor":3,"turns":5},{"damage":0,"enemies":"Small Slimes","floor":4,"turns":3},{"damage":7,"enemies":"Blue Slaver","floor":5,"turns":5},{"damage":8,"enemies":"3 Sentries","floor":8,"turns":9},{"damage":2,"enemies":"Exordium Thugs","floor":11,"turns":4},{"damage":0,"enemies":"Large Slime","floor":12,"turns":5},{"damage":0,"enemies":"Looter","floor":14,"turns":4},{"damage":8,"enemies":"Hexaghost","floor":16,"turns":9},{"damage":2,"enemies":"Spheric Guardian","floor":18,"turns":5},{"damage":0,"enemies":"Shell Parasite","floor":20,"turns":5},{"damage":20,"enemies":"3 Cultists","floor":24,"turns":5},{"damage":5,"enemies":"Sentry and Sphere","floor":27,"turns":6},{"damage":9,"enemies":"Snake Plant","floor":29,"turns":7},{"damage":4,"enemies":"Snecko","floor":31,"turns":6},{"damage":46,"enemies":"Collector","floor":33,"turns":9},{"damage":10,"enemies":"3 Shapes","floor":35,"turns":5},{"damage":12,"enemies":"Orb Walker","floor":38,"turns":5},{"damage":14,"enemies":"Nemesis","floor":41,"turns":9},{"damage":17,"enemies":"3 Darklings","floor":44,"turns":3},{"damage":11,"enemies":"4 Shapes","floor":48,"turns":6},{"damage":34,"enemies":"Donu and Deca","floor":50,"turns":8}],"seed_played":"6489134292935489571","potions_obtained":[{"floor":4,"key":"GhostInAJar"},{"floor":8,"key":"Explosive Potion"},{"floor":12,"key":"Strength Potion"},{"floor":16,"key":"FearPotion"},{"floor":18,"key":"PowerPotion"},{"floor":27,"key":"Regen Potion"},{"floor":38,"key":"Fire Potion"},{"floor":41,"key":"LiquidBronze"},{"floor":44,"key":"LiquidBronze"}],"is_trial":false,"path_per_floor":["M","?","M","M","M","R","$","E","T","R","M","M","R","M","R","B",null,"M","$","M","?","?","R","M","$","T","M","$","M","R","M","R","B",null,"M","?","$","M","$","R","E","R","T","M","R","?","?","M","R","B",null],"character_chosen":"THE_SILENT","items_purchased":["Poisoned Stab","Dodge and Roll","Noxious Fumes","Apotheosis","Noxious Fumes","Noxious Fumes","Poisoned Stab","Deflect"],"campfire_rested":2,"item_purchase_floors":[0,0,7,19,19,37,37,37],"current_hp_per_floor":[61,54,54,54,47,47,47,39,39,39,39,41,41,43,43,60,76,76,76,76,76,76,76,58,58,58,53,53,44,44,40,40,36,82,72,62,62,52,52,52,40,40,40,23,48,48,48,39,65,54],"gold":97,"neow_bonus":"","is_prod":false,"is_daily":false,"chose_seed":false,"campfire_upgraded":9,"win_rate":0,"timestamp":1551606878,"path_taken":["M","?","M","M","M","R","$","E","T","R","M","M","R","M","R","BOSS","M","$","M","?","?","R","M","?","T","M","$","M","R","?","R","BOSS","M","?","$","M","$","R","E","R","T","M","R","?","?","M","R","BOSS"],"build_version":"2019-01-23","purchased_purges":1,"victory":true,"max_hp_per_floor":[70,70,70,70,70,70,70,70,70,70,72,74,74,76,76,76,76,78,78,78,78,78,78,80,80,80,80,80,80,80,80,80,82,82,82,82,82,84,84,84,86,86,86,86,86,86,86,88,88,88],"card_choices":[{"not_picked":["Prepared","Skewer","Dagger Throw"],"picked":"SKIP","floor":1},{"not_picked":["Cloak And Dagger","Outmaneuver","Predator"],"picked":"SKIP","floor":3},{"not_picked":["Dodge and Roll","Flying Knee","Quick Slash"],"picked":"SKIP","floor":4},{"not_picked":["Skewer","Dagger Throw","Acrobatics"],"picked":"SKIP","floor":5},{"not_picked":["Flying Knee","Acrobatics","Blade Dance"],"picked":"SKIP","floor":8},{"not_picked":["Reflex","Backflip","Prepared"],"picked":"Singing Bowl","floor":11},{"not_picked":["Bane","Dodge and Roll","Prepared"],"picked":"Singing Bowl","floor":12},{"not_picked":["Glass Knife","Terror","Masterful Stab"],"picked":"Singing Bowl","floor":14},{"not_picked":["Wraith Form v2","A Thousand Cuts"],"picked":"Adrenaline","floor":16},{"not_picked":["Finisher","Dagger Spray+1","Slice"],"picked":"Singing Bowl","floor":18},{"not_picked":["Backflip","Skewer+1"],"picked":"Deadly Poison+1","floor":20},{"not_picked":["Deflect","Blade Dance","Acrobatics"],"picked":"Singing Bowl","floor":24},{"not_picked":["PiercingWail+1","Escape Plan"],"picked":"Blur+1","floor":27},{"not_picked":["Flying Knee","Storm of Steel"],"picked":"Deadly Poison+1","floor":29},{"not_picked":["Distraction+1","Prepared"],"picked":"Footwork","floor":31},{"not_picked":["Tools of the Trade","Wraith Form v2","Doppelganger"],"picked":"Singing Bowl","floor":33},{"not_picked":["Deflect","Calculated Gamble+1"],"picked":"Well Laid Plans","floor":35},{"not_picked":["Riddle With Holes","Caltrops+1","Poisoned Stab+1"],"picked":"Singing Bowl","floor":38},{"not_picked":["Deadly Poison","Flechettes","Outmaneuver"],"picked":"Singing Bowl","floor":41},{"not_picked":["Unload","Sucker Punch+1"],"picked":"Backflip+1","floor":44},{"not_picked":["Dash+1","Dodge and Roll","All Out Attack+1"],"picked":"Singing Bowl","floor":48}],"player_experience":150803,"relics_obtained":[{"floor":8,"key":"Pantograph"},{"floor":9,"key":"Singing Bowl"},{"floor":26,"key":"Shuriken"},{"floor":26,"key":"Vajra"},{"floor":41,"key":"Anchor"},{"floor":41,"key":"Whetstone"},{"floor":43,"key":"Juzu Bracelet"},{"floor":43,"key":"Dodecahedron"}],"event_choices":[{"cards_removed":["Strike_G"],"damage_healed":0,"gold_gain":0,"player_choice":"Card Removal","damage_taken":7,"max_hp_gain":0,"max_hp_loss":0,"event_name":"Golden Wing","floor":2,"gold_loss":0},{"damage_healed":0,"gold_gain":0,"player_choice":"Paid Fearfully","damage_taken":0,"max_hp_gain":0,"max_hp_loss":0,"event_name":"Masked Bandits","floor":21,"gold_loss":20},{"damage_healed":0,"gold_gain":0,"player_choice":"Opened","damage_taken":0,"relics_obtained":["Matryoshka"],"max_hp_gain":0,"max_hp_loss":0,"event_name":"The Mausoleum","floor":22,"gold_loss":0},{"damage_healed":0,"gold_gain":0,"player_choice":"Embrace Madness","damage_taken":10,"max_hp_gain":0,"max_hp_loss":0,"event_name":"Winding Halls","floor":36,"gold_loss":0,"cards_obtained":["Madness","Madness"]},{"cards_removed":["Poisoned Stab"],"damage_healed":0,"gold_gain":0,"player_choice":"Removed Attack","damage_taken":0,"max_hp_gain":0,"max_hp_loss":0,"event_name":"Falling","floor":46,"gold_loss":0},{"damage_healed":0,"gold_gain":0,"player_choice":"Ignored","damage_taken":0,"max_hp_gain":0,"max_hp_loss":0,"event_name":"SecretPortal","floor":47,"gold_loss":0}],"is_beta":false,"boss_relics":[{"not_picked":["Philosopher\u0027s Stone","White Beast Statue"],"picked":"Black Star"},{"not_picked":["Eternal Feather","Fusion Hammer"],"picked":"Astrolabe"}],"items_purged_floors":[0],"is_endless":false,"potions_floor_spawned":[4,8,12,16,18,27,38,41,44],"ascension_level":1}