{"path_per_floor":["M","M","?","M","?","R","?","R","T","?","E","R","M","$","R"],"character_chosen":"DEFECT","items_purchased":[],"gold_per_floor":[118,130,130,141,241,241,316,316,316,266,291,291,301,226,226,226],"floor_reached":16,"campfire_rested":0,"playtime":492,"item_purchase_floors":[],"current_hp_per_floor":[70,64,57,56,56,56,45,45,45,45,36,36,35,35,35,0],"items_purged":["Strike_B"],"gold":226,"score":98,"play_id":"62dacf27-0a6b-4e5f-b723-36c0a624d9d5","local_time":"20180602184538","is_prod":false,"is_daily":false,"chose_seed":false,"is_ascension_mode":false,"campfire_upgraded":4,"win_rate":0.0,"timestamp":1527932738,"campfire_choices":[{"data":"Zap","floor":6,"key":"SMITH"},{"data":"Tempest","floor":8,"key":"SMITH"},{"data":"Ball Lightning","floor":12,"key":"SMITH"},{"data":"Dualcast","floor":15,"key":"SMITH"}],"path_taken":["M","M","?","M","?","R","?","R","T","?","E","R","M","$","R","BOSS"],"build_version":"2018-05-31","seed_source_timestamp":854631621456499,"purchased_purges":1,"victory":false,"master_deck":["Strike_B","Strike_B","Strike_B","Defend_B","Defend_B","Zap+1","Dualcast+1","Ball Lightning+1","Tempest+1","Reprogram"],"max_hp_per_floor":[75,75,75,75,75,75,75,75,75,75,75,75,75,75,75,75],"relics":["Cracked Core","Vajra","Blue Candle"],"card_choices":[{"not_picked":["Barrage","Hologram"],"picked":"Ball Lightning","floor":1},{"not_picked":["Force Field","Compile Driver","Conserve Battery"],"picked":"SKIP","floor":2},{"not_picked":["Fusion","Stack"],"picked":"Tempest","floor":4},{"not_picked":["Reinforced Body","Steam","Cold Snap"],"picked":"SKIP","floor":11},{"not_picked":["Melter","Beam Cell"],"picked":"Reprogram","floor":13}],"player_experience":735626,"potions_floor_usage":[16],"damage_taken":[{"damage":5,"enemies":"Small Slimes","floor":1,"turns":3},{"damage":6,"enemies":"Jaw Worm","floor":2,"turns":2},{"damage":1,"enemies":"2 Louse","floor":4,"turns":2},{"damage":9,"enemies":"3 Sentries","floor":11,"turns":5},{"damage":1,"enemies":"Exordium Wildlife","floor":13,"turns":3},{"damage":42,"enemies":"The Guardian","floor":16,"turns":7}],"relics_obtained":[{"floor":9,"key":"Vajra"},{"floor":11,"key":"Blue Candle"}],"event_choices":[{"event_name":"Golden Wing","player_choice":"Card Removal","floor":3,"damage_taken":0},{"event_name":"Golden Shrine","player_choice":"Pray","floor":5,"damage_taken":0},{"event_name":"World of Goop","player_choice":"Gather Gold","floor":7,"damage_taken":0},{"event_name":"The Cleric","player_choice":"Card Removal","floor":10,"damage_taken":0}],"boss_relics":[],"items_purged_floors":[14],"potions_floor_spawned":[2,4],"seed_played":"8006806573979745088","killed_by":"The Guardian","ascension_level":0,"potions_obtained":[{"floor":2,"key":"FearPotion"},{"floor":4,"key":"Block Potion"}],"is_trial":false}