{"gold_per_floor":[115,126,126,126,126,126,161,4,4,4,14,33,44,73,73,176,176,176,176,101,101,101,101,101,101,101,51,51,51,51,51,51,51],"floor_reached":33,"playtime":4098,"items_purged":[],"score":449,"play_id":"91a9e125-1d5a-4594-b62d-bb304179b24c","local_time":"20181209185649","is_ascension_mode":true,"campfire_choices":[{"data":"Footwork","floor":6,"key":"SMITH"},{"data":"Caltrops","floor":15,"key":"SMITH"},{"data":"Dash","floor":28,"key":"SMITH"},{"floor":32,"key":"REST"}],"neow_cost":"NONE","seed_source_timestamp":1367609358986490,"circlet_count":0,"master_deck":["Defend_G+1","Defend_G+1","Defend_G+1","Defend_G+1","Defend_G+1","Strike_G+1","Strike_G+1","Strike_G+1","Strike_G+1","Strike_G+1","Survivor","Neutralize+1","Footwork+1","Caltrops+1","All Out Attack","Backflip","Dagger Throw","Leg Sweep","Die Die Die","Calculated Gamble","Dash+1","Cloak And Dagger","Terror","Blur","Caltrops+1","Blur"],"relics":["Ring of the Snake","NeowsBlessing","Gambling Chip","Frozen Egg 2","Anchor","Bottled Flame","Turnip","Ectoplasm","Ancient Tea Set","Pen Nib","The Courier","Omamori"],"potions_floor_usage":[12,14,23,23,25,31,33],"damage_taken":[{"damage":0,"enemies":"Small Slimes","floor":1,"turns":1},{"damage":0,"enemies":"2 Louse","floor":2,"turns":2},{"damage":0,"enemies":"3 Sentries","floor":7,"turns":1},{"damage":0,"enemies":"Jaw Worm","floor":11,"turns":3},{"damage":1,"enemies":"Large Slime","floor":12,"turns":6},{"damage":1,"enemies":"Blue Slaver","floor":13,"turns":3},{"damage":15,"enemies":"Lagavulin","floor":14,"turns":8},{"damage":11,"enemies":"Hexaghost","floor":16,"turns":12},{"damage":0,"enemies":"Shell Parasite","floor":18,"turns":7},{"damage":3,"enemies":"2 Thieves","floor":20,"turns":5},{"damage":2,"enemies":"Sentry and Sphere","floor":21,"turns":5},{"damage":6,"enemies":"Slavers","floor":23,"turns":7},{"damage":11,"enemies":"3 Cultists","floor":25,"turns":5},{"damage":31,"enemies":"Chosen and Byrds","floor":29,"turns":5},{"damage":0,"enemies":"Book of Stabbing","floor":31,"turns":5},{"damage":24,"enemies":"Automaton","floor":33,"turns":4}],"seed_played":"5587250369532136000","potions_obtained":[{"floor":1,"key":"Fire Potion"},{"floor":11,"key":"FearPotion"},{"floor":16,"key":"Energy Potion"},{"floor":18,"key":"Dexterity Potion"},{"floor":21,"key":"SpeedPotion"},{"floor":29,"key":"GamblersBrew"},{"floor":31,"key":"SkillPotion"}],"is_trial":false,"path_per_floor":["M","M","?","?","?","R","E","$","T","?","M","M","M","E","R","B",null,"M","?","M","M","?","E","$","M","T","?","R","M","?","E","R","B"],"character_chosen":"THE_SILENT","items_purchased":["Anchor"],"campfire_rested":1,"item_purchase_floors":[8],"current_hp_per_floor":[63,63,63,49,42,42,42,42,42,42,42,41,40,25,25,14,56,56,56,53,51,51,45,45,34,34,34,34,3,3,3,24,0],"gold":51,"neow_bonus":"THREE_ENEMY_KILL","is_prod":false,"is_daily":false,"chose_seed":false,"campfire_upgraded":3,"win_rate":0,"timestamp":1544399809,"path_taken":["M","M","?","?","?","R","E","?","T","?","?","M","M","E","R","BOSS","M","?","M","M","?","E","$","?","T","?","R","?","?","E","R","BOSS"],"build_version":"2018-12-06","purchased_purges":0,"victory":false,"max_hp_per_floor":[70,70,70,70,70,70,70,70,70,70,70,70,70,70,70,70,70,70,70,70,70,70,70,70,70,70,70,70,70,70,70,70,70],"card_choices":[{"not_picked":["Flying Knee","Slice"],"picked":"Footwork","floor":1},{"not_picked":["Dodge and Roll","Slice"],"picked":"Caltrops","floor":2},{"not_picked":["Outmaneuver","Sucker Punch"],"picked":"All Out Attack","floor":7},{"not_picked":["Underhanded Strike","Grand Finale"],"picked":"Backflip","floor":11},{"not_picked":["Deadly Poison","Poisoned Stab"],"picked":"Dagger Throw","floor":12},{"not_picked":["Flying Knee","Heel Hook"],"picked":"Leg Sweep","floor":13},{"not_picked":["Predator","Bane","Deadly Poison"],"picked":"SKIP","floor":14},{"not_picked":["Phantasmal Killer","Grand Finale"],"picked":"Die Die Die","floor":16},{"not_picked":["Poisoned Stab","Flying Knee+1"],"picked":"Calculated Gamble","floor":18},{"not_picked":["Crippling Poison+1","Distraction"],"picked":"Dash","floor":20},{"not_picked":["Prepared","Deadly Poison"],"picked":"Cloak And Dagger","floor":21},{"not_picked":["Underhanded Strike","Setup"],"picked":"Terror","floor":23},{"not_picked":["Sucker Punch+1","Finisher"],"picked":"Blur","floor":25},{"not_picked":["Deflect","Blade Dance"],"picked":"Caltrops+1","floor":29},{"not_picked":["Dodge and Roll","Choke+1"],"picked":"Blur","floor":31}],"player_experience":292367,"relics_obtained":[{"floor":7,"key":"Frozen Egg 2"},{"floor":9,"key":"Bottled Flame"},{"floor":14,"key":"Turnip"},{"floor":23,"key":"Pen Nib"},{"floor":26,"key":"The Courier"},{"floor":31,"key":"Omamori"}],"event_choices":[{"damage_healed":0,"gold_gain":0,"player_choice":"Grow","damage_taken":0,"max_hp_gain":0,"max_hp_loss":0,"event_name":"Living Wall","floor":3,"gold_loss":0,"cards_upgraded":["Neutralize"]},{"damage_healed":0,"gold_gain":0,"player_choice":"Entered Light","damage_taken":14,"max_hp_gain":0,"max_hp_loss":0,"event_name":"Shining Light","floor":4,"gold_loss":0,"cards_upgraded":["Defend_G","Defend_G"]},{"damage_healed":0,"gold_gain":0,"player_choice":"Success","damage_taken":7,"relics_obtained":["Gambling Chip"],"max_hp_gain":0,"max_hp_loss":0,"event_name":"Scrap Ooze","floor":5,"gold_loss":0},{"damage_healed":0,"gold_gain":0,"player_choice":"Leave","damage_taken":0,"max_hp_gain":0,"max_hp_loss":0,"event_name":"The Cleric","floor":10,"gold_loss":0},{"damage_healed":0,"gold_gain":0,"player_choice":"Opened","damage_taken":0,"relics_obtained":["Ancient Tea Set"],"max_hp_gain":0,"max_hp_loss":0,"event_name":"The Mausoleum","floor":19,"gold_loss":0,"cards_obtained":["Writhe"]},{"cards_removed":["Writhe"],"damage_healed":0,"gold_gain":0,"player_choice":"Removed Curses","damage_taken":0,"max_hp_gain":0,"max_hp_loss":0,"event_name":"Fountain of Cleansing","floor":22,"gold_loss":0},{"damage_healed":0,"gold_gain":0,"player_choice":"Bet on Murderer","damage_taken":0,"max_hp_gain":0,"max_hp_loss":0,"event_name":"The Joust","floor":27,"gold_loss":50},{"damage_healed":0,"gold_gain":0,"player_choice":"Simplicity","damage_taken":0,"max_hp_gain":0,"max_hp_loss":0,"event_name":"Back to Basics","floor":30,"gold_loss":0,"cards_upgraded":["Defend_G","Defend_G","Defend_G","Strike_G","Strike_G","Strike_G","Strike_G","Strike_G"]}],"is_beta":false,"boss_relics":[{"not_picked":["Velvet Choker","Philosopher\u0027s Stone"],"picked":"Ectoplasm"}],"items_purged_floors":[],"is_endless":false,"potions_floor_spawned":[1,11,16,18,21,29,31],"killed_by":"Automaton","ascension_level":6}