{"path_per_floor":["M","M","?","?","$","R","E","R","T","R","T","E","M","M","R","B",null,"M","M","M","$","M","R","M","?","T","M"],"character_chosen":"IRONCLAD","items_purchased":["Fiend Fire","Strength Potion"],"gold_per_floor":[112,122,122,122,47,47,77,77,131,131,131,158,175,185,185,290,290,303,313,330,34,46,46,63,63,131,148],"floor_reached":28,"campfire_rested":1,"playtime":2544,"current_hp_per_floor":[77,69,62,62,62,62,47,47,47,47,47,42,47,48,48,20,63,46,52,40,40,23,46,50,34,34,11],"items_purged":["Defend_R","Strike_R"],"gold":148,"play_id":"381f10f6-00b4-4011-befa-9e54abe006bc","is_prod":false,"is_daily":false,"is_ascension_mode":true,"campfire_upgraded":4,"path_taken":["M","M","?","?","$","R","E","R","T","R","?","E","M","M","R","BOSS","M","M","M","$","M","R","M","?","T","M","M"],"build_version":"2018-02-01-PROD3","purchased_purges":2,"victory":false,"master_deck":["Strike_R","Strike_R","Strike_R","Defend_R","Defend_R","Defend_R","Bash+1","Demon Form+1","True Grit+1","Pommel Strike+1","Havoc+1","Body Slam","Sword Boomerang","Demon Form","Entrench","Fiend Fire","Clothesline","Shrug It Off"],"max_hp_per_floor":[80,80,77,77,77,77,77,77,77,77,77,77,77,77,77,77,77,77,77,77,77,77,77,77,77,77,77],"relics":["Burning Blood","Dream Catcher","Tiny Chest","Calipers","Happy Flower","Snecko Eye","Enchiridion","Smiling Mask"],"card_choices":[{"not_picked":["Combust","Flex"],"picked":"Demon Form"},{"not_picked":["Flex","Heavy Blade"],"picked":"True Grit"},{"not_picked":["Heavy Blade","Power Through"],"picked":"Pommel Strike"},{"not_picked":["Pommel Strike","Armaments"],"picked":"Havoc"},{"not_picked":["Hemokinesis","Cleave"],"picked":"Body Slam"},{"not_picked":["Twin Strike","Corruption"],"picked":"Sword Boomerang"},{"not_picked":["Limit Break","Juggernaut"],"picked":"Demon Form"},{"not_picked":["Shrug It Off","Shockwave"],"picked":"Entrench"},{"not_picked":["Burning Pact","Thunderclap"],"picked":"Clothesline"},{"not_picked":["Iron Wave","Inflame"],"picked":"Shrug It Off"}],"player_experience":612325,"potions_floor_usage":[12,20,20,27,28],"damage_taken":[{"damage":1,"enemies":"Cultist","floor":1,"turns":4},{"damage":14,"enemies":"Small Slimes","floor":2,"turns":4},{"damage":21,"enemies":"Lagavulin","floor":7,"turns":7},{"damage":26,"enemies":"3 Sentries","floor":12,"turns":6},{"damage":1,"enemies":"2 Louse","floor":13,"turns":4},{"damage":5,"enemies":"2 Fungi Beasts","floor":14,"turns":4},{"damage":34,"enemies":"Hexaghost","floor":16,"turns":7},{"damage":23,"enemies":"2 Thieves","floor":18,"turns":3},{"damage":0,"enemies":"Spheric Guardian","floor":19,"turns":3},{"damage":18,"enemies":"Chosen and Byrds","floor":20,"turns":4},{"damage":23,"enemies":"Centurion and Healer","floor":22,"turns":3},{"damage":2,"enemies":"3 Cultists","floor":24,"turns":4},{"damage":29,"enemies":"Slaver and Parasite","floor":27,"turns":6},{"damage":19,"enemies":"Centurion and Healer","floor":28,"turns":2}],"event_choices":[{"event_name":"Golden Wing","player_choice":"Card Removal","floor":3,"damage_taken":0},{"event_name":"Living Wall","player_choice":"Forget","floor":4,"damage_taken":0},{"event_name":"Cursed Tome","player_choice":"Obtained Book","floor":25,"damage_taken":0}],"boss_relics":[{"not_picked":["Runic Dome","Mark of Pain"],"picked":"Snecko Eye"}],"potions_floor_spawned":[1,2,19,27],"seed_played":"8116095251697168868","killed_by":"Centurion and Healer","ascension_level":10,"is_trial":false}