{"gold_per_floor":[109,59,59,71,71,71,82,82,82,105,105,105,125,125,125,222,222,233,246,246,9,24,24,41,58,85,85,10,22,39,51,51,51],"floor_reached":33,"playtime":1393,"items_purged":["Strike_B"],"score":264,"play_id":"e80b673d-8414-4464-b67b-183c12cdd454","local_time":"20190223191220","is_ascension_mode":false,"campfire_choices":[{"data":"Zap","floor":6,"key":"SMITH"},{"data":"Dualcast","floor":12,"key":"SMITH"},{"data":"Consume","floor":15,"key":"SMITH"},{"data":"Defragment","floor":23,"key":"SMITH"},{"floor":32,"key":"REST"}],"neow_cost":"NONE","seed_source_timestamp":772839466022946,"circlet_count":0,"master_deck":["Strike_B","Defend_B","Defend_B","Defend_B+1","Zap+1","Dualcast+1","Turbo+1","Ball Lightning","Redo","Consume+1","Buffer","Redo","Lockon","Reinforced Body","Conserve Battery","Defragment+1","Loop","Conserve Battery","Loop","Self Repair","White Noise"],"relics":["Cracked Core","Pear","Turnip","Odd Mushroom","Orrery","Strawberry","Bronze Scales","MutagenicStrength"],"potions_floor_usage":[30,30],"damage_taken":[{"damage":1,"enemies":"2 Louse","floor":1,"turns":3},{"damage":0,"enemies":"Small Slimes","floor":4,"turns":3},{"damage":6,"enemies":"Jaw Worm","floor":7,"turns":2},{"damage":8,"enemies":"The Mushroom Lair","floor":10,"turns":4},{"damage":0,"enemies":"2 Fungi Beasts","floor":13,"turns":3},{"damage":34,"enemies":"Hexaghost","floor":16,"turns":7},{"damage":5,"enemies":"Chosen","floor":18,"turns":4},{"damage":20,"enemies":"2 Thieves","floor":19,"turns":3},{"damage":13,"enemies":"Snecko","floor":22,"turns":5},{"damage":17,"enemies":"Centurion and Healer","floor":24,"turns":6},{"damage":14,"enemies":"Chosen and Byrds","floor":25,"turns":5},{"damage":13,"enemies":"Sentry and Sphere","floor":29,"turns":4},{"damage":19,"enemies":"3 Cultists","floor":30,"turns":4},{"damage":2,"enemies":"Centurion and Healer","floor":31,"turns":5},{"damage":54,"enemies":"Collector","floor":33,"turns":7}],"seed_played":"2799966795093879991","potions_obtained":[{"floor":4,"key":"Regen Potion"},{"floor":16,"key":"Weak Potion"},{"floor":22,"key":"SteroidPotion"},{"floor":29,"key":"Strength Potion"}],"is_trial":false,"path_per_floor":["M","?","$","M","?","R","M","T","T","?","?","R","M","?","R","B",null,"M","M","?","$","M","R","M","M","T","?","$","M","M","M","R","B"],"character_chosen":"DEFECT","items_purchased":["Loop","Strawberry","Conserve Battery"],"campfire_rested":1,"item_purchase_floors":[21,21,21],"current_hp_per_floor":[74,74,74,74,59,59,53,63,63,55,48,48,48,53,53,19,90,85,65,65,72,59,59,42,28,28,28,28,15,8,6,35,0],"gold":51,"neow_bonus":"REMOVE_CARD","is_prod":false,"is_daily":false,"chose_seed":false,"campfire_upgraded":4,"win_rate":0,"timestamp":1550967140,"path_taken":["M","?","$","M","?","R","M","?","T","?","?","R","?","?","R","BOSS","M","M","?","$","M","R","M","M","T","?","$","M","?","M","R","BOSS"],"build_version":"2019-01-23","purchased_purges":1,"victory":false,"max_hp_per_floor":[75,75,75,75,75,75,75,85,85,85,85,85,85,90,90,90,90,90,90,90,97,97,97,97,97,97,97,97,97,97,97,97,97],"card_choices":[{"not_picked":["Barrage","Rebound"],"picked":"Turbo","floor":1},{"not_picked":["Beam Cell","Aggregate"],"picked":"Ball Lightning","floor":4},{"not_picked":["Reboot","Rebound","Turbo"],"picked":"SKIP","floor":7},{"not_picked":["Auto Shields","Streamline"],"picked":"Redo","floor":10},{"not_picked":["Aggregate","Coolheaded"],"picked":"Consume","floor":13},{"not_picked":["Meteor Strike","Fission"],"picked":"Buffer","floor":16},{"not_picked":["Steam","Meteor Strike"],"picked":"Redo","floor":17},{"not_picked":["Go for the Eyes","Leap"],"picked":"Lockon","floor":17},{"not_picked":["Leap","Redo+1"],"picked":"Reinforced Body","floor":18},{"not_picked":["Creative AI","Steam"],"picked":"Conserve Battery","floor":19},{"not_picked":["Cold Snap+1","Blizzard+1"],"picked":"Loop","floor":22},{"not_picked":["Sunder","Hologram","Gash+1"],"picked":"SKIP","floor":24},{"not_picked":["Cold Snap","Storm","Double Energy"],"picked":"SKIP","floor":25},{"not_picked":["Redo","Aggregate+1"],"picked":"Self Repair","floor":29},{"not_picked":["Barrage","Redo"],"picked":"White Noise","floor":30},{"not_picked":["Go for the Eyes","Coolheaded+1","Force Field"],"picked":"SKIP","floor":31}],"player_experience":1079594,"relics_obtained":[{"floor":8,"key":"Pear"},{"floor":9,"key":"Turnip"},{"floor":10,"key":"Odd Mushroom"},{"floor":26,"key":"Bronze Scales"}],"event_choices":[{"cards_removed":["Strike_B"],"damage_healed":0,"gold_gain":0,"player_choice":"Card Removal","damage_taken":0,"max_hp_gain":0,"max_hp_loss":0,"event_name":"The Cleric","floor":2,"gold_loss":50},{"damage_healed":0,"gold_gain":0,"player_choice":"Entered Light","damage_taken":15,"max_hp_gain":0,"max_hp_loss":0,"event_name":"Shining Light","floor":5,"gold_loss":0,"cards_upgraded":["Turbo","Defend_B"]},{"damage_healed":0,"gold_gain":0,"player_choice":"Fought Mushrooms","damage_taken":0,"max_hp_gain":0,"max_hp_loss":0,"event_name":"Mushrooms","floor":10,"gold_loss":0},{"cards_removed":["Defend_B"],"damage_healed":0,"gold_gain":0,"player_choice":"Card Removal","damage_taken":7,"max_hp_gain":0,"max_hp_loss":0,"event_name":"Golden Wing","floor":11,"gold_loss":0},{"damage_healed":0,"gold_gain":0,"player_choice":"Donut","damage_taken":0,"max_hp_gain":5,"max_hp_loss":0,"event_name":"Big Fish","floor":14,"gold_loss":0},{"damage_healed":0,"gold_gain":0,"player_choice":"Read","damage_taken":0,"max_hp_gain":0,"max_hp_loss":0,"event_name":"The Library","floor":20,"gold_loss":0,"cards_obtained":["Defragment"]},{"damage_healed":0,"gold_gain":0,"player_choice":"Inject Mutagens","damage_taken":0,"relics_obtained":["MutagenicStrength"],"max_hp_gain":0,"max_hp_loss":0,"event_name":"Drug Dealer","floor":27,"gold_loss":0}],"is_beta":false,"boss_relics":[{"not_picked":["White Beast Statue","Runic Pyramid"],"picked":"Orrery"}],"items_purged_floors":[28],"is_endless":false,"potions_floor_spawned":[4,16,22,24,29],"killed_by":"Collector","ascension_level":0}