{"path_per_floor":["M","?","?","M","M","M","R","M","T","E","?","M","R","M","R","B",null,"M","?","$","?","M","R","M","E","T","E","R","$","M","?","R","B",null,"M","?","M","$","M","R","M","E","T","?","R","M","?","T","R","B"],"character_chosen":"IRONCLAD","items_purchased":["Feel No Pain","Offering","Shrug It Off"],"gold_per_floor":[11,111,111,128,146,157,157,170,170,196,196,211,211,223,223,319,319,330,330,255,170,180,180,196,231,231,263,263,25,45,45,45,142,142,156,0,18,18,28,28,40,69,69,69,69,79,79,103,103,103],"floor_reached":51,"campfire_rested":0,"playtime":3992,"current_hp_per_floor":[77,77,77,80,70,57,57,57,57,47,52,58,58,67,67,44,79,83,68,68,68,74,74,76,81,95,50,50,50,52,52,52,53,103,105,105,111,111,112,112,113,119,119,119,119,120,120,120,120,90],"items_purged":["Strike_R"],"gold":103,"play_id":"58999df6-629f-47fd-8f2d-fd91ddfda1b0","is_prod":false,"is_daily":false,"is_ascension_mode":true,"campfire_upgraded":6,"path_taken":["M","?","?","?","M","M","R","M","T","E","?","M","R","M","R","BOSS","M","?","$","?","?","R","M","E","T","E","R","$","M","?","R","BOSS","M","?","M","$","M","R","M","E","T","?","R","?","?","?","R","BOSS"],"build_version":"2018-01-25-PROD3","purchased_purges":2,"victory":true,"master_deck":["Strike_R","Strike_R","Defend_R","Defend_R","Defend_R","Defend_R","Bash+1","Whirlwind+1","True Grit+1","Feed","Rampage+1","Flame Barrier+1","Offering","Fiend Fire","Metallicize","Feel No Pain+1","Offering","Shrug It Off","Entrench","Impervious+1","Spot Weakness+1","Body Slam+1","Barricade","Offering","Dual Wield+1","Fiend Fire"],"max_hp_per_floor":[80,80,80,80,80,80,80,83,83,83,88,88,88,91,91,91,91,94,99,99,99,99,99,99,102,116,116,116,116,116,116,116,119,119,119,119,119,119,122,122,125,125,125,125,125,128,128,128,128,128],"relics":["Burning Blood","Calipers","Girya","Ornamental Fan","Snecko Eye","Oddly Smooth Stone","Molten Egg","Mango","Bag of Preparation","Mark of Pain","Red Mask","Omamori","Happy Flower","Juzu Bracelet"],"card_choices":[{"not_picked":["Thunderclap","Carnage"],"picked":"Whirlwind"},{"not_picked":["Uppercut","Pommel Strike"],"picked":"True Grit"},{"not_picked":["Anger","Pommel Strike"],"picked":"Feed"},{"not_picked":["Perfected Strike","True Grit"],"picked":"Rampage"},{"not_picked":["Rampage","True Grit"],"picked":"Flame Barrier"},{"not_picked":["Ghostly Armor","Thunderclap"],"picked":"Offering"},{"not_picked":["Impervious","Limit Break"],"picked":"Fiend Fire"},{"not_picked":["Sword Boomerang","Heavy Blade"],"picked":"Metallicize"},{"not_picked":["Dual Wield","Burning Pact"],"picked":"Entrench"},{"not_picked":["Fiend Fire","Double Tap"],"picked":"Impervious"},{"not_picked":["Metallicize","True Grit"],"picked":"Spot Weakness"},{"not_picked":["Twin Strike","Sword Boomerang"],"picked":"Body Slam"},{"not_picked":["Warcry","Metallicize"],"picked":"Barricade"},{"not_picked":["Searing Blow","Clash"],"picked":"Offering"},{"not_picked":["Infernal Blade","Sword Boomerang"],"picked":"Dual Wield"}],"player_experience":500930,"potions_floor_usage":[10,16,16,42,42,50],"damage_taken":[{"damage":1,"enemies":"Cultist","floor":1,"turns":3},{"damage":0,"enemies":"2 Louse","floor":4,"turns":1},{"damage":16,"enemies":"Blue Slaver","floor":5,"turns":5},{"damage":19,"enemies":"Looter","floor":6,"turns":4},{"damage":9,"enemies":"Lots of Slimes","floor":8,"turns":2},{"damage":16,"enemies":"Gremlin Nob","floor":10,"turns":3},{"damage":0,"enemies":"3 Louse","floor":12,"turns":1},{"damage":0,"enemies":"2 Fungi Beasts","floor":14,"turns":3},{"damage":29,"enemies":"Hexaghost","floor":16,"turns":9},{"damage":5,"enemies":"2 Thieves","floor":18,"turns":2},{"damage":0,"enemies":"Spheric Guardian","floor":22,"turns":2},{"damage":4,"enemies":"Centurion and Healer","floor":24,"turns":3},{"damage":4,"enemies":"Gremlin Leader","floor":25,"turns":3},{"damage":51,"enemies":"Book of Stabbing","floor":27,"turns":5},{"damage":4,"enemies":"Snecko","floor":30,"turns":1},{"damage":8,"enemies":"Automaton","floor":33,"turns":20},{"damage":4,"enemies":"Orb Walker","floor":35,"turns":1},{"damage":0,"enemies":"3 Darklings","floor":37,"turns":2},{"damage":8,"enemies":"Maw","floor":39,"turns":6},{"damage":8,"enemies":"4 Shapes","floor":41,"turns":7},{"damage":0,"enemies":"2 Orb Walkers","floor":42,"turns":1},{"damage":8,"enemies":"Sphere and 2 Shapes","floor":46,"turns":8},{"damage":36,"enemies":"Time Eater","floor":50,"turns":14}],"event_choices":[{"event_name":"Golden Shrine","player_choice":"Pray","floor":2,"damage_taken":0},{"event_name":"Purifier","player_choice":"One Purge","floor":3,"damage_taken":0},{"event_name":"Big Fish","player_choice":"Donut","floor":11,"damage_taken":0},{"event_name":"Forgotten Altar","player_choice":"Shed Blood","floor":19,"damage_taken":0},{"event_name":"Addict","player_choice":"Obtained Relic","floor":21,"damage_taken":0},{"event_name":"Drug Dealer","player_choice":"Ignored","floor":31,"damage_taken":0},{"event_name":"Tomb of Lord Red Mask","player_choice":"Paid","floor":36,"damage_taken":0},{"event_name":"Bonfire Elementals","player_choice":"BASIC","floor":44,"damage_taken":0},{"event_name":"Match and Keep!","player_choice":"1 cards matched","floor":47,"damage_taken":0}],"boss_relics":[{"not_picked":["Question Card","Tiny House"],"picked":"Snecko Eye"},{"not_picked":["White Beast Statue","Runic Pyramid"],"picked":"Mark of Pain"}],"potions_floor_spawned":[5,6,8,12,24,33,37,41],"seed_played":"-6547703943050270546","ascension_level":7,"is_trial":false}