{"path_per_floor":["M","T","M","?","M","R","E","$","T","?","R","M","M","?","R","B",null,"M","?","M","?","?"],"character_chosen":"IRONCLAD","items_purchased":[],"gold_per_floor":[14,40,60,60,79,79,119,44,44,144,144,167,182,182,182,311,311,336,336,361,361,286],"floor_reached":23,"campfire_rested":1,"playtime":731,"current_hp_per_floor":[57,57,61,61,62,62,41,41,41,41,41,26,19,7,29,10,58,64,64,32,32,32],"items_purged":["Juggernaut"],"gold":286,"score":255,"play_id":"bdd7a8e6-f7eb-438b-b276-c2f9c623ba7a","is_prod":false,"is_daily":false,"is_ascension_mode":true,"campfire_upgraded":2,"path_taken":["M","?","M","?","M","R","E","$","T","?","R","M","M","?","R","BOSS","M","?","M","?","?","E"],"build_version":"2018-02-08-PROD1","purchased_purges":1,"victory":false,"master_deck":["Strike_R","Strike_R","Strike_R+1","Defend_R","Defend_R","Defend_R","Defend_R","Bash+1","Pummel","Iron Wave","Demon Form+1","Pommel Strike+1","Battle Trance","Fiend Fire","Seeing Red","Sword Boomerang","Reaper"],"max_hp_per_floor":[80,80,80,74,74,74,74,74,74,74,74,74,74,74,74,74,74,74,74,74,74,74],"relics":["Burning Blood","Whetstone","Golden Idol","Frozen Eye","The Courier","Toolbox","Orrery"],"card_choices":[{"not_picked":["Dark Embrace","Brutality"],"picked":"Juggernaut"},{"not_picked":["Corruption","Wild Strike"],"picked":"Pummel"},{"not_picked":["Combust","Hemokinesis"],"picked":"Iron Wave"},{"not_picked":["Wild Strike","Power Through"],"picked":"Demon Form"},{"not_picked":["Rage","Sword Boomerang"],"picked":"Pommel Strike"},{"not_picked":["Ghostly Armor","Twin Strike"],"picked":"Battle Trance"},{"not_picked":["Exhume","Immolate"],"picked":"Fiend Fire"},{"not_picked":["Blood for Blood","Infernal Blade"],"picked":"Seeing Red"},{"not_picked":["True Grit","Spot Weakness"],"picked":"Sword Boomerang"},{"not_picked":["Armaments","Feel No Pain"],"picked":"Reaper"}],"player_experience":253643,"potions_floor_usage":[7,12,16,23],"damage_taken":[{"damage":21,"enemies":"Blue Slaver","floor":1,"turns":4},{"damage":2,"enemies":"2 Louse","floor":3,"turns":3},{"damage":5,"enemies":"Cultist","floor":5,"turns":4},{"damage":27,"enemies":"Gremlin Nob","floor":7,"turns":5},{"damage":21,"enemies":"Large Slime","floor":12,"turns":5},{"damage":13,"enemies":"3 Louse","floor":13,"turns":5},{"damage":25,"enemies":"Slime Boss","floor":16,"turns":5},{"damage":0,"enemies":"Spheric Guardian","floor":18,"turns":2},{"damage":38,"enemies":"Chosen","floor":20,"turns":4},{"damage":44,"enemies":"Slavers","floor":23,"turns":2}],"event_choices":[{"event_name":"Golden Idol","player_choice":"Lose Max HP","floor":4,"damage_taken":0},{"event_name":"Golden Shrine","player_choice":"Pray","floor":10,"damage_taken":0},{"event_name":"Scrap Ooze","player_choice":"success","floor":14,"damage_taken":12},{"event_name":"Drug Dealer","player_choice":"Ignored","floor":19,"damage_taken":0},{"event_name":"Purifier","player_choice":"One Purge","floor":21,"damage_taken":0},{"event_name":"Beggar","player_choice":"Gave Gold","floor":22,"damage_taken":0}],"boss_relics":[{"not_picked":["Pandora\u0027s Box","Calling Bell"],"picked":"Orrery"}],"potions_floor_spawned":[1,7,13,18],"seed_played":"4488294188276742917","killed_by":"Slavers","ascension_level":7,"is_trial":false}