{"path_per_floor":["M","?","T","M","?","E","R","M","T","E","R","?","$","?","R","B",null,"M","?","?","$","M","R","?","M","T","R","$","?","M","M","R","B",null,"M","?","M","?","$","R","M","$","T","M","M","$","R","?","R"],"character_chosen":"IRONCLAD","items_purchased":["Exhume","Uppercut","Thunderclap","Bag of Marbles","Rampage"],"gold_per_floor":[113,113,113,132,132,164,164,178,223,248,248,323,101,101,101,199,199,213,213,213,90,107,107,22,35,35,35,35,35,45,61,61,161,161,171,171,189,189,189,189,208,51,97,115,135,97,97,97,97],"floor_reached":50,"campfire_rested":4,"playtime":1139,"current_hp_per_floor":[72,72,72,65,58,42,63,65,65,50,50,39,39,39,60,37,72,52,36,36,36,41,41,41,42,42,42,42,42,44,42,72,51,72,72,72,67,67,67,67,65,65,65,51,49,49,49,49,79],"items_purged":["Defend_R","Bash"],"gold":97,"score":421,"play_id":"af693e9c-e206-48b2-be5b-bc3085e2ae3b","is_prod":false,"is_daily":false,"is_ascension_mode":false,"campfire_upgraded":5,"path_taken":["M","?","?","M","?","E","R","?","T","E","R","?","$","?","R","BOSS","M","?","?","$","?","R","?","M","T","R","?","?","?","M","R","BOSS","M","?","M","?","$","R","M","?","T","M","M","$","R","?","R","BOSS"],"build_version":"2018-02-08-PROD1","purchased_purges":3,"victory":false,"master_deck":["Strike_R+1","Strike_R+1","Strike_R+1","Strike_R+1","Defend_R+1","Defend_R+1","Offering+1","Exhume+1","Uppercut+1","Necronomicurse","Thunderclap","Flex+1","Feed+1","Pommel Strike+1","Rampage+1"],"max_hp_per_floor":[72,72,72,72,72,72,72,72,72,72,72,72,72,72,72,72,72,72,72,72,72,72,72,72,72,72,72,72,72,72,72,72,72,72,72,72,75,75,75,75,75,75,75,75,79,79,79,79,79],"relics":["Burning Blood","Torii","Mummified Hand","War Paint","Frozen Egg 2","Orichalcum","Runic Dome","Necronomicon","Calipers","Regal Pillow","Sozu","Bag of Marbles","Blood Vial"],"card_choices":[{"not_picked":["Brutality","Dark Embrace"],"picked":"Offering"},{"not_picked":["Blood for Blood","True Grit"],"picked":"Flex"},{"not_picked":["Limit Break","Barricade"],"picked":"Feed"},{"not_picked":["Shrug It Off","Second Wind"],"picked":"Pommel Strike"}],"player_experience":239120,"potions_floor_usage":[6,6,10,22,33,33],"damage_taken":[{"damage":4,"enemies":"2 Louse","floor":1,"turns":2},{"damage":13,"enemies":"Blue Slaver","floor":4,"turns":4},{"damage":22,"enemies":"Lagavulin","floor":6,"turns":4},{"damage":4,"enemies":"Cultist","floor":8,"turns":2},{"damage":21,"enemies":"3 Sentries","floor":10,"turns":7},{"damage":29,"enemies":"The Guardian","floor":16,"turns":11},{"damage":26,"enemies":"2 Thieves","floor":18,"turns":4},{"damage":4,"enemies":"Spheric Guardian","floor":22,"turns":2},{"damage":5,"enemies":"Centurion and Healer","floor":25,"turns":4},{"damage":4,"enemies":"Snecko","floor":30,"turns":2},{"damage":8,"enemies":"Snake Plant","floor":31,"turns":1},{"damage":27,"enemies":"Collector","floor":33,"turns":4},{"damage":5,"enemies":"Orb Walker","floor":35,"turns":2},{"damage":14,"enemies":"3 Shapes","floor":37,"turns":3},{"damage":8,"enemies":"Maw","floor":41,"turns":4},{"damage":22,"enemies":"Sphere and 2 Shapes","floor":44,"turns":3},{"damage":14,"enemies":"4 Shapes","floor":45,"turns":2},{"damage":89,"enemies":"Awakened One","floor":50,"turns":10}],"event_choices":[{"event_name":"The Lab","player_choice":"Got Potions","floor":2,"damage_taken":0},{"event_name":"Golden Wing","player_choice":"Card Removal","floor":5,"damage_taken":0},{"event_name":"World of Goop","player_choice":"Gather Gold","floor":12,"damage_taken":0},{"event_name":"Dead Adventurer","player_choice":"Searched \u00271\u0027 times","floor":14,"damage_taken":0},{"event_name":"Cursed Tome","player_choice":"Obtained Book","floor":19,"damage_taken":0},{"event_name":"Wheel of Change","player_choice":"Card Removal","floor":20,"damage_taken":0},{"event_name":"Addict","player_choice":"Obtained Relic","floor":24,"damage_taken":0},{"event_name":"Back to Basics","player_choice":"Simplicity","floor":29,"damage_taken":0},{"event_name":"Mysterious Sphere","player_choice":"Ignore","floor":36,"damage_taken":0},{"event_name":"Tomb of Lord Red Mask","player_choice":"Ignored","floor":38,"damage_taken":0},{"event_name":"Accursed Blacksmith","player_choice":"Ignore","floor":48,"damage_taken":0}],"boss_relics":[{"not_picked":["Black Blood","Black Star"],"picked":"Runic Dome"},{"not_picked":["Calling Bell","White Beast Statue"],"picked":"Sozu"}],"potions_floor_spawned":[4,8,10,18,22,25,33,37,41,44],"seed_played":"-8893870925498263193","killed_by":"Awakened One","ascension_level":0,"is_trial":false}