{"gold_per_floor":[116,42,42,4,79,79,110,110,110,129,129,143,143,162,162,283,283,299,313,313,331,331,331,356,370,370,370,89,89,89,107,107,230,230,253,38,0,0,0,0,20,20,43,43,59,59,79,79,79,79],"floor_reached":51,"playtime":2641,"items_purged":["Strike_G","Strike_G"],"score":668,"play_id":"2c9a2b27-ac88-481f-adce-e24d2a2763e0","local_time":"20190105235633","is_ascension_mode":false,"campfire_choices":[{"data":"Accuracy","floor":6,"key":"SMITH"},{"floor":8,"key":"REST"},{"data":"Cloak And Dagger","floor":11,"key":"SMITH"},{"data":"Caltrops","floor":15,"key":"SMITH"},{"data":"Infinite Blades","floor":23,"key":"SMITH"},{"floor":30,"key":"REST"},{"floor":32,"key":"REST"},{"data":"A Thousand Cuts","floor":40,"key":"SMITH"},{"data":"Accuracy","floor":42,"key":"SMITH"},{"floor":49,"key":"REST"}],"neow_cost":"NONE","seed_source_timestamp":1364356632510302,"circlet_count":0,"master_deck":["Defend_G","Defend_G","Survivor","Slice","Cloak And Dagger+1","Caltrops+1","Accuracy+1","Deadly Poison+1","Blur+1","Crippling Poison+1","Slice","Storm of Steel+1","Finisher+1","Backflip+1","Wraith Form v2+1","Leg Sweep+1","Infinite Blades","RitualDagger","Infinite Blades+1","Escape Plan+1","Backflip+1","Infinite Blades+1","A Thousand Cuts+1","Deflect+1","Accuracy+1","Blur+1","Cloak And Dagger+1","Madness+1","Madness+1","After Image"],"relics":["Ring of the Snake","Golden Idol","Toxic Egg 2","Kunai","Astrolabe","Bottled Tornado","DollysMirror","PreservedInsect","Empty Cage","Red Mask","Letter Opener","Potion Belt"],"potions_floor_usage":[33,50,50,50,50],"damage_taken":[{"damage":0,"enemies":"2 Louse","floor":1,"turns":3},{"damage":31,"enemies":"3 Sentries","floor":7,"turns":11},{"damage":0,"enemies":"Jaw Worm","floor":10,"turns":3},{"damage":0,"enemies":"Small Slimes","floor":12,"turns":3},{"damage":6,"enemies":"3 Louse","floor":14,"turns":3},{"damage":10,"enemies":"Hexaghost","floor":16,"turns":9},{"damage":0,"enemies":"3 Byrds","floor":18,"turns":4},{"damage":13,"enemies":"Chosen","floor":19,"turns":6},{"damage":6,"enemies":"Snecko","floor":21,"turns":5},{"damage":19,"enemies":"Snake Plant","floor":24,"turns":4},{"damage":21,"enemies":"Sentry and Sphere","floor":25,"turns":5},{"damage":27,"enemies":"Shelled Parasite and Fungi","floor":31,"turns":6},{"damage":1,"enemies":"Automaton","floor":33,"turns":9},{"damage":12,"enemies":"3 Shapes","floor":35,"turns":4},{"damage":0,"enemies":"Orb Walker","floor":41,"turns":6},{"damage":26,"enemies":"Writhing Mass","floor":45,"turns":7},{"damage":11,"enemies":"Sphere and 2 Shapes","floor":47,"turns":7},{"damage":34,"enemies":"Awakened One","floor":50,"turns":9}],"seed_played":"8702719607040489937","potions_obtained":[{"floor":7,"key":"GamblersBrew"},{"floor":14,"key":"SpeedPotion"},{"floor":18,"key":"FairyPotion"},{"floor":21,"key":"Fire Potion"},{"floor":25,"key":"Regen Potion"},{"floor":35,"key":"Fire Potion"},{"floor":45,"key":"Dexterity Potion"}],"is_trial":false,"path_per_floor":["M","$","?","$","?","R","E","R","T","M","R","M","?","M","R","B",null,"M","M","?","M","?","R","M","M","T","?","$","?","R","M","R","B",null,"M","$","?","?","T","R","M","R","T","?","M","?","M","?","R","B",null],"character_chosen":"THE_SILENT","items_purchased":["Caltrops","Accuracy","DollysMirror","Accuracy","Blur+1"],"campfire_rested":4,"item_purchase_floors":[2,4,28,36,36],"current_hp_per_floor":[70,70,70,70,59,59,28,49,49,49,49,49,54,48,48,38,75,75,62,56,50,50,50,31,10,10,10,10,10,32,5,27,41,75,63,63,63,63,63,63,63,63,63,63,37,28,17,17,39,5],"gold":79,"neow_bonus":"THREE_CARDS","is_prod":false,"is_daily":false,"chose_seed":false,"campfire_upgraded":6,"win_rate":0,"timestamp":1546750593,"path_taken":["M","$","?","?","?","R","E","R","T","M","R","M","?","M","R","BOSS","M","M","?","M","?","R","M","M","T","?","$","?","R","M","R","BOSS","M","$","?","?","?","R","M","R","T","?","?","?","M","?","R","BOSS"],"build_version":"2019-01-03v4","purchased_purges":2,"victory":true,"max_hp_per_floor":[70,70,70,70,70,70,70,70,70,70,70,70,75,75,75,75,75,75,75,75,75,75,75,75,75,75,75,75,75,75,75,75,75,75,75,75,75,75,75,75,75,75,75,75,75,75,75,75,75,75],"card_choices":[{"not_picked":["Underhanded Strike","Flying Knee"],"picked":"Slice","floor":0},{"not_picked":["Underhanded Strike","Deflect"],"picked":"Cloak And Dagger","floor":1},{"not_picked":["Deflect","PiercingWail"],"picked":"Deadly Poison","floor":7},{"not_picked":["Prepared+1","Doppelganger+1"],"picked":"Blur+1","floor":10},{"not_picked":["Expertise+1","Outmaneuver+1"],"picked":"Crippling Poison+1","floor":12},{"not_picked":["Outmaneuver+1","Dagger Throw"],"picked":"Slice","floor":14},{"not_picked":["Doppelganger+1","Adrenaline+1"],"picked":"Storm of Steel+1","floor":16},{"not_picked":["Dodge and Roll+1","Deadly Poison+1"],"picked":"Leg Sweep+1","floor":18},{"not_picked":["Setup+1","Outmaneuver+1"],"picked":"Infinite Blades","floor":19},{"not_picked":["Tactician+1","Blade Dance+1"],"picked":"Infinite Blades","floor":21},{"not_picked":["Slice","Quick Slash"],"picked":"Escape Plan+1","floor":24},{"not_picked":["Acrobatics+1","Dagger Spray+1"],"picked":"Backflip+1","floor":25},{"not_picked":["Bane+1","Sucker Punch","Poisoned Stab"],"picked":"SKIP","floor":31},{"not_picked":["Phantasmal Killer+1","Venomology+1"],"picked":"A Thousand Cuts","floor":33},{"not_picked":["Calculated Gamble+1","Underhanded Strike+1"],"picked":"Deflect+1","floor":35},{"not_picked":["Dash+1","Underhanded Strike+1"],"picked":"Cloak And Dagger+1","floor":41},{"not_picked":["Quick Slash+1","Acrobatics+1","Poisoned Stab"],"picked":"SKIP","floor":45},{"not_picked":["Sucker Punch","Dagger Throw+1"],"picked":"After Image","floor":47}],"player_experience":897790,"relics_obtained":[{"floor":7,"key":"Toxic Egg 2"},{"floor":9,"key":"Kunai"},{"floor":26,"key":"Bottled Tornado"},{"floor":39,"key":"Letter Opener"},{"floor":43,"key":"Potion Belt"}],"event_choices":[{"damage_healed":0,"gold_gain":0,"player_choice":"Take Wound","damage_taken":0,"relics_obtained":["Golden Idol"],"max_hp_gain":0,"max_hp_loss":0,"event_name":"Golden Idol","floor":3,"gold_loss":0,"cards_obtained":["Injury"]},{"damage_healed":0,"gold_gain":75,"player_choice":"Gather Gold","damage_taken":11,"max_hp_gain":0,"max_hp_loss":0,"event_name":"World of Goop","floor":5,"gold_loss":0},{"damage_healed":0,"gold_gain":0,"player_choice":"Donut","damage_taken":0,"max_hp_gain":5,"max_hp_loss":0,"event_name":"Big Fish","floor":13,"gold_loss":0},{"damage_healed":0,"gold_gain":0,"player_choice":"Joined the Cult","damage_taken":6,"max_hp_gain":0,"max_hp_loss":0,"event_name":"Nest","floor":20,"gold_loss":0,"cards_obtained":["RitualDagger"]},{"damage_healed":0,"gold_gain":0,"player_choice":"Ignored","damage_taken":0,"max_hp_gain":0,"max_hp_loss":0,"event_name":"Ghosts","floor":22,"gold_loss":0},{"cards_removed":["Injury"],"damage_healed":0,"gold_gain":0,"player_choice":"Elegance","damage_taken":0,"max_hp_gain":0,"max_hp_loss":0,"event_name":"Back to Basics","floor":27,"gold_loss":0},{"damage_healed":0,"gold_gain":0,"player_choice":"Opened","damage_taken":0,"relics_obtained":["PreservedInsect"],"max_hp_gain":0,"max_hp_loss":0,"event_name":"The Mausoleum","floor":29,"gold_loss":0},{"damage_healed":0,"gold_gain":0,"player_choice":"Paid","damage_taken":0,"relics_obtained":["Red Mask"],"max_hp_gain":0,"max_hp_loss":0,"event_name":"Tomb of Lord Red Mask","floor":37,"gold_loss":38},{"cards_removed":["Neutralize"],"damage_healed":0,"gold_gain":0,"player_choice":"Removed Attack","damage_taken":0,"max_hp_gain":0,"max_hp_loss":0,"event_name":"Falling","floor":38,"gold_loss":0},{"cards_removed":["Defend_G"],"damage_healed":0,"gold_gain":0,"player_choice":"Offered Basic","damage_taken":0,"max_hp_gain":0,"max_hp_loss":0,"event_name":"Bonfire Elementals","floor":44,"gold_loss":0},{"damage_healed":0,"gold_gain":0,"player_choice":"Embrace Madness","damage_taken":9,"max_hp_gain":0,"max_hp_loss":0,"event_name":"Winding Halls","floor":46,"gold_loss":0,"cards_obtained":["Madness","Madness"]},{"damage_healed":0,"gold_gain":0,"player_choice":"Ignored","damage_taken":0,"max_hp_gain":0,"max_hp_loss":0,"event_name":"Mysterious Sphere","floor":48,"gold_loss":0}],"is_beta":false,"boss_relics":[{"not_picked":["Ectoplasm","HoveringKite"],"picked":"Astrolabe"},{"not_picked":["Eternal Feather","Lizard Tail"],"picked":"Empty Cage"}],"items_purged_floors":[28,36],"is_endless":false,"potions_floor_spawned":[7,14,18,21,24,25,35,45],"ascension_level":0}