{"gold_per_floor":[119,194,205,222,233,258,278,278,324,336,352,352,527,371,371,470,470,486,500,500,515,515,515,546,546,625,659,659,673,689,689,689,792,792,812,822,834,834,846,880,880,880,929,949,949,768,795,27,27,27,27,27,27,56,56],"floor_reached":55,"playtime":2225,"items_purged":["Doubt","Searing Blow"],"score":810,"play_id":"5bb23636-430c-4807-86ea-d0fd4115f929","local_time":"20190110150553","is_ascension_mode":true,"campfire_choices":[{"floor":8.0,"key":"REST"},{"floor":15.0,"key":"REST"},{"floor":23.0,"key":"REST"},{"data":"Sword Boomerang","floor":25.0,"key":"SMITH"},{"floor":28.0,"key":"REST"},{"floor":32.0,"key":"REST"},{"floor":41,"key":"REST"},{"floor":49,"key":"RECALL"},{"data":"Limit Break","floor":52,"key":"SMITH"}],"neow_cost":"TEN_PERCENT_HP_LOSS","seed_source_timestamp":0,"circlet_count":0,"master_deck":["Strike_R","Strike_R","Strike_R","Defend_R+1","Defend_R+1","Defend_R","Defend_R","Bash","Body Slam","Flex","Inflame","Inflame","Spot Weakness","Sword Boomerang+1","Armaments","Limit Break+1","Impervious","Limit Break","Sword Boomerang","J.A.X.","Power Through","Armaments+1","Heavy Blade","Demon Form","Spot Weakness+1","True Grit+1","Impervious","Pummel","Sword Boomerang+1"],"special_seed":0,"relics":["Black Blood","Ice Cream","War Paint","Blue Candle","Self Forming Clay","Happy Flower","Sozu","Blood Vial","Omamori","Gremlin Horn","Ginger","Medical Kit","Orichalcum"],"potions_floor_usage":[40,50],"damage_taken":[{"damage":10.0,"enemies":"Small Slimes","floor":1.0,"turns":4.0},{"damage":6.0,"enemies":"Jaw Worm","floor":3.0,"turns":4.0},{"damage":11.0,"enemies":"Cultist","floor":4.0,"turns":4.0},{"damage":17.0,"enemies":"Looter","floor":5.0,"turns":3.0},{"damage":21.0,"enemies":"Lagavulin","floor":6.0,"turns":7.0},{"damage":21.0,"enemies":"Lots of Slimes","floor":7.0,"turns":5.0},{"damage":13.0,"enemies":"Blue Slaver","floor":10.0,"turns":3.0},{"damage":14.0,"enemies":"3 Louse","floor":11.0,"turns":4.0},{"damage":34.0,"enemies":"Hexaghost","floor":16.0,"turns":11.0},{"damage":15.0,"enemies":"Chosen","floor":18.0,"turns":7.0},{"damage":24.0,"enemies":"Spheric Guardian","floor":19.0,"turns":6.0},{"damage":24.0,"enemies":"Snake Plant","floor":21.0,"turns":4.0},{"damage":25.0,"enemies":"Gremlin Leader","floor":24.0,"turns":6.0},{"damage":22.0,"enemies":"Book of Stabbing","floor":27.0,"turns":4.0},{"damage":38.0,"enemies":"Centurion and Healer","floor":29.0,"turns":6.0},{"damage":9.0,"enemies":"Sentry and Sphere","floor":30.0,"turns":5.0},{"damage":25.0,"enemies":"Champ","floor":33.0,"turns":9.0},{"damage":13.0,"enemies":"3 Shapes","floor":35.0,"turns":4.0},{"damage":29.0,"enemies":"3 Darklings","floor":36.0,"turns":4.0},{"damage":10.0,"enemies":"Maw","floor":37.0,"turns":5.0},{"damage":21.0,"enemies":"Spire Growth","floor":39.0,"turns":5.0},{"damage":50,"enemies":"Reptomancer","floor":40,"turns":5},{"damage":49,"enemies":"Sphere and 2 Shapes","floor":44,"turns":6},{"damage":53,"enemies":"Time Eater","floor":50,"turns":6},{"damage":37,"enemies":"Shield and Spear","floor":54,"turns":7},{"damage":44,"enemies":"The Heart","floor":55,"turns":2}],"seed_played":"4963241233893628270","potions_obtained":[{"floor":4.0,"key":"Ancient Potion"},{"floor":7.0,"key":"SpeedPotion"},{"floor":11.0,"key":"FearPotion"},{"floor":16.0,"key":"Energy Potion"},{"floor":19.0,"key":"Swift Potion"},{"floor":29.0,"key":"PowerPotion"},{"floor":30.0,"key":"FearPotion"}],"is_trial":false,"path_per_floor":["M","?","M","M","M","E","M","R","T","M","M","?","?","$","R","B",null,"M","M","?","M","?","R","E","R","T","E","R","M","M","?","R","B",null,"M","M","M","?","M","E","R","?","T","M","?","$","T","$","R","B",null,"R","$","E","B"],"character_chosen":"IRONCLAD","items_purchased":["Impervious","Pummel","Gremlin Horn","Ginger","Medical Kit"],"campfire_rested":6,"item_purchase_floors":[14,46,48,48,48],"current_hp_per_floor":[68,57,57,52,41,26,11,32,32,25,17,17,17,17,38,10,72,67,53,53,39,26,49,34,34,34,22,45,17,18,18,41,26,77,74,55,55,77,66,26,49,49,49,12,67,67,67,67,67,24,67,67,67,40,0],"gold":56,"neow_bonus":"TRANSFORM_TWO_CARDS","is_prod":false,"is_daily":false,"chose_seed":false,"campfire_upgraded":2,"win_rate":0,"timestamp":1547161553,"path_taken":["M","?","M","M","M","E","M","R","T","M","M","?","?","$","R","BOSS","M","M","?","M","?","R","E","R","T","E","R","M","M","?","R","BOSS","M","M","?","?","?","E","R","?","T","M","?","$","?","$","R","BOSS","R","$","E","BOSS"],"build_version":"2019-01-03v4","purchased_purges":2,"victory":false,"max_hp_per_floor":[72,72,72,72,72,72,72,72,72,72,72,72,72,72,72,72,72,72,72,72,72,77,77,77,77,77,77,77,77,77,77,77,77,77,77,77,77,77,77,77,77,77,77,77,67,67,67,67,67,67,67,67,67,67,67],"card_choices":[{"not_picked":["Pommel Strike","Sever Soul"],"picked":"Flex","floor":1.0},{"not_picked":["Searing Blow","Twin Strike"],"picked":"Inflame","floor":3.0},{"not_picked":["Clothesline","Searing Blow"],"picked":"Inflame","floor":4.0},{"not_picked":["Cleave","Sever Soul"],"picked":"Searing Blow","floor":5.0},{"not_picked":["Wild Strike","Perfected Strike"],"picked":"Spot Weakness","floor":6.0},{"not_picked":["Wild Strike","Flex"],"picked":"Sword Boomerang","floor":7.0},{"not_picked":["Headbutt","Anger"],"picked":"Armaments","floor":10.0},{"not_picked":["Headbutt","Infernal Blade"],"picked":"Limit Break","floor":11.0},{"not_picked":["Dark Embrace","Immolate"],"picked":"Limit Break","floor":16.0},{"not_picked":["True Grit","Clash+1","Cleave"],"picked":"SKIP","floor":18.0},{"not_picked":["True Grit+1","Flex"],"picked":"Sword Boomerang","floor":19.0},{"not_picked":["True Grit","Flex"],"picked":"Dropkick+1","floor":21.0},{"not_picked":["Combust","Infernal Blade"],"picked":"Power Through","floor":24.0},{"not_picked":["Flame Barrier","Sentinel"],"picked":"Armaments+1","floor":27.0},{"not_picked":["Iron Wave+1","Armaments","Bloodletting"],"picked":"SKIP","floor":29.0},{"not_picked":["Armaments","Corruption"],"picked":"Heavy Blade","floor":30.0},{"not_picked":["Immolate","Berserk"],"picked":"Demon Form","floor":33.0},{"not_picked":["Perfected Strike","Intimidate+1","Pommel Strike+1"],"picked":"SKIP","floor":35.0},{"not_picked":["Heavy Blade","Pummel"],"picked":"Spot Weakness+1","floor":36.0},{"not_picked":["Entrench+1","Second Wind","Flame Barrier+1"],"picked":"SKIP","floor":37.0},{"not_picked":["Pommel Strike+1","Havoc"],"picked":"True Grit+1","floor":39.0},{"not_picked":["Heavy Blade+1","Twin Strike"],"picked":"Impervious","floor":40},{"not_picked":["Havoc","Fire Breathing","Clothesline+1"],"picked":"SKIP","floor":44},{"not_picked":["Reaper","Dual Wield"],"picked":"Sword Boomerang+1","floor":54}],"player_experience":141794,"relics_obtained":[{"floor":6.0,"key":"Ice Cream"},{"floor":9.0,"key":"War Paint"},{"floor":24.0,"key":"Blue Candle"},{"floor":26.0,"key":"Self Forming Clay"},{"floor":27.0,"key":"Happy Flower"},{"floor":40,"key":"Blood Vial"},{"floor":47,"key":"Omamori"},{"floor":54,"key":"Orichalcum"}],"event_choices":[{"damage_healed":0.0,"max_hp_gain":0.0,"max_hp_loss":0.0,"gold_gain":75.0,"event_name":"World of Goop","player_choice":"Gather Gold","floor":2.0,"gold_loss":0.0,"damage_taken":11.0},{"damage_healed":0.0,"max_hp_gain":0.0,"max_hp_loss":0.0,"gold_gain":0.0,"event_name":"Golden Idol","player_choice":"Ignored","floor":12.0,"gold_loss":0.0,"damage_taken":0.0},{"damage_healed":0.0,"max_hp_gain":0.0,"max_hp_loss":0.0,"gold_gain":175.0,"event_name":"Liars Game","player_choice":"AGREE","floor":13.0,"gold_loss":0.0,"damage_taken":0.0,"cards_obtained":["Doubt"]},{"damage_healed":0.0,"max_hp_gain":0.0,"max_hp_loss":0.0,"gold_gain":0.0,"event_name":"Drug Dealer","player_choice":"Obtain J.A.X.","floor":20.0,"gold_loss":0.0,"damage_taken":0.0,"cards_obtained":["J.A.X."]},{"damage_healed":0.0,"max_hp_gain":5.0,"max_hp_loss":0.0,"gold_gain":0.0,"event_name":"Forgotten Altar","player_choice":"Shed Blood","floor":22.0,"gold_loss":0.0,"damage_taken":18.0},{"cards_removed":["Headbutt"],"damage_healed":0.0,"max_hp_gain":0.0,"max_hp_loss":0.0,"gold_gain":0.0,"event_name":"Purifier","player_choice":"Purged","floor":31.0,"gold_loss":0.0,"damage_taken":0.0},{"cards_removed":["Dropkick"],"damage_healed":22.0,"max_hp_gain":0.0,"max_hp_loss":0.0,"gold_gain":0.0,"event_name":"Bonfire Elementals","player_choice":"Offered Uncommon","floor":38.0,"gold_loss":0.0,"damage_taken":0.0},{"damage_healed":0,"gold_gain":0,"player_choice":"Ignored","damage_taken":0,"max_hp_gain":0,"max_hp_loss":0,"event_name":"Tomb of Lord Red Mask","floor":42,"gold_loss":0},{"damage_healed":67,"gold_gain":0,"player_choice":"Heal","damage_taken":0,"max_hp_gain":0,"max_hp_loss":10,"event_name":"The Moai Head","floor":45,"gold_loss":0}],"is_beta":false,"boss_relics":[{"not_picked":["Black Star","Fusion Hammer"],"picked":"Black Blood"},{"not_picked":["Orrery","Mark of Pain"],"picked":"Sozu"}],"items_purged_floors":[14,46],"is_endless":false,"potions_floor_spawned":[4,7,11,16,18,19,29,30,37,40,54],"killed_by":"The Heart","ascension_level":2}