{"path_per_floor":["M","?","M","?","?","E","M","M","T","R","M","R","$","M","R","B",null,"M","?","?","M","$","M","R","M","T","R","M","?","?","M","R","B",null,"M","?","?","?","M","R","M","M","T","R","M","?","M","$","R","B"],"character_chosen":"IRONCLAD","items_purchased":["Master of Strategy","Omamori","Whirlwind","Oddly Smooth Stone","Dark Shackles"],"gold_per_floor":[113,288,306,306,306,333,347,358,437,437,457,457,47,66,66,169,169,157,157,157,177,138,152,152,163,163,163,173,98,98,116,116,214,214,225,225,225,225,242,242,259,276,276,276,293,343,355,4,4,4],"floor_reached":51,"campfire_rested":1,"playtime":3778,"current_hp_per_floor":[79,79,79,72,65,50,49,52,52,52,51,51,51,54,54,31,80,67,67,67,43,43,37,37,30,30,54,52,52,78,69,69,49,80,80,80,80,80,80,80,76,77,77,77,79,80,80,80,80,54],"items_purged":["Doubt","Defend_R"],"gold":4,"play_id":"2c865bbc-deba-4b8d-9af6-e16db3202ae7","is_prod":false,"is_daily":false,"campfire_rituals":0,"campfire_upgraded":8,"is_hardmode":false,"path_taken":["M","?","?","?","?","E","M","M","T","R","M","R","$","M","R","BOSS","M","?","?","?","$","M","R","?","T","R","M","?","?","M","R","BOSS","M","?","?","?","M","R","M","?","T","R","?","?","M","$","R","BOSS"],"build_version":"2018-01-18-PROD4","purchased_purges":2,"victory":true,"master_deck":["Strike_R","Strike_R","Strike_R","Strike_R","Defend_R","Bash","Seeing Red","Shrug It Off","Evolve","Pommel Strike","Headbutt","Master of Strategy","Impervious","Seeing Red","Impervious","Whirlwind","Wild Strike","Shrug It Off","Inflame","Offering","Pommel Strike","Uppercut","Shockwave","Shrug It Off","Shrug It Off","Dark Shackles"],"max_hp_per_floor":[80,80,80,80,80,80,80,80,80,80,80,80,80,80,80,80,80,80,80,80,80,80,80,80,80,80,80,80,80,80,80,80,80,80,80,80,80,80,80,80,80,80,80,80,80,80,80,80,80,80],"relics":["Burning Blood","Self Forming Clay","Meat on the Bone","Gremlin Horn","Omamori","Nloth\u0027s Gift","Molten Egg","Sozu","Blood Vial","Du-Vu Doll","Oddly Smooth Stone"],"campfire_meditates":0,"card_choices":[{"not_picked":["Twin Strike","Burning Pact"],"picked":"Seeing Red"},{"not_picked":["Impervious","Thunderclap"],"picked":"Shrug It Off"},{"not_picked":["Battle Trance","Second Wind"],"picked":"Evolve"},{"not_picked":["Warcry","Clothesline"],"picked":"Pommel Strike"},{"not_picked":["Pummel","Body Slam"],"picked":"Headbutt"},{"not_picked":["Dark Embrace","Brutality"],"picked":"Impervious"},{"not_picked":["Headbutt","Pommel Strike"],"picked":"Impervious"},{"not_picked":["Clash","Whirlwind"],"picked":"Wild Strike"},{"not_picked":["Berserk","Intimidate"],"picked":"Shrug It Off"},{"not_picked":["Sword Boomerang","Evolve"],"picked":"Inflame"},{"not_picked":["Brutality","Bludgeon"],"picked":"Offering"},{"not_picked":["Shrug It Off","Double Tap"],"picked":"Pommel Strike"},{"not_picked":["Havoc","Armaments"],"picked":"Uppercut"},{"not_picked":["Anger","Second Wind"],"picked":"Shockwave"},{"not_picked":["Flex","Warcry"],"picked":"Shrug It Off"},{"not_picked":["Fiend Fire","Sword Boomerang"],"picked":"Shrug It Off"}],"player_experience":154546,"potions_floor_usage":[8,11,16,23,28,33],"damage_taken":[{"damage":7,"enemies":"2 Louse","floor":1,"turns":4},{"damage":6,"enemies":"Cultist","floor":3,"turns":3},{"damage":21,"enemies":"Gremlin Nob","floor":6,"turns":5},{"damage":7,"enemies":"Blue Slaver","floor":7,"turns":6},{"damage":3,"enemies":"Lots of Slimes","floor":8,"turns":4},{"damage":19,"enemies":"Exordium Thugs","floor":11,"turns":6},{"damage":15,"enemies":"Large Slime","floor":14,"turns":7},{"damage":56,"enemies":"Slime Boss","floor":16,"turns":10},{"damage":19,"enemies":"2 Thieves","floor":18,"turns":4},{"damage":42,"enemies":"Spheric Guardian","floor":21,"turns":8},{"damage":24,"enemies":"Snake Plant","floor":23,"turns":6},{"damage":25,"enemies":"Centurion and Healer","floor":25,"turns":7},{"damage":20,"enemies":"Sentry and Sphere","floor":28,"turns":4},{"damage":15,"enemies":"Snake Plant","floor":31,"turns":4},{"damage":26,"enemies":"Collector","floor":33,"turns":9},{"damage":4,"enemies":"3 Darklings","floor":35,"turns":2},{"damage":6,"enemies":"Orb Walker","floor":39,"turns":3},{"damage":10,"enemies":"4 Shapes","floor":41,"turns":5},{"damage":5,"enemies":"Sphere and 2 Shapes","floor":42,"turns":4},{"damage":6,"enemies":"Maw","floor":45,"turns":7},{"damage":4,"enemies":"Mysterious Sphere","floor":46,"turns":2},{"damage":4,"enemies":"3 Darklings","floor":47,"turns":3},{"damage":44,"enemies":"Awakened One","floor":50,"turns":19}],"event_choices":[{"event_name":"Liars Game","player_choice":"agreed","floor":2,"damage_taken":0},{"event_name":"Golden Wing","player_choice":"Card Removal","floor":4,"damage_taken":0},{"event_name":"Scrap Ooze","player_choice":"success","floor":5,"damage_taken":7},{"event_name":"Duplicator","player_choice":"One dupe","floor":19,"damage_taken":0},{"event_name":"N\u0027loth","player_choice":"Traded a Question Card","floor":20,"damage_taken":0},{"event_name":"Beggar","player_choice":"Gave Gold","floor":29,"damage_taken":0},{"event_name":"The Library","player_choice":"Heal","floor":30,"damage_taken":0},{"event_name":"Winding Halls","player_choice":"Writhe","floor":37,"damage_taken":0},{"event_name":"Tomb of Lord Red Mask","player_choice":"Ignored","floor":38,"damage_taken":0},{"event_name":"Mysterious Sphere","player_choice":"Fight","floor":46,"damage_taken":0}],"boss_relics":[{"not_picked":["Eternal Feather","Runic Pyramid"],"picked":"Question Card"},{"not_picked":["Orrery","Velvet Choker"],"picked":"Sozu"}],"potions_floor_spawned":[3,7,11,21,25,28,35,39,46,47],"seed_played":"-1407365517642423950","is_trial":false}