{"gold_per_floor":[114,64,239,164,164,196,214,214,238,238,249,276,276,290,290,395,395,411,69,169,169,169],"floor_reached":22,"playtime":981,"items_purged":["Doubt"],"score":219,"play_id":"3dfc3c12-7b18-4631-b38a-bb2b9bc22417","local_time":"20190119132451","is_ascension_mode":true,"campfire_choices":[{"data":"Rampage","floor":10,"key":"SMITH"},{"floor":13,"key":"REST"},{"data":"Infernal Blade","floor":15,"key":"SMITH"}],"neow_cost":"CURSE","seed_source_timestamp":245602627931800,"circlet_count":0,"master_deck":["Strike_R","Strike_R","Strike_R","Strike_R","Strike_R+1","Defend_R","Defend_R","Defend_R","Defend_R","Bash+1","Rampage+1","Carnage","Infernal Blade+1","Berserk","Immolate","Flame Barrier","Battle Trance","J.A.X."],"relics":["Burning Blood","Nunchaku","Centennial Puzzle","Ornamental Fan","Oddly Smooth Stone","Regal Pillow","Black Star","Matryoshka","Incense Burner","Gremlin Horn"],"potions_floor_usage":[6,16,16,16,20],"damage_taken":[{"damage":5,"enemies":"Small Slimes","floor":1,"turns":3},{"damage":16,"enemies":"Gremlin Nob","floor":6,"turns":3},{"damage":7,"enemies":"2 Louse","floor":7,"turns":2},{"damage":0,"enemies":"Cultist","floor":11,"turns":2},{"damage":23,"enemies":"Lagavulin","floor":12,"turns":4},{"damage":7,"enemies":"Looter","floor":14,"turns":2},{"damage":47,"enemies":"Hexaghost","floor":16,"turns":6},{"damage":3,"enemies":"Chosen","floor":18,"turns":4},{"damage":33,"enemies":"Colosseum Slavers","floor":20,"turns":4},{"damage":36,"enemies":"Colosseum Nobs","floor":20,"turns":8},{"damage":23,"enemies":"3 Byrds","floor":22,"turns":2}],"seed_played":"7421975558624183618","potions_obtained":[{"floor":1,"key":"Poison Potion"},{"floor":11,"key":"LiquidBronze"},{"floor":12,"key":"SpeedPotion"},{"floor":14,"key":"Swift Potion"},{"floor":18,"key":"Swift Potion"}],"is_trial":false,"path_per_floor":["M","?","?","$","?","E","M","T","T","R","M","E","R","M","R","B",null,"M","$","?","?","M"],"character_chosen":"IRONCLAD","items_purchased":["Flame Barrier","Matryoshka"],"campfire_rested":1,"item_purchase_floors":[19,19],"current_hp_per_floor":[80,80,80,80,64,54,53,53,53,53,59,42,80,79,79,38,80,80,80,23,23,0],"gold":169,"neow_bonus":"ONE_RARE_RELIC","is_prod":false,"is_daily":false,"chose_seed":false,"campfire_upgraded":2,"win_rate":0,"timestamp":1547922291,"path_taken":["M","?","?","$","?","E","M","?","T","R","?","E","R","M","R","BOSS","M","$","?","?","?"],"build_version":"2019-01-17v2","purchased_purges":1,"victory":false,"max_hp_per_floor":[80,80,80,80,80,80,80,80,80,80,80,80,80,80,80,80,80,80,80,80,80,80],"card_choices":[{"not_picked":["Pummel","Pommel Strike"],"picked":"Rampage","floor":1},{"not_picked":["Warcry","Metallicize","Shrug It Off"],"picked":"SKIP","floor":6},{"not_picked":["Clash","Intimidate"],"picked":"Carnage","floor":7},{"not_picked":["Blood for Blood","Twin Strike"],"picked":"Infernal Blade","floor":11},{"not_picked":["Perfected Strike","Hemokinesis"],"picked":"Berserk","floor":12},{"not_picked":["Shrug It Off","Body Slam","Power Through"],"picked":"SKIP","floor":14},{"not_picked":["Dark Embrace","Impervious"],"picked":"Immolate","floor":16},{"not_picked":["Twin Strike","Searing Blow","Clash"],"picked":"SKIP","floor":18},{"not_picked":["Sword Boomerang+1","Rupture"],"picked":"Battle Trance","floor":20}],"player_experience":430665,"relics_obtained":[{"floor":6,"key":"Centennial Puzzle"},{"floor":8,"key":"Ornamental Fan"},{"floor":9,"key":"Oddly Smooth Stone"},{"floor":12,"key":"Regal Pillow"},{"floor":20,"key":"Incense Burner"},{"floor":20,"key":"Gremlin Horn"}],"event_choices":[{"cards_removed":["Decay"],"damage_healed":0,"gold_gain":0,"player_choice":"Card Removal","damage_taken":0,"max_hp_gain":0,"max_hp_loss":0,"event_name":"The Cleric","floor":2,"gold_loss":50},{"damage_healed":0,"gold_gain":175,"player_choice":"AGREE","damage_taken":0,"max_hp_gain":0,"max_hp_loss":0,"event_name":"Liars Game","floor":3,"gold_loss":0,"cards_obtained":["Doubt"]},{"damage_healed":0,"gold_gain":0,"player_choice":"Entered Light","damage_taken":16,"max_hp_gain":0,"max_hp_loss":0,"event_name":"Shining Light","floor":5,"gold_loss":0,"cards_upgraded":["Bash","Strike_R"]},{"damage_healed":0,"gold_gain":0,"player_choice":"Fight","damage_taken":0,"max_hp_gain":0,"max_hp_loss":0,"event_name":"Colosseum","floor":20,"gold_loss":0},{"damage_healed":0,"gold_gain":0,"player_choice":"Fought Nobs","damage_taken":0,"max_hp_gain":0,"max_hp_loss":0,"event_name":"Colosseum","floor":20,"gold_loss":0},{"damage_healed":0,"gold_gain":0,"player_choice":"Obtain J.A.X.","damage_taken":0,"max_hp_gain":0,"max_hp_loss":0,"event_name":"Drug Dealer","floor":21,"gold_loss":0,"cards_obtained":["J.A.X."]}],"is_beta":false,"boss_relics":[{"not_picked":["Orrery","Runic Cube"],"picked":"Black Star"}],"items_purged_floors":[4],"is_endless":false,"potions_floor_spawned":[1,11,12,14,18,20],"killed_by":"3 Byrds","ascension_level":3}