{"gold_per_floor":[110,120,420,53,53,53,53,83,83,1,1,1,32,47,47,118,118,138,151,5,5,25,25,57,57,81,81,112,112,145,157,157,230,230,245,255,272,272,17,48,48,80,80,80,10,37,87,97,97,97],"floor_reached":50,"playtime":4363,"items_purged":["Regret","Writhe"],"score":1018,"play_id":"78022474-3bbe-4fff-9819-e9b9ca049014","local_time":"20190303101829","is_ascension_mode":true,"campfire_choices":[{"data":"Poisoned Stab","floor":6,"key":"SMITH"},{"data":"Glass Knife","floor":11,"key":"SMITH"},{"data":"Backflip","floor":15,"key":"SMITH"},{"data":"Skewer","floor":23,"key":"SMITH"},{"data":"Doppelganger","floor":25,"key":"SMITH"},{"data":"Deadly Poison","floor":27,"key":"SMITH"},{"data":"Dagger Spray","floor":29,"key":"SMITH"},{"floor":32,"key":"REST"},{"floor":41,"key":"REST"},{"floor":49,"key":"DIG"}],"neow_cost":"NONE","seed_source_timestamp":309598663147008,"circlet_count":0,"master_deck":["AscendersBane","Defend_G","Defend_G","Defend_G+1","Defend_G+1","Defend_G","Strike_G","Strike_G","Strike_G","Strike_G","Survivor","Neutralize+1","Poisoned Stab+1","Well Laid Plans","Backflip+1","Glass Knife+1","Doppelganger+1","Skewer+1","Deadly Poison+1","Dagger Spray+1","Dodge and Roll","After Image","Deflect","Escape Plan","Footwork","Blur","Noxious Fumes","PiercingWail+1","Pain","Parasite"],"relics":["Ring of the Snake","Old Coin","TwistedFunnel","Oddly Smooth Stone","Calipers","Thread and Needle","War Paint","Cursed Key","Happy Flower","Sundial","Regal Pillow","PreservedInsect","Omamori","Black Star","Potion Belt","Ninja Scroll","Bag of Marbles","Lantern","Bird Faced Urn","Shovel","Ancient Tea Set","Smiling Mask","Bottled Lightning"],"potions_floor_usage":[8,22,24,28,33,37,40,42,46,48],"damage_taken":[{"damage":2,"enemies":"Small Slimes","floor":1,"turns":4},{"damage":3,"enemies":"2 Louse","floor":2,"turns":3},{"damage":24,"enemies":"Gremlin Nob","floor":8,"turns":4},{"damage":0,"enemies":"3 Sentries","floor":13,"turns":8},{"damage":0,"enemies":"Cultist","floor":14,"turns":2},{"damage":1,"enemies":"The Guardian","floor":16,"turns":11},{"damage":0,"enemies":"Chosen","floor":18,"turns":3},{"damage":0,"enemies":"Shell Parasite","floor":19,"turns":4},{"damage":1,"enemies":"Shelled Parasite and Fungi","floor":22,"turns":4},{"damage":8,"enemies":"Book of Stabbing","floor":24,"turns":5},{"damage":10,"enemies":"Slavers","floor":28,"turns":6},{"damage":3,"enemies":"Gremlin Leader","floor":30,"turns":3},{"damage":7,"enemies":"Centurion and Healer","floor":31,"turns":4},{"damage":71,"enemies":"Collector","floor":33,"turns":13},{"damage":0,"enemies":"3 Shapes","floor":35,"turns":5},{"damage":1,"enemies":"Orb Walker","floor":36,"turns":2},{"damage":23,"enemies":"Transient","floor":37,"turns":5},{"damage":21,"enemies":"Giant Head","floor":40,"turns":9},{"damage":5,"enemies":"Reptomancer","floor":42,"turns":5},{"damage":20,"enemies":"Giant Head","floor":46,"turns":8},{"damage":8,"enemies":"Writhing Mass","floor":48,"turns":7},{"damage":78,"enemies":"Time Eater","floor":50,"turns":8}],"seed_played":"-6738248716679917702","potions_obtained":[{"floor":8,"key":"Ancient Potion"},{"floor":18,"key":"Regen Potion"},{"floor":22,"key":"Energy Potion"},{"floor":24,"key":"Poison Potion"},{"floor":33,"key":"FairyPotion"},{"floor":35,"key":"Weak Potion"},{"floor":40,"key":"Regen Potion"},{"floor":42,"key":"SkillPotion"},{"floor":46,"key":"EssenceOfSteel"}],"is_trial":false,"path_per_floor":["M","M","?","$","?","R","?","E","T","$","R","?","E","M","R","B",null,"M","M","$","?","M","R","E","R","T","R","E","R","E","M","R","B",null,"M","M","M","?","$","E","R","E","T","?","$","E","T","M","R","B"],"character_chosen":"THE_SILENT","items_purchased":["Poison Potion","TwistedFunnel","Well Laid Plans","Glass Knife","Happy Flower","Footwork","GamblersBrew","Noxious Fumes"],"campfire_rested":2,"item_purchase_floors":[4,4,4,10,20,39,39,45],"current_hp_per_floor":[68,65,65,65,53,53,46,22,22,22,22,22,22,22,22,21,63,63,63,63,63,74,74,66,66,66,66,56,56,53,46,77,6,59,59,58,35,54,54,33,71,77,77,77,77,57,57,57,57,0],"gold":97,"neow_bonus":"TEN_PERCENT_HP_BONUS","is_prod":false,"is_daily":false,"chose_seed":false,"campfire_upgraded":7,"win_rate":0,"timestamp":1551626309,"path_taken":["M","M","?","$","?","R","?","E","T","$","R","?","E","M","R","BOSS","M","M","?","?","M","R","E","R","T","R","E","R","E","M","R","BOSS","M","M","M","?","$","E","R","E","T","?","?","E","?","M","R","BOSS"],"build_version":"2019-01-23","purchased_purges":2,"victory":false,"max_hp_per_floor":[77,77,77,77,77,77,77,77,77,77,77,77,77,77,77,77,77,77,77,77,77,77,77,77,77,77,77,77,77,77,77,77,77,77,77,77,77,77,77,77,77,77,77,77,77,77,77,77,77,77],"card_choices":[{"not_picked":["PiercingWail","Dagger Throw"],"picked":"Poisoned Stab","floor":1},{"not_picked":["Poisoned Stab","Concentrate","Bane"],"picked":"SKIP","floor":2},{"not_picked":["Outmaneuver","Deflect"],"picked":"Backflip","floor":8},{"not_picked":["Dagger Throw","Underhanded Strike","Backflip"],"picked":"SKIP","floor":13},{"not_picked":["Acrobatics","Flying Knee","Underhanded Strike"],"picked":"SKIP","floor":14},{"not_picked":["A Thousand Cuts","Malaise"],"picked":"Doppelganger","floor":16},{"not_picked":["Prepared","Acrobatics","Slice"],"picked":"SKIP","floor":18},{"not_picked":["Deflect","Well Laid Plans"],"picked":"Skewer","floor":19},{"not_picked":["Flying Knee","Poisoned Stab"],"picked":"Deadly Poison","floor":22},{"not_picked":["Setup+1","Backstab","Dagger Throw"],"picked":"SKIP","floor":24},{"not_picked":["Choke+1","Bouncing Flask"],"picked":"Dagger Spray","floor":28},{"not_picked":["Cloak And Dagger","Underhanded Strike","Flechettes+1"],"picked":"SKIP","floor":30},{"not_picked":["Outmaneuver","Blade Dance"],"picked":"Dodge and Roll","floor":31},{"not_picked":["Wraith Form v2","Adrenaline"],"picked":"After Image","floor":33},{"not_picked":["Dash","Dagger Spray"],"picked":"Deflect","floor":35},{"not_picked":["PiercingWail","Catalyst"],"picked":"Escape Plan","floor":36},{"not_picked":["Riddle With Holes+1","Dash","Acrobatics"],"picked":"SKIP","floor":37},{"not_picked":["Expertise","Concentrate"],"picked":"Blur","floor":40},{"not_picked":["Dodge and Roll","Accuracy","Setup"],"picked":"SKIP","floor":42},{"not_picked":["Riddle With Holes","Deflect"],"picked":"PiercingWail+1","floor":46},{"not_picked":["Crippling Poison","Quick Slash","Distraction"],"picked":"SKIP","floor":48}],"player_experience":365164,"relics_obtained":[{"floor":8,"key":"Calipers"},{"floor":9,"key":"Thread and Needle"},{"floor":13,"key":"War Paint"},{"floor":24,"key":"Sundial"},{"floor":26,"key":"Regal Pillow"},{"floor":28,"key":"PreservedInsect"},{"floor":30,"key":"Omamori"},{"floor":40,"key":"Potion Belt"},{"floor":40,"key":"Ninja Scroll"},{"floor":42,"key":"Bag of Marbles"},{"floor":42,"key":"Lantern"},{"floor":43,"key":"Bird Faced Urn"},{"floor":46,"key":"Shovel"},{"floor":46,"key":"Ancient Tea Set"},{"floor":47,"key":"Smiling Mask"},{"floor":49,"key":"Bottled Lightning"}],"event_choices":[{"damage_healed":0,"gold_gain":0,"player_choice":"Box","damage_taken":0,"relics_obtained":["Old Coin"],"max_hp_gain":0,"max_hp_loss":0,"event_name":"Big Fish","floor":3,"gold_loss":0,"cards_obtained":["Regret"]},{"damage_healed":0,"gold_gain":0,"player_choice":"Success","damage_taken":12,"relics_obtained":["Oddly Smooth Stone"],"max_hp_gain":0,"max_hp_loss":0,"event_name":"Scrap Ooze","floor":5,"gold_loss":0},{"cards_removed":["Strike_G"],"damage_healed":0,"gold_gain":0,"player_choice":"Card Removal","damage_taken":7,"max_hp_gain":0,"max_hp_loss":0,"event_name":"Golden Wing","floor":7,"gold_loss":0},{"damage_healed":0,"gold_gain":0,"player_choice":"Forge","damage_taken":0,"max_hp_gain":0,"max_hp_loss":0,"event_name":"Accursed Blacksmith","floor":12,"gold_loss":0,"cards_upgraded":["Neutralize"]},{"damage_healed":0,"gold_gain":0,"player_choice":"Ignored","damage_taken":0,"max_hp_gain":0,"max_hp_loss":0,"event_name":"Beggar","floor":21,"gold_loss":0},{"damage_healed":19,"gold_gain":0,"player_choice":"Writhe","damage_taken":0,"max_hp_gain":0,"max_hp_loss":0,"event_name":"Winding Halls","floor":38,"gold_loss":0,"cards_obtained":["Writhe"]},{"damage_healed":0,"gold_gain":0,"player_choice":"Memory 1","damage_taken":0,"max_hp_gain":0,"max_hp_loss":0,"event_name":"SensoryStone","floor":44,"gold_loss":0}],"is_beta":false,"boss_relics":[{"not_picked":["Snecko Eye","Lizard Tail"],"picked":"Cursed Key"},{"not_picked":["Pandora\u0027s Box","Runic Pyramid"],"picked":"Black Star"}],"items_purged_floors":[4,39],"is_endless":false,"potions_floor_spawned":[8,18,22,24,33,35,40,42,46],"killed_by":"Time Eater","ascension_level":13}