{"path_per_floor":["M","?","?","?","M","E","R","M","T","T","R","$","E","M","R","B",null,"M","?","M","$","M","R","M","R","T","?","?","R","M","M","R","B",null,"M","M","?","M","M","R","?","R","T","R","?","E","$","M","R","B"],"character_chosen":"IRONCLAD","items_purchased":["Shuriken","Mercury Hourglass","Dexterity Potion"],"gold_per_floor":[110,110,60,60,71,105,105,124,124,175,175,100,128,146,146,250,250,266,266,277,36,52,52,65,65,88,88,88,88,107,121,121,223,223,240,256,256,266,281,281,381,381,381,381,381,407,8,20,20,20],"floor_reached":51,"campfire_rested":0,"playtime":3646,"current_hp_per_floor":[80,80,80,73,79,59,59,63,63,63,63,63,63,68,68,55,80,72,72,73,73,79,79,75,75,75,75,60,60,30,36,36,9,85,85,85,85,76,82,82,82,82,82,82,82,76,76,85,85,56],"items_purged":["Strike_R","Strike_R"],"gold":20,"play_id":"5a1f3092-74bc-4dc2-beb5-831e8a6e580f","is_prod":false,"is_daily":false,"campfire_rituals":0,"campfire_upgraded":11,"is_hardmode":false,"path_taken":["M","?","?","?","?","E","R","?","T","?","R","?","E","?","R","BOSS","M","?","M","$","M","R","M","R","T","?","?","R","?","M","R","BOSS","M","M","?","M","M","R","?","R","T","R","?","E","$","M","R","BOSS"],"build_version":"2018-01-11-PROD2","purchased_purges":3,"victory":true,"master_deck":["Strike_R","Defend_R","Defend_R","Defend_R","Defend_R","Bash","Clothesline","Cleave","Flex","Whirlwind","Fiend Fire","Iron Wave","Limit Break","Pommel Strike","Shrug It Off","Armaments","Inflame","Offering","Clothesline","Flex","Barricade","Pommel Strike"],"max_hp_per_floor":[80,80,80,80,80,80,80,80,80,80,80,80,80,80,80,80,80,80,80,80,80,80,80,80,80,80,80,85,85,85,85,85,85,85,85,85,85,85,85,85,85,85,85,85,85,85,85,85,85,85],"relics":["Black Blood","Bronze Scales","Lantern","Omamori","Paper Frog","Prayer Wheel","Pantograph","Mark of Pain","Shuriken","Pen Nib","Magic Flower","Molten Egg","Mercury Hourglass"],"campfire_meditates":0,"card_choices":[{"not_picked":["Armaments","Headbutt"],"picked":"Clothesline"},{"not_picked":["Clash","Burning Pact"],"picked":"Cleave"},{"not_picked":["Anger","Heavy Blade"],"picked":"Flex"},{"not_picked":["Flex","Shrug It Off"],"picked":"Whirlwind"},{"not_picked":["Anger","Power Through"],"picked":"Fiend Fire"},{"not_picked":["Cleave","Armaments"],"picked":"Iron Wave"},{"not_picked":["Reaper","Berserk"],"picked":"Limit Break"},{"not_picked":["Fire Breathing","Dual Wield"],"picked":"Pommel Strike"},{"not_picked":["Headbutt","Dual Wield"],"picked":"Shrug It Off"},{"not_picked":["Rupture","Thunderclap"],"picked":"Armaments"},{"not_picked":["Wild Strike","Havoc"],"picked":"Inflame"},{"not_picked":["Immolate","Feed"],"picked":"Offering"},{"not_picked":["Heavy Blade","Burning Pact"],"picked":"Clothesline"},{"not_picked":["Intimidate","Anger"],"picked":"Flex"},{"not_picked":["Sever Soul","Flex"],"picked":"Barricade"},{"not_picked":["Shrug It Off","Iron Wave"],"picked":"Pommel Strike"}],"player_experience":45581,"potions_floor_usage":[13,13,16,22,31,33,39,46,50,50,50],"damage_taken":[{"damage":5,"enemies":"2 Louse","floor":1,"turns":3},{"damage":0,"enemies":"Cultist","floor":5,"turns":3},{"damage":26,"enemies":"3 Sentries","floor":6,"turns":6},{"damage":2,"enemies":"Small Slimes","floor":8,"turns":3},{"damage":12,"enemies":"Gremlin Nob","floor":13,"turns":3},{"damage":1,"enemies":"2 Fungi Beasts","floor":14,"turns":2},{"damage":31,"enemies":"The Guardian","floor":16,"turns":6},{"damage":14,"enemies":"3 Byrds","floor":18,"turns":3},{"damage":5,"enemies":"Spheric Guardian","floor":20,"turns":3},{"damage":0,"enemies":"Chosen and Byrds","floor":22,"turns":3},{"damage":10,"enemies":"Snake Plant","floor":24,"turns":3},{"damage":36,"enemies":"Sentry and Sphere","floor":30,"turns":6},{"damage":0,"enemies":"3 Cultists","floor":31,"turns":4},{"damage":58,"enemies":"Champ","floor":33,"turns":7},{"damage":6,"enemies":"3 Shapes","floor":35,"turns":2},{"damage":4,"enemies":"3 Darklings","floor":36,"turns":1},{"damage":19,"enemies":"4 Shapes","floor":38,"turns":1},{"damage":4,"enemies":"Maw","floor":39,"turns":6},{"damage":39,"enemies":"2 Orb Walkers","floor":46,"turns":5},{"damage":0,"enemies":"3 Darklings","floor":48,"turns":1},{"damage":44,"enemies":"Time Eater","floor":50,"turns":10}],"event_choices":[{"event_name":"Living Wall","player_choice":"Forget","floor":2,"damage_taken":0},{"event_name":"The Cleric","player_choice":"Card Removal","floor":3,"damage_taken":0},{"event_name":"Scrap Ooze","player_choice":"success","floor":4,"damage_taken":7},{"event_name":"Vampires","player_choice":"Ignored","floor":19,"damage_taken":0},{"event_name":"Match and Keep!","player_choice":"0 cards matched","floor":27,"damage_taken":0},{"event_name":"Forgotten Altar","player_choice":"Shed Blood","floor":28,"damage_taken":0},{"event_name":"Match and Keep!","player_choice":"0 cards matched","floor":37,"damage_taken":0},{"event_name":"Match and Keep!","player_choice":"0 cards matched","floor":37,"damage_taken":0},{"event_name":"Golden Shrine","player_choice":"Pray","floor":41,"damage_taken":0},{"event_name":"Accursed Blacksmith","player_choice":"Forge","floor":45,"damage_taken":0}],"boss_relics":[{"not_picked":["Philosopher\u0027s Stone","Runic Cube"],"picked":"Mark of Pain"},{"not_picked":["Black Star","Calling Bell"],"picked":"Black Blood"}],"potions_floor_spawned":[6,8,13,14,20,31,33,35,46,48],"seed_played":"231283675682680717","is_trial":false}