{"gold_per_floor":[114,55,75,89,89,122,122,157,227,227,260,260,274,308,308,437,437,455,416,440,440],"floor_reached":21,"playtime":1378,"items_purged":[],"score":238,"play_id":"af923268-8b6b-4414-8559-40a5d5b2cfd2","local_time":"20181231093929","is_ascension_mode":true,"campfire_choices":[{"floor":7,"key":"REST"},{"floor":12,"key":"REST"},{"floor":15,"key":"REST"}],"neow_cost":"NONE","seed_source_timestamp":55978044730600,"circlet_count":0,"master_deck":["Strike_R","Strike_R","Strike_R","Strike_R","Strike_R","Defend_R","Defend_R","Defend_R","Defend_R","Bash","Headbutt","Clothesline","Entrench","Power Through","Evolve","Combust","Juggernaut","Iron Wave","Thunderclap","Combust","Ghostly Armor","Reaper","Ghostly Armor+1","Intimidate","Flex+1"],"relics":["Burning Blood","NeowsBlessing","Prayer Wheel","Golden Idol","Anchor","Sundial","Matryoshka","Du-Vu Doll","The Courier","Cursed Key"],"potions_floor_usage":[8,11,14,20,21],"damage_taken":[{"damage":0,"enemies":"2 Louse","floor":1,"turns":1},{"damage":0,"enemies":"Cultist","floor":3,"turns":1},{"damage":0,"enemies":"Jaw Worm","floor":4,"turns":1},{"damage":33,"enemies":"Lagavulin","floor":6,"turns":8},{"damage":24,"enemies":"3 Sentries","floor":8,"turns":6},{"damage":32,"enemies":"Lagavulin","floor":11,"turns":7},{"damage":7,"enemies":"Looter","floor":13,"turns":3},{"damage":29,"enemies":"3 Sentries","floor":14,"turns":5},{"damage":54,"enemies":"Hexaghost","floor":16,"turns":11},{"damage":26,"enemies":"3 Byrds","floor":18,"turns":4},{"damage":29,"enemies":"Spheric Guardian","floor":20,"turns":4},{"damage":41,"enemies":"Colosseum Slavers","floor":21,"turns":6},{"damage":38,"enemies":"Colosseum Nobs","floor":21,"turns":3}],"seed_played":"-1508581327522557828","potions_obtained":[{"floor":6,"key":"Regen Potion"},{"floor":8,"key":"Dexterity Potion"},{"floor":13,"key":"Fruit Juice"},{"floor":20,"key":"Dexterity Potion"}],"is_trial":false,"path_per_floor":["M","?","M","M","?","E","R","E","T","$","E","R","M","E","R","B",null,"M","$","M","?"],"character_chosen":"IRONCLAD","items_purchased":["AttackPotion"],"campfire_rested":3,"item_purchase_floors":[19],"current_hp_per_floor":[80,80,80,80,60,33,57,53,53,53,27,51,50,32,57,9,85,67,67,48,0],"gold":440,"neow_bonus":"THREE_ENEMY_KILL","is_prod":false,"is_daily":false,"chose_seed":false,"campfire_upgraded":0,"win_rate":0,"timestamp":1546267169,"path_taken":["M","?","?","M","?","E","R","E","T","$","E","R","M","E","R","BOSS","M","$","M","?"],"build_version":"2018-12-20","purchased_purges":0,"victory":false,"max_hp_per_floor":[80,80,80,80,80,80,80,80,80,80,80,80,80,85,85,85,85,85,85,85,85],"card_choices":[{"not_picked":["True Grit","Iron Wave"],"picked":"Headbutt","floor":1},{"not_picked":["Fire Breathing","Anger"],"picked":"Clothesline","floor":3},{"not_picked":["Sword Boomerang","Pommel Strike"],"picked":"Entrench","floor":3},{"not_picked":["Havoc","Pommel Strike"],"picked":"Power Through","floor":4},{"not_picked":["Hemokinesis","Sword Boomerang"],"picked":"Evolve","floor":4},{"not_picked":["Pommel Strike","Blood for Blood"],"picked":"Combust","floor":6},{"not_picked":["Pommel Strike","Body Slam"],"picked":"Juggernaut","floor":8},{"not_picked":["Warcry","Headbutt"],"picked":"Iron Wave","floor":11},{"not_picked":["Twin Strike","Heavy Blade"],"picked":"Thunderclap","floor":13},{"not_picked":["Double Tap","Thunderclap"],"picked":"Combust","floor":13},{"not_picked":["Perfected Strike","Bludgeon"],"picked":"Ghostly Armor","floor":14},{"not_picked":["Demon Form","Dark Embrace"],"picked":"Reaper","floor":16},{"not_picked":["Shrug It Off","Armaments"],"picked":"Ghostly Armor+1","floor":18},{"not_picked":["Havoc","Clash","Twin Strike"],"picked":"SKIP","floor":18},{"not_picked":["Rampage","Headbutt"],"picked":"Intimidate","floor":20},{"not_picked":["Hemokinesis","Feel No Pain"],"picked":"Flex+1","floor":20}],"player_experience":415814,"relics_obtained":[{"floor":6,"key":"Anchor"},{"floor":8,"key":"Sundial"},{"floor":9,"key":"Matryoshka"},{"floor":11,"key":"Du-Vu Doll"},{"floor":14,"key":"The Courier"}],"event_choices":[{"damage_healed":0,"gold_gain":0,"player_choice":"Paid Gold","damage_taken":0,"relics_obtained":["Prayer Wheel"],"max_hp_gain":0,"max_hp_loss":0,"event_name":"WeMeetAgain","floor":2,"gold_loss":59},{"damage_healed":0,"gold_gain":0,"player_choice":"Take Damage","damage_taken":20,"relics_obtained":["Golden Idol"],"max_hp_gain":0,"max_hp_loss":0,"event_name":"Golden Idol","floor":5,"gold_loss":0},{"damage_healed":0,"gold_gain":0,"player_choice":"Fight","damage_taken":0,"max_hp_gain":0,"max_hp_loss":0,"event_name":"Colosseum","floor":21,"gold_loss":0},{"damage_healed":0,"gold_gain":0,"player_choice":"Fought Nobs","damage_taken":0,"max_hp_gain":0,"max_hp_loss":0,"event_name":"Colosseum","floor":21,"gold_loss":0}],"is_beta":false,"boss_relics":[{"not_picked":["Runic Cube","Runic Pyramid"],"picked":"Cursed Key"}],"items_purged_floors":[],"is_endless":false,"potions_floor_spawned":[6,8,13,20],"killed_by":"Colosseum Nobs","ascension_level":3}