{"gold_per_floor":[116,116,35,54,64,64,77,88,88,37,52,66,84,34,34,131,131,142,142,142,116,45,64,64,80,131,3,3,17,17,36,36,139,139,159,159,159,159,170,170,82,100,100,3,3,3,3,17,17,17],"floor_reached":51,"playtime":3277,"items_purged":["Strike_G"],"score":616,"play_id":"b69d6359-014a-4dff-98b1-550759fc2ecd","local_time":"20190203215939","is_ascension_mode":false,"campfire_choices":[{"data":"Noxious Fumes","floor":6,"key":"SMITH"},{"floor":15,"key":"REST"},{"floor":24,"key":"REST"},{"floor":28,"key":"REST"},{"floor":32,"key":"REST"},{"data":"Sadistic Nature","floor":40,"key":"SMITH"},{"floor":46,"key":"REST"},{"floor":49,"key":"REST"}],"neow_cost":"NONE","seed_source_timestamp":253118010344701,"circlet_count":0,"master_deck":["Defend_G","Defend_G","Defend_G","Survivor","Neutralize","Backflip+1","Well Laid Plans","Noxious Fumes+1","Infinite Blades","Dodge and Roll","Bouncing Flask","Footwork","After Image","Infinite Blades","Dodge and Roll+1","Backstab","Bouncing Flask","Backflip","Dash","J.A.X.","After Image","Finisher+1","Crippling Poison+1","Backflip+1","PiercingWail","Secret Weapon","Sadistic Nature+1","Blade Dance","Blur+1","Finesse","Finesse","Bouncing Flask","Good Instincts"],"relics":["Ring of the Snake","NeowsBlessing","Matryoshka","WristBlade","Potion Belt","Anchor","Astrolabe","Orichalcum","Singing Bowl"],"potions_floor_usage":[23,50,50],"damage_taken":[{"damage":0,"enemies":"Small Slimes","floor":1,"turns":1},{"damage":0,"enemies":"Cultist","floor":4,"turns":1},{"damage":0,"enemies":"Jaw Worm","floor":5,"turns":1},{"damage":0,"enemies":"2 Fungi Beasts","floor":7,"turns":4},{"damage":14,"enemies":"Lots of Slimes","floor":8,"turns":5},{"damage":8,"enemies":"Exordium Wildlife","floor":11,"turns":5},{"damage":10,"enemies":"Looter","floor":12,"turns":3},{"damage":0,"enemies":"Blue Slaver","floor":13,"turns":4},{"damage":24,"enemies":"The Guardian","floor":16,"turns":9},{"damage":1,"enemies":"Shell Parasite","floor":18,"turns":7},{"damage":43,"enemies":"2 Thieves","floor":21,"turns":5},{"damage":12,"enemies":"3 Cultists","floor":23,"turns":6},{"damage":5,"enemies":"Snake Plant","floor":25,"turns":5},{"damage":9,"enemies":"Snecko","floor":29,"turns":6},{"damage":4,"enemies":"Centurion and Healer","floor":31,"turns":8},{"damage":58,"enemies":"Automaton","floor":33,"turns":13},{"damage":0,"enemies":"Orb Walker","floor":35,"turns":6},{"damage":9,"enemies":"3 Darklings","floor":39,"turns":5},{"damage":34,"enemies":"Jaw Worm Horde","floor":42,"turns":4},{"damage":3,"enemies":"4 Shapes","floor":48,"turns":5},{"damage":64,"enemies":"Donu and Deca","floor":50,"turns":13}],"seed_played":"3546393536758294250","potions_obtained":[{"floor":1,"key":"Explosive Potion"},{"floor":5,"key":"Swift Potion"},{"floor":7,"key":"PowerPotion"},{"floor":12,"key":"SkillPotion"},{"floor":20,"key":"FairyPotion"},{"floor":20,"key":"EssenceOfSteel"},{"floor":23,"key":"FairyPotion"},{"floor":29,"key":"SpeedPotion"},{"floor":31,"key":"Swift Potion"},{"floor":39,"key":"Strength Potion"}],"is_trial":false,"path_per_floor":["M","?","$","M","M","R","M","M","T","$","M","M","M","?","R","B",null,"M","?","?","M","$","M","R","M","T","$","R","M","?","M","R","B",null,"M","?","?","?","M","R","$","M","T","$","?","R","$","M","R","B",null],"character_chosen":"THE_SILENT","items_purchased":["Well Laid Plans","Dodge and Roll","Backstab","Backflip","Finesse","Finesse"],"campfire_rested":6,"item_purchase_floors":[3,10,22,27,41,44],"current_hp_per_floor":[70,70,70,70,70,70,70,56,56,56,48,38,38,38,59,35,70,69,69,69,26,26,14,35,30,30,30,51,42,42,38,59,1,70,70,65,65,65,56,56,56,22,22,22,22,43,43,42,63,6],"gold":17,"neow_bonus":"THREE_ENEMY_KILL","is_prod":false,"is_daily":false,"chose_seed":false,"campfire_upgraded":2,"win_rate":0,"timestamp":1549249179,"path_taken":["M","?","$","M","M","R","M","M","T","$","M","?","M","?","R","BOSS","M","?","?","M","$","M","R","?","T","$","R","M","?","M","R","BOSS","M","?","?","?","M","R","$","?","T","$","?","R","$","M","R","BOSS"],"build_version":"2019-01-23","purchased_purges":1,"victory":true,"max_hp_per_floor":[70,70,70,70,70,70,70,70,70,70,70,70,70,70,70,70,70,70,70,70,70,70,70,70,70,70,70,70,70,70,70,70,70,70,70,70,70,70,70,70,70,70,70,70,70,70,70,72,72,72],"card_choices":[{"not_picked":["Endless Agony","Bane"],"picked":"Backflip","floor":1},{"not_picked":["PiercingWail","Bane"],"picked":"Noxious Fumes","floor":4},{"not_picked":["All Out Attack","Outmaneuver","Underhanded Strike"],"picked":"SKIP","floor":5},{"not_picked":["Sucker Punch","Outmaneuver","Deflect"],"picked":"SKIP","floor":7},{"not_picked":["Skewer","PiercingWail"],"picked":"Infinite Blades","floor":8},{"not_picked":["PiercingWail","Caltrops"],"picked":"Bouncing Flask","floor":11},{"not_picked":["Poisoned Stab","Choke"],"picked":"Footwork","floor":12},{"not_picked":["Flying Knee","Calculated Gamble","Slice"],"picked":"SKIP","floor":13},{"not_picked":["Venomology","Phantasmal Killer"],"picked":"After Image","floor":16},{"not_picked":["Deflect","Endless Agony+1"],"picked":"Infinite Blades","floor":18},{"not_picked":["Riddle With Holes","Deflect"],"picked":"Dodge and Roll+1","floor":21},{"not_picked":["Finisher","Acrobatics"],"picked":"Bouncing Flask","floor":23},{"not_picked":["Outmaneuver","Distraction+1","Acrobatics+1"],"picked":"SKIP","floor":25},{"not_picked":["Slice","All Out Attack"],"picked":"Dash","floor":29},{"not_picked":["Reflex+1","Underhanded Strike+1","Calculated Gamble"],"picked":"SKIP","floor":31},{"not_picked":["Storm of Steel","A Thousand Cuts"],"picked":"After Image","floor":33},{"not_picked":["Cloak And Dagger","Finisher+1"],"picked":"PiercingWail","floor":35},{"not_picked":["Bandage Up","Blind"],"picked":"Secret Weapon","floor":36},{"not_picked":["Swift Strike","Finesse"],"picked":"Sadistic Nature","floor":36},{"not_picked":["Predator","Cloak And Dagger"],"picked":"Blur+1","floor":39},{"not_picked":["Slice","Bane+1","Expertise"],"picked":"SKIP","floor":42},{"not_picked":["Acrobatics","Cloak And Dagger","Setup"],"picked":"Singing Bowl","floor":48}],"player_experience":987284,"relics_obtained":[{"floor":9,"key":"Matryoshka"},{"floor":26,"key":"Potion Belt"},{"floor":26,"key":"Anchor"},{"floor":43,"key":"Orichalcum"},{"floor":43,"key":"Singing Bowl"}],"event_choices":[{"damage_healed":0,"gold_gain":0,"player_choice":"Upgraded","damage_taken":0,"max_hp_gain":0,"max_hp_loss":0,"event_name":"Upgrade Shrine","floor":2,"gold_loss":0,"cards_upgraded":["Backflip"]},{"cards_removed":["Strike_G"],"damage_healed":0,"gold_gain":0,"player_choice":"Card Removal","damage_taken":0,"max_hp_gain":0,"max_hp_loss":0,"event_name":"The Cleric","floor":14,"gold_loss":50},{"damage_healed":0,"gold_gain":0,"player_choice":"Ignored","damage_taken":0,"max_hp_gain":0,"max_hp_loss":0,"event_name":"Vampires","floor":19,"gold_loss":0},{"damage_healed":0,"gold_gain":0,"player_choice":"Got Potions","damage_taken":0,"max_hp_gain":0,"max_hp_loss":0,"event_name":"Lab","floor":20,"gold_loss":0},{"damage_healed":0,"gold_gain":0,"player_choice":"Obtain J.A.X.","damage_taken":0,"max_hp_gain":0,"max_hp_loss":0,"event_name":"Drug Dealer","floor":30,"gold_loss":0,"cards_obtained":["J.A.X."]},{"damage_healed":0,"gold_gain":0,"player_choice":"Memory 2","damage_taken":5,"max_hp_gain":0,"max_hp_loss":0,"event_name":"SensoryStone","floor":36,"gold_loss":0},{"cards_removed":["Defend_G"],"damage_healed":0,"gold_gain":0,"player_choice":"Removed Skill","damage_taken":0,"max_hp_gain":0,"max_hp_loss":0,"event_name":"Falling","floor":37,"gold_loss":0},{"damage_healed":0,"gold_gain":0,"cards_transformed":["Defend_G"],"player_choice":"Transformed","damage_taken":0,"max_hp_gain":0,"max_hp_loss":0,"event_name":"Transmorgrifier","floor":38,"gold_loss":0,"cards_obtained":["Blade Dance"]},{"damage_healed":0,"gold_gain":0,"player_choice":"2 cards matched","damage_taken":0,"max_hp_gain":0,"max_hp_loss":0,"event_name":"Match and Keep!","floor":45,"gold_loss":0,"cards_obtained":["Bouncing Flask","Good Instincts"]}],"is_beta":false,"boss_relics":[{"not_picked":["Pandora\u0027s Box","Runic Dome"],"picked":"WristBlade"},{"not_picked":["Fusion Hammer","Black Star"],"picked":"Astrolabe"}],"items_purged_floors":[27],"is_endless":false,"potions_floor_spawned":[1,5,7,12,16,23,29,31,39,48],"ascension_level":0}