{"gold_per_floor":[367,377,387,387,312,312,326,341,341,357,367,401,420,386,386,486,486,504,504,276,276,276,276,294,6,6,6,22,37,37,53,53,150,150,167,167,177,77,77,97,97,97,143,143,143,18,34,34,34,34],"floor_reached":50,"playtime":4944,"items_purged":["Strike_G","Decay","Normality"],"score":519,"play_id":"29f6ea2d-d9f7-4b1c-a530-08c7f5d00822","local_time":"20190303185552","is_ascension_mode":false,"campfire_choices":[{"floor":6,"key":"REST"},{"floor":15,"key":"REST"},{"data":"After Image","floor":23,"key":"SMITH"},{"data":"Ghostly","floor":27,"key":"SMITH"},{"data":"Catalyst","floor":30,"key":"SMITH"},{"data":"Noxious Fumes","floor":32,"key":"SMITH"},{"floor":42,"key":"REST"},{"data":"Envenom","floor":45,"key":"SMITH"},{"floor":49,"key":"REST"}],"neow_cost":"PERCENT_DAMAGE","seed_source_timestamp":15051980504800,"circlet_count":0,"master_deck":["Defend_G+1","Defend_G+1","Defend_G+1","Strike_G+1","Strike_G+1","Strike_G+1","Strike_G+1","Survivor","Neutralize","Noxious Fumes+1","Blade Dance","Bouncing Flask","Iron Wave","Backstab","Quick Slash","Predator","Deadly Poison","Die Die Die","Backstab","After Image+1","Terror","Catalyst+1","Footwork","Ghostly+1","Ghostly","Ghostly","Ghostly","Ghostly","Noxious Fumes","Tools of the Trade","Prepared+1","PiercingWail","Envenom+1","Well Laid Plans","Backstab+1","Backstab+1","Parasite","Caltrops","Finesse","Poisoned Stab"],"relics":["Ring of the Snake","StoneCalendar","Dodecahedron","Cursed Key","Bronze Scales","Bird Faced Urn","Mummified Hand","Black Star","Anchor"],"potions_floor_usage":[12,16,24,28,33,33,33,40,50,50],"damage_taken":[{"damage":3,"enemies":"2 Louse","floor":1,"turns":3},{"damage":1,"enemies":"Cultist","floor":2,"turns":4},{"damage":3,"enemies":"Jaw Worm","floor":3,"turns":5},{"damage":8,"enemies":"2 Fungi Beasts","floor":7,"turns":3},{"damage":0,"enemies":"Looter","floor":8,"turns":4},{"damage":0,"enemies":"Blue Slaver","floor":10,"turns":3},{"damage":22,"enemies":"Exordium Thugs","floor":11,"turns":4},{"damage":34,"enemies":"Gremlin Nob","floor":12,"turns":4},{"damage":0,"enemies":"Large Slime","floor":13,"turns":3},{"damage":24,"enemies":"Hexaghost","floor":16,"turns":8},{"damage":2,"enemies":"3 Byrds","floor":18,"turns":5},{"damage":14,"enemies":"Shell Parasite","floor":24,"turns":4},{"damage":0,"enemies":"Snecko","floor":28,"turns":4},{"damage":0,"enemies":"Centurion and Healer","floor":29,"turns":5},{"damage":0,"enemies":"Snake Plant","floor":31,"turns":4},{"damage":16,"enemies":"Collector","floor":33,"turns":7},{"damage":3,"enemies":"3 Shapes","floor":35,"turns":6},{"damage":7,"enemies":"3 Darklings","floor":37,"turns":5},{"damage":26,"enemies":"Writhing Mass","floor":40,"turns":7},{"damage":15,"enemies":"Sphere and 2 Shapes","floor":47,"turns":4},{"damage":59,"enemies":"Awakened One","floor":50,"turns":11}],"seed_played":"-6072814588624086179","potions_obtained":[{"floor":1,"key":"Ancient Potion"},{"floor":8,"key":"Regen Potion"},{"floor":12,"key":"Swift Potion"},{"floor":16,"key":"Ancient Potion"},{"floor":24,"key":"SneckoOil"},{"floor":28,"key":"Weak Potion"},{"floor":29,"key":"Explosive Potion"},{"floor":33,"key":"Dexterity Potion"},{"floor":35,"key":"Ancient Potion"},{"floor":40,"key":"Regen Potion"}],"is_trial":false,"path_per_floor":["M","M","M","?","$","R","M","M","T","M","M","E","M","?","R","B",null,"M","?","$","?","?","R","M","$","T","R","M","M","R","M","R","B",null,"M","?","M","$","?","M","?","R","T","?","R","$","M","$","R","B"],"character_chosen":"THE_SILENT","items_purchased":["Bronze Scales","Catalyst","Bird Faced Urn"],"campfire_rested":4,"item_purchase_floors":[20,20,25],"current_hp_per_floor":[46,45,42,42,42,63,55,55,55,55,33,11,11,11,32,8,70,68,68,68,68,35,35,21,21,21,21,25,33,33,35,35,19,35,35,35,28,28,28,16,16,26,26,26,26,26,19,19,29,0],"gold":34,"neow_bonus":"TWO_FIFTY_GOLD","is_prod":false,"is_daily":false,"chose_seed":false,"campfire_upgraded":5,"win_rate":0,"timestamp":1551635752,"path_taken":["M","M","M","?","$","R","M","M","T","M","?","E","M","?","R","BOSS","M","?","$","?","?","R","M","$","T","R","M","M","R","M","R","BOSS","M","?","M","$","?","?","?","R","T","?","R","$","M","$","R","BOSS"],"build_version":"2019-01-23","purchased_purges":3,"victory":false,"max_hp_per_floor":[70,70,70,70,70,70,70,70,70,70,70,70,70,70,70,70,70,70,70,70,70,35,35,35,35,35,35,35,35,35,35,35,35,35,35,35,35,35,35,35,35,35,35,35,35,35,35,35,35,35],"card_choices":[{"not_picked":["Infinite Blades","Flying Knee"],"picked":"Noxious Fumes","floor":1},{"not_picked":["Heel Hook","Flying Knee"],"picked":"Blade Dance","floor":2},{"not_picked":["Cloak And Dagger","Dodge and Roll"],"picked":"Bouncing Flask","floor":3},{"not_picked":["Acrobatics","Infinite Blades"],"picked":"Backstab","floor":7},{"not_picked":["Prepared","Calculated Gamble"],"picked":"Quick Slash","floor":8},{"not_picked":["Endless Agony","Slice"],"picked":"Predator","floor":10},{"not_picked":["Bane","Acrobatics"],"picked":"Deadly Poison","floor":11},{"not_picked":["Choke","Flechettes"],"picked":"Die Die Die","floor":12},{"not_picked":["Tactician","Deadly Poison"],"picked":"Backstab","floor":13},{"not_picked":["Burst","Venomology"],"picked":"After Image","floor":16},{"not_picked":["Backflip","Bane"],"picked":"Terror","floor":18},{"not_picked":["Slice","Dagger Throw"],"picked":"Noxious Fumes","floor":24},{"not_picked":["Reflex","Masterful Stab"],"picked":"Tools of the Trade","floor":28},{"not_picked":["Deadly Poison","Underhanded Strike"],"picked":"Prepared+1","floor":29},{"not_picked":["Flying Knee+1","Quick Slash"],"picked":"PiercingWail","floor":31},{"not_picked":["Tools of the Trade","Doppelganger"],"picked":"Envenom","floor":33},{"not_picked":["Underhanded Strike+1","Dodge and Roll+1"],"picked":"Well Laid Plans","floor":35},{"not_picked":["Caltrops","Cloak And Dagger"],"picked":"Backstab+1","floor":37},{"not_picked":["Dagger Throw","Bane+1"],"picked":"Caltrops","floor":40},{"not_picked":["Swift Strike","Purity"],"picked":"Finesse","floor":41},{"not_picked":["Expertise","Dash+1"],"picked":"Poisoned Stab","floor":47}],"player_experience":86885,"relics_obtained":[{"floor":9,"key":"StoneCalendar"},{"floor":12,"key":"Dodecahedron"},{"floor":26,"key":"Mummified Hand"},{"floor":43,"key":"Anchor"}],"event_choices":[{"cards_removed":["Defend_G"],"damage_healed":0,"gold_gain":0,"player_choice":"Took Card","damage_taken":0,"max_hp_gain":0,"max_hp_loss":0,"event_name":"NoteForYourself","floor":4,"gold_loss":0,"cards_obtained":["Iron Wave"]},{"damage_healed":0,"gold_gain":0,"player_choice":"Left Gold","damage_taken":0,"max_hp_gain":0,"max_hp_loss":0,"event_name":"World of Goop","floor":14,"gold_loss":34},{"damage_healed":0,"gold_gain":0,"player_choice":"Simplicity","damage_taken":0,"max_hp_gain":0,"max_hp_loss":0,"event_name":"Back to Basics","floor":19,"gold_loss":0,"cards_upgraded":["Defend_G","Defend_G","Defend_G","Defend_G","Strike_G","Strike_G","Strike_G","Strike_G"]},{"damage_healed":0,"gold_gain":0,"player_choice":"Read","damage_taken":0,"max_hp_gain":0,"max_hp_loss":0,"event_name":"The Library","floor":21,"gold_loss":0,"cards_obtained":["Footwork"]},{"damage_healed":0,"gold_gain":0,"player_choice":"Became a Ghost","damage_taken":0,"max_hp_gain":0,"max_hp_loss":35,"event_name":"Ghosts","floor":22,"gold_loss":0,"cards_obtained":["Ghostly","Ghostly","Ghostly","Ghostly","Ghostly"]},{"cards_removed":["Defend_G"],"damage_healed":0,"gold_gain":0,"player_choice":"Removed Skill","damage_taken":0,"max_hp_gain":0,"max_hp_loss":0,"event_name":"Falling","floor":36,"gold_loss":0},{"damage_healed":0,"gold_gain":0,"player_choice":"Copied","damage_taken":0,"max_hp_gain":0,"max_hp_loss":0,"event_name":"Duplicator","floor":39,"gold_loss":0,"cards_obtained":["Backstab"]},{"damage_healed":0,"gold_gain":0,"player_choice":"Memory 1","damage_taken":0,"max_hp_gain":0,"max_hp_loss":0,"event_name":"SensoryStone","floor":41,"gold_loss":0},{"damage_healed":0,"gold_gain":0,"player_choice":"Bought 0 Potions","damage_taken":0,"max_hp_gain":0,"max_hp_loss":0,"event_name":"The Woman in Blue","floor":44,"gold_loss":0}],"is_beta":false,"boss_relics":[{"not_picked":["Velvet Choker","Astrolabe"],"picked":"Cursed Key"},{"not_picked":["Runic Dome","Busted Crown"],"picked":"Black Star"}],"items_purged_floors":[5,38,46],"is_endless":false,"potions_floor_spawned":[1,8,12,16,24,28,29,33,35,40],"killed_by":"Awakened One","ascension_level":0}