{"gold_per_floor":[20,20,38,53,72,105,32,32,56,74,24,24,49,69,69,168,168,186,186,55,55,5,5,5,18,45,56,119,138,153,172,172,172],"floor_reached":33,"playtime":1329,"items_purged":["Strike_R","Strike_R","Strike_R"],"score":335,"play_id":"a8d854f1-4a63-4270-8ef0-0d3ca140009b","local_time":"20190121214537","is_ascension_mode":true,"campfire_choices":[{"data":"Rampage","floor":8.0,"key":"SMITH"},{"data":"Metallicize","floor":15.0,"key":"SMITH"},{"data":"Barricade","floor":23,"key":"SMITH"},{"floor":32,"key":"REST"}],"neow_cost":"NO_GOLD","seed_source_timestamp":963004802529074,"circlet_count":0,"master_deck":["Strike_R","Strike_R","Defend_R+1","Defend_R","Defend_R","Defend_R+1","Bash","Pommel Strike","Rampage+1","Shrug It Off","Iron Wave","Metallicize+1","Pummel","Barricade+1","Metallicize","Necronomicurse","Body Slam"],"special_seed":0,"relics":["Burning Blood","Gambling Chip","War Paint","Smiling Mask","Vajra","Busted Crown","Necronomicon","PreservedInsect","Tiny Chest"],"potions_floor_usage":[16,16,16,33],"damage_taken":[{"damage":6.0,"enemies":"Cultist","floor":1.0,"turns":3.0},{"damage":5.0,"enemies":"2 Louse","floor":3.0,"turns":4.0},{"damage":7.0,"enemies":"Small Slimes","floor":4.0,"turns":3.0},{"damage":11.0,"enemies":"Looter","floor":5.0,"turns":3.0},{"damage":25.0,"enemies":"3 Sentries","floor":6.0,"turns":10.0},{"damage":2.0,"enemies":"Blue Slaver","floor":10.0,"turns":4.0},{"damage":5.0,"enemies":"Lagavulin","floor":13.0,"turns":7.0},{"damage":0.0,"enemies":"Large Slime","floor":14.0,"turns":5.0},{"damage":60,"enemies":"Hexaghost","floor":16,"turns":14},{"damage":12,"enemies":"Shell Parasite","floor":18,"turns":6},{"damage":0,"enemies":"Spheric Guardian","floor":25,"turns":4},{"damage":27,"enemies":"Snake Plant","floor":27,"turns":5},{"damage":33,"enemies":"Gremlin Leader","floor":28,"turns":4},{"damage":15,"enemies":"3 Cultists","floor":29,"turns":7},{"damage":14,"enemies":"Chosen and Byrds","floor":30,"turns":8},{"damage":0,"enemies":"Sentry and Sphere","floor":31,"turns":8},{"damage":54,"enemies":"Collector","floor":33,"turns":8}],"seed_played":"-947518083272240456","potions_obtained":[{"floor":3.0,"key":"Ancient Potion"},{"floor":4.0,"key":"Dexterity Potion"},{"floor":5.0,"key":"Ancient Potion"},{"floor":13.0,"key":"GamblersBrew"},{"floor":27,"key":"SpeedPotion"},{"floor":28,"key":"Ancient Potion"}],"is_trial":false,"path_per_floor":["M","$","M","M","M","E","$","R","T","M","$","?","E","M","R","B",null,"M","?","$","?","$","R","?","M","T","M","E","M","M","M","R","B"],"character_chosen":"IRONCLAD","items_purchased":["Metallicize","Metallicize"],"campfire_rested":1,"item_purchase_floors":[7,20],"current_hp_per_floor":[80,80,80,79,74,55,55,55,55,59,59,64,65,71,71,17,85,79,63,63,47,47,47,77,83,83,62,35,26,18,24,51,0],"gold":172,"neow_bonus":"ONE_RARE_RELIC","is_prod":false,"is_daily":false,"chose_seed":false,"campfire_upgraded":3,"win_rate":0,"timestamp":1548135937,"path_taken":["M","?","M","?","M","E","$","R","T","?","$","?","E","M","R","BOSS","M","?","$","?","$","R","?","M","T","M","E","?","M","M","R","BOSS"],"build_version":"2019-01-17v2","purchased_purges":3,"victory":false,"max_hp_per_floor":[80,80,80,80,80,80,80,80,80,80,80,85,85,85,85,85,85,85,90,90,90,90,90,90,90,90,90,90,90,90,90,90,90],"card_choices":[{"not_picked":["Flex","Anger"],"picked":"Pommel Strike","floor":1.0},{"not_picked":["Uppercut","Hemokinesis"],"picked":"Rampage","floor":3.0},{"not_picked":["Feel No Pain","Pommel Strike"],"picked":"Shrug It Off","floor":4.0},{"not_picked":["Heavy Blade","Headbutt"],"picked":"Iron Wave","floor":5.0},{"not_picked":["Clothesline","Thunderclap","Reckless Charge"],"picked":"SKIP","floor":6.0},{"not_picked":["Pommel Strike","Havoc","Clash"],"picked":"SKIP","floor":10.0},{"not_picked":["Dark Embrace","Clothesline"],"picked":"Pummel","floor":13.0},{"not_picked":["Wild Strike","Iron Wave","Armaments"],"picked":"SKIP","floor":14.0},{"not_picked":["Fiend Fire","Immolate"],"picked":"Barricade","floor":16},{"not_picked":["Pommel Strike"],"picked":"SKIP","floor":18},{"not_picked":["Wild Strike"],"picked":"SKIP","floor":25},{"not_picked":["Second Wind"],"picked":"SKIP","floor":27},{"not_picked":["Hemokinesis+1"],"picked":"SKIP","floor":28},{"not_picked":["Warcry+1"],"picked":"SKIP","floor":29},{"not_picked":["Armaments"],"picked":"SKIP","floor":30},{"not_picked":[],"picked":"Body Slam","floor":31}],"player_experience":192009,"relics_obtained":[{"floor":6.0,"key":"War Paint"},{"floor":9.0,"key":"Smiling Mask"},{"floor":13.0,"key":"Vajra"},{"floor":21,"key":"Necronomicon"},{"floor":26,"key":"PreservedInsect"},{"floor":28,"key":"Tiny Chest"}],"event_choices":[{"damage_healed":0.0,"max_hp_gain":5.0,"max_hp_loss":0.0,"gold_gain":0.0,"event_name":"Big Fish","player_choice":"Donut","floor":12.0,"gold_loss":0.0,"damage_taken":0.0},{"damage_healed":0,"gold_gain":0,"player_choice":"Shed Blood","damage_taken":21,"max_hp_gain":5,"max_hp_loss":0,"event_name":"Forgotten Altar","floor":19,"gold_loss":0},{"damage_healed":0,"gold_gain":0,"player_choice":"Obtained Book","damage_taken":16,"max_hp_gain":0,"max_hp_loss":0,"event_name":"Cursed Tome","floor":21,"gold_loss":0},{"damage_healed":30,"gold_gain":0,"player_choice":"Heal","damage_taken":0,"max_hp_gain":0,"max_hp_loss":0,"event_name":"The Library","floor":24,"gold_loss":0}],"is_beta":false,"boss_relics":[{"not_picked":["Orrery","White Beast Statue"],"picked":"Busted Crown"}],"items_purged_floors":[11,20,22],"is_endless":false,"potions_floor_spawned":[3,4,5,13,27,28],"killed_by":"Collector","ascension_level":4}