{"path_per_floor":["M","?","M","$","?","R","E","M","T","R","M","M","R","?","R","B",null,"M","M","?","M","$","R","?","R","T","?","E","M","R","M","R","B",null,"M","?","M","?","$","R","?","M","T","M","M","E","M","M","R","B"],"character_chosen":"IRONCLAD","items_purchased":["True Grit","Power Through","Block Potion","Self Forming Clay","Body Slam"],"gold_per_floor":[116,116,130,55,55,55,93,109,134,134,154,172,172,172,172,302,302,317,330,330,345,93,93,93,93,93,93,133,153,153,171,171,296,296,315,315,334,334,23,23,23,46,71,90,108,144,160,185,185,185],"floor_reached":51,"campfire_rested":2,"playtime":6070,"current_hp_per_floor":[78,58,56,56,56,56,34,33,33,33,36,38,38,31,31,20,65,43,44,44,34,34,34,34,34,34,34,23,29,29,28,52,43,71,61,61,64,64,64,64,64,64,64,64,65,51,53,56,80,33],"items_purged":["Defend_R","Strike_R"],"gold":185,"play_id":"58023c8d-5778-4339-9529-eef25eb6a5b2","is_prod":false,"is_daily":false,"is_ascension_mode":true,"campfire_upgraded":8,"path_taken":["M","?","M","$","?","R","E","M","T","R","M","M","R","?","R","BOSS","M","M","?","?","$","R","?","R","T","?","E","?","R","M","R","BOSS","M","?","M","?","$","R","?","M","T","?","M","E","M","M","R","BOSS"],"build_version":"2018-01-25-PROD3","purchased_purges":2,"victory":true,"master_deck":["Defend_R","Defend_R","Bash+1","Evolve+1","Metallicize","Rampage+1","Seeing Red","Havoc+1","Spot Weakness+1","Offering+1","True Grit+1","Power Through+1","Rupture","Brutality","Pommel Strike+1","Warcry+1","Body Slam+1","Pain","Parasite","True Grit+1","Barricade","Warcry+1","Blood for Blood+1","Combust+1"],"max_hp_per_floor":[80,80,80,80,80,80,80,80,80,80,80,80,80,80,80,80,80,80,80,80,80,80,80,80,80,80,80,80,80,80,80,80,80,80,80,80,80,80,80,80,80,80,80,80,80,80,80,80,80,80],"relics":["Black Blood","Golden Idol","Oddly Smooth Stone","Molten Egg","Gremlin Horn","Frozen Eye","Cursed Key","Self Forming Clay","Whetstone","Singing Bowl"],"card_choices":[{"not_picked":["Fire Breathing","Warcry"],"picked":"Evolve"},{"not_picked":["Havoc","Feel No Pain"],"picked":"Metallicize"},{"not_picked":["Metallicize","Uppercut"],"picked":"Rampage"},{"not_picked":["Twin Strike","Uppercut"],"picked":"Seeing Red"},{"not_picked":["Clothesline","Anger"],"picked":"Havoc"},{"not_picked":["Twin Strike","Feed"],"picked":"Spot Weakness"},{"not_picked":["Brutality","Bludgeon"],"picked":"Offering"},{"not_picked":["Flex","Anger"],"picked":"Rupture"},{"not_picked":["Exhume","Double Tap"],"picked":"Brutality"},{"not_picked":["Reckless Charge","Havoc"],"picked":"Pommel Strike"},{"not_picked":["Thunderclap","Spot Weakness"],"picked":"Warcry"},{"not_picked":["Fire Breathing","Seeing Red"],"picked":"True Grit"},{"not_picked":["Anger","Infernal Blade"],"picked":"Barricade"},{"not_picked":["Inflame","Ghostly Armor"],"picked":"Warcry"},{"not_picked":["Anger","Armaments"],"picked":"Blood for Blood"},{"not_picked":["Heavy Blade","Evolve"],"picked":"Combust"}],"player_experience":470981,"potions_floor_usage":[16,16,19,19,28,46,46,46,50],"damage_taken":[{"damage":8,"enemies":"2 Louse","floor":1,"turns":3},{"damage":8,"enemies":"Jaw Worm","floor":3,"turns":6},{"damage":28,"enemies":"Gremlin Nob","floor":7,"turns":5},{"damage":7,"enemies":"Blue Slaver","floor":8,"turns":5},{"damage":3,"enemies":"3 Louse","floor":11,"turns":4},{"damage":4,"enemies":"Exordium Thugs","floor":12,"turns":4},{"damage":17,"enemies":"Slime Boss","floor":16,"turns":7},{"damage":32,"enemies":"Chosen","floor":18,"turns":6},{"damage":9,"enemies":"2 Thieves","floor":19,"turns":2},{"damage":20,"enemies":"3 Cultists","floor":21,"turns":5},{"damage":21,"enemies":"Book of Stabbing","floor":28,"turns":7},{"damage":4,"enemies":"Slaver and Parasite","floor":29,"turns":6},{"damage":11,"enemies":"Centurion and Healer","floor":31,"turns":4},{"damage":19,"enemies":"Champ","floor":33,"turns":12},{"damage":20,"enemies":"3 Darklings","floor":35,"turns":5},{"damage":7,"enemies":"3 Shapes","floor":37,"turns":5},{"damage":10,"enemies":"Sphere and 2 Shapes","floor":42,"turns":4},{"damage":10,"enemies":"4 Shapes","floor":44,"turns":4},{"damage":9,"enemies":"3 Darklings","floor":45,"turns":3},{"damage":24,"enemies":"2 Orb Walkers","floor":46,"turns":5},{"damage":8,"enemies":"Maw","floor":47,"turns":5},{"damage":7,"enemies":"Sphere and 2 Shapes","floor":48,"turns":5},{"damage":57,"enemies":"Time Eater","floor":50,"turns":8}],"event_choices":[{"event_name":"Golden Idol","player_choice":"Take Damage","floor":2,"damage_taken":0},{"event_name":"Living Wall","player_choice":"Forget","floor":5,"damage_taken":0},{"event_name":"Golden Wing","player_choice":"Card Removal","floor":14,"damage_taken":0},{"event_name":"Drug Dealer","player_choice":"Ignored","floor":20,"damage_taken":0},{"event_name":"Back to Basics","player_choice":"Elegance","floor":24,"damage_taken":0},{"event_name":"Vampires","player_choice":"Ignored","floor":27,"damage_taken":0},{"event_name":"Tomb of Lord Red Mask","player_choice":"Ignored","floor":36,"damage_taken":0},{"event_name":"Match and Keep!","player_choice":"1 cards matched","floor":41,"damage_taken":0}],"boss_relics":[{"not_picked":["Calling Bell","Pandora\u0027s Box"],"picked":"Black Blood"},{"not_picked":["Runic Pyramid","Runic Cube"],"picked":"Cursed Key"}],"potions_floor_spawned":[1,8,12,18,19,33,35,44,45,48],"seed_played":"7089869173381264687","ascension_level":5,"is_trial":false}