{"gold_per_floor":[118,9,9,9,24,55,55,55,55,55,55,55],"floor_reached":12,"playtime":221,"items_purged":[],"score":134,"play_id":"7310096f-5195-4df6-8bf1-5ba144391bd2","local_time":"20181222115032","is_ascension_mode":true,"campfire_choices":[{"data":"Footwork","floor":8,"key":"SMITH"}],"neow_cost":"NONE","seed_source_timestamp":151343538318202,"circlet_count":0,"master_deck":["Defend_G","Defend_G","Defend_G","Defend_G","Defend_G","Strike_G","Strike_G","Strike_G","Strike_G","Strike_G","Survivor","Neutralize+1","Cloak And Dagger","Footwork+1","Blur","Backstab","Acrobatics","Regret"],"relics":["Ring of the Snake","NeowsBlessing","Pear","Frozen Egg 2","Lantern"],"potions_floor_usage":[],"damage_taken":[{"damage":0,"enemies":"Cultist","floor":1,"turns":1},{"damage":0,"enemies":"Small Slimes","floor":5,"turns":1},{"damage":0,"enemies":"3 Sentries","floor":6,"turns":1},{"damage":79,"enemies":"Gremlin Nob","floor":12,"turns":7}],"seed_played":"1499286829709613590","potions_obtained":[{"floor":5,"key":"Ancient Potion"}],"is_trial":false,"path_per_floor":["M","$","?","$","M","E","$","R","T","?","$","E"],"character_chosen":"THE_SILENT","items_purchased":["Footwork","Blur"],"campfire_rested":0,"item_purchase_floors":[2,2],"current_hp_per_floor":[63,63,63,63,63,73,73,73,73,73,73,0],"gold":55,"neow_bonus":"THREE_ENEMY_KILL","is_prod":false,"is_daily":false,"chose_seed":false,"campfire_upgraded":1,"win_rate":0,"timestamp":1545497432,"path_taken":["M","?","?","$","?","E","?","R","T","?","$","E"],"build_version":"2018-12-20","purchased_purges":0,"victory":false,"max_hp_per_floor":[70,70,70,70,70,80,80,80,80,80,80,80],"card_choices":[{"not_picked":["Backflip","Underhanded Strike"],"picked":"Cloak And Dagger","floor":1},{"not_picked":["Quick Slash","Leg Sweep"],"picked":"Backstab","floor":5},{"not_picked":["Escape Plan","PiercingWail"],"picked":"Acrobatics","floor":6}],"player_experience":341367,"relics_obtained":[{"floor":6,"key":"Pear"},{"floor":9,"key":"Frozen Egg 2"}],"event_choices":[{"damage_healed":0,"gold_gain":0,"player_choice":"Forge","damage_taken":0,"max_hp_gain":0,"max_hp_loss":0,"event_name":"Accursed Blacksmith","floor":3,"gold_loss":0,"cards_upgraded":["Neutralize"]},{"damage_healed":0,"gold_gain":0,"player_choice":"Box","damage_taken":0,"relics_obtained":["Lantern"],"max_hp_gain":0,"max_hp_loss":0,"event_name":"Big Fish","floor":10,"gold_loss":0,"cards_obtained":["Regret"]}],"is_beta":false,"boss_relics":[],"items_purged_floors":[],"is_endless":false,"potions_floor_spawned":[5],"killed_by":"Gremlin Nob","ascension_level":7}