{"gold_per_floor":[116,130,150,100,120,155,155,188,237,267,267,267,299,32,32,131,131,141,156,173,173,193,220,220,255,255,255,270,48,48,75,75,179,179,192,209,226,226,237,266,266,266,292,292,31,59,59,71,71,71],"floor_reached":51,"playtime":3511,"items_purged":[],"score":952,"play_id":"1ec9be81-78fa-4340-a34a-24548e5f4a2f","local_time":"20180818061527","is_ascension_mode":true,"campfire_choices":[{"floor":7,"key":"REST"},{"floor":12,"key":"REST"},{"floor":15,"key":"REST"},{"floor":24,"key":"REST"},{"floor":27,"key":"REST"},{"data":"Adrenaline","floor":32,"key":"SMITH"},{"floor":42,"key":"REST"},{"floor":44,"key":"REST"},{"floor":49,"key":"REST"}],"neow_cost":"","seed_source_timestamp":460478028272000,"circlet_count":0,"master_deck":["Defend_G","Defend_G","Defend_G+1","Defend_G+1","Strike_G+1","Strike_G","Strike_G","Strike_G","Survivor","Neutralize","Cloak And Dagger","Endless Agony","Dagger Throw","PiercingWail","Backstab","Slice","Slice+1","Noxious Fumes+1","Adrenaline+1","Prepared+1","Slice","Cloak And Dagger","Deadly Poison","Escape Plan+1","Deflect","Backflip","Finisher","Corpse Explosion","Endless Agony","Underhanded Strike+1","Distraction+1","Quick Slash","Cloak And Dagger+1","Backflip","Underhanded Strike+1"],"relics":["Ring of the Snake","Bag of Preparation","Frozen Egg 2","Omamori","War Paint","Ice Cream","MealTicket","WristBlade","Centennial Puzzle","Happy Flower","Question Card","Anchor","Bag of Marbles","Mummified Hand","Philosopher\u0027s Stone","Art of War","Juzu Bracelet","Shuriken","Molten Egg 2"],"potions_floor_usage":[10,16,20,22,23,23,33,33,39,47,50,50],"damage_taken":[{"damage":0,"enemies":"2 Louse","floor":1,"turns":2},{"damage":1,"enemies":"Small Slimes","floor":2,"turns":4},{"damage":0,"enemies":"Jaw Worm","floor":3,"turns":3},{"damage":4,"enemies":"Red Slaver","floor":5,"turns":3},{"damage":44,"enemies":"Gremlin Nob","floor":6,"turns":6},{"damage":19,"enemies":"3 Sentries","floor":8,"turns":11},{"damage":5,"enemies":"Lagavulin","floor":10,"turns":5},{"damage":6,"enemies":"3 Sentries","floor":13,"turns":9},{"damage":32,"enemies":"Hexaghost","floor":16,"turns":10},{"damage":1,"enemies":"2 Thieves","floor":18,"turns":3},{"damage":0,"enemies":"Spheric Guardian","floor":19,"turns":3},{"damage":0,"enemies":"3 Cultists","floor":20,"turns":5},{"damage":2,"enemies":"Snake Plant","floor":22,"turns":3},{"damage":57,"enemies":"Gremlin Leader","floor":23,"turns":7},{"damage":10,"enemies":"Book of Stabbing","floor":25,"turns":4},{"damage":9,"enemies":"Shelled Parasite and Fungi","floor":28,"turns":4},{"damage":0,"enemies":"Slavers","floor":31,"turns":4},{"damage":57,"enemies":"Collector","floor":33,"turns":8},{"damage":0,"enemies":"3 Darklings","floor":35,"turns":2},{"damage":0,"enemies":"3 Shapes","floor":36,"turns":1},{"damage":0,"enemies":"Sphere and 2 Shapes","floor":37,"turns":1},{"damage":7,"enemies":"Transient","floor":39,"turns":5},{"damage":58,"enemies":"Nemesis","floor":40,"turns":5},{"damage":2,"enemies":"2 Orb Walkers","floor":46,"turns":2},{"damage":0,"enemies":"3 Darklings","floor":47,"turns":1},{"damage":4,"enemies":"Maw","floor":48,"turns":5},{"damage":8,"enemies":"Donu and Deca","floor":50,"turns":4}],"seed_played":"5116264190362384891","potions_obtained":[{"floor":8,"key":"PowerPotion"},{"floor":13,"key":"Explosive Potion"},{"floor":16,"key":"AttackPotion"},{"floor":20,"key":"SneckoOil"},{"floor":22,"key":"Energy Potion"},{"floor":31,"key":"SkillPotion"},{"floor":36,"key":"GamblersBrew"},{"floor":37,"key":"Energy Potion"},{"floor":46,"key":"SmokeBomb"},{"floor":48,"key":"Energy Potion"}],"is_trial":false,"path_per_floor":["M","M","M","?","M","E","R","E","T","E","?","R","E","$","R","B",null,"M","M","M","T","M","E","R","E","T","R","M","$","?","E","R","B",null,"M","M","M","?","M","E","?","R","T","R","$","E","M","M","R","B"],"character_chosen":"THE_SILENT","items_purchased":["MealTicket","Regen Potion","Bag of Marbles","Regen Potion","Shuriken"],"campfire_rested":8,"item_purchase_floors":[14,14,29,29,45],"current_hp_per_floor":[70,69,69,69,65,21,42,23,23,18,4,25,19,19,40,23,70,69,69,69,69,67,10,31,21,21,42,33,40,63,63,63,18,70,70,70,70,70,63,5,5,26,26,47,54,52,52,48,69,61],"gold":71,"neow_bonus":"","is_prod":false,"is_daily":false,"chose_seed":false,"campfire_upgraded":1,"win_rate":0,"timestamp":1534562127,"path_taken":["M","M","M","?","M","E","R","E","T","E","?","R","E","$","R","BOSS","M","M","M","?","M","E","R","E","T","R","M","$","?","E","R","BOSS","M","M","M","?","?","E","?","R","T","R","$","E","M","M","R","BOSS"],"build_version":"2018-08-16","purchased_purges":0,"victory":true,"max_hp_per_floor":[70,70,70,70,70,70,70,70,70,70,70,70,70,70,70,70,70,70,70,70,70,70,70,70,70,70,70,70,70,70,70,70,70,70,70,70,70,70,70,70,70,70,70,70,70,70,70,70,70,70],"card_choices":[{"not_picked":["PiercingWail","Dagger Spray"],"picked":"Cloak And Dagger","floor":1},{"not_picked":["Deflect","Prepared"],"picked":"Endless Agony","floor":2},{"not_picked":["Outmaneuver","Riddle With Holes"],"picked":"Dagger Throw","floor":3},{"not_picked":["Catalyst","Prepared"],"picked":"PiercingWail","floor":5},{"not_picked":["Deadly Poison","Heel Hook"],"picked":"Backstab","floor":6},{"not_picked":["Heel Hook","Deflect"],"picked":"Slice","floor":8},{"not_picked":["Reflex","Tactician"],"picked":"Slice","floor":10},{"not_picked":["Heel Hook","Footwork+1"],"picked":"Noxious Fumes+1","floor":13},{"not_picked":["After Image+1","Venomology"],"picked":"Adrenaline","floor":16},{"not_picked":["Quick Slash","Footwork+1"],"picked":"Prepared+1","floor":18},{"not_picked":["Dodge and Roll","PiercingWail+1"],"picked":"Slice","floor":19},{"not_picked":["Blur","Predator"],"picked":"Cloak And Dagger","floor":20},{"not_picked":["Dash","Flechettes"],"picked":"Deadly Poison","floor":22},{"not_picked":["PiercingWail","Venomology"],"picked":"Escape Plan+1","floor":23},{"not_picked":["Flying Knee","Dagger Spray"],"picked":"Deflect","floor":25},{"not_picked":["Crippling Poison+1","Riddle With Holes","Cloak And Dagger+1"],"picked":"Backflip","floor":28},{"not_picked":["Outmaneuver","Prepared","Sucker Punch"],"picked":"Finisher","floor":31},{"not_picked":["Malaise","Unload","Wraith Form v2+1"],"picked":"Corpse Explosion","floor":33},{"not_picked":["Flechettes","Deadly Poison","Choke"],"picked":"Endless Agony","floor":35},{"not_picked":["Backflip+1","Bane+1","Outmaneuver+1"],"picked":"Underhanded Strike+1","floor":36},{"not_picked":["Cloak And Dagger+1","Blade Dance","Sucker Punch+1"],"picked":"Distraction+1","floor":37},{"not_picked":["Poisoned Stab+1","Caltrops+1","Deflect"],"picked":"Quick Slash","floor":39},{"not_picked":["Tools of the Trade+1","Blade Dance+1","Skewer+1"],"picked":"Cloak And Dagger+1","floor":40},{"not_picked":["Blade Dance","Die Die Die","Acrobatics"],"picked":"Backflip","floor":46},{"not_picked":["Dagger Spray+1","All Out Attack+1","Dodge and Roll"],"picked":"Underhanded Strike+1","floor":48}],"player_experience":53468,"relics_obtained":[{"floor":6,"key":"Bag of Preparation"},{"floor":8,"key":"Frozen Egg 2"},{"floor":9,"key":"Omamori"},{"floor":10,"key":"War Paint"},{"floor":13,"key":"Ice Cream"},{"floor":21,"key":"Centennial Puzzle"},{"floor":23,"key":"Happy Flower"},{"floor":25,"key":"Question Card"},{"floor":26,"key":"Anchor"},{"floor":31,"key":"Mummified Hand"},{"floor":40,"key":"Art of War"},{"floor":43,"key":"Juzu Bracelet"},{"floor":46,"key":"Molten Egg 2"}],"event_choices":[{"event_name":"The Cleric","player_choice":"Card Removal","floor":4,"damage_taken":0},{"event_name":"Shining Light","player_choice":"Entered Light","floor":11,"damage_taken":0},{"event_name":"The Library","player_choice":"Heal","floor":30,"damage_taken":0},{"event_name":"Bonfire Elementals","player_choice":"BASIC","floor":38,"damage_taken":0},{"event_name":"Tomb of Lord Red Mask","player_choice":"Ignored","floor":41,"damage_taken":0}],"is_beta":false,"boss_relics":[{"not_picked":["Eternal Feather","Cursed Key"],"picked":"WristBlade"},{"not_picked":["Tiny House","Lizard Tail"],"picked":"Philosopher\u0027s Stone"}],"items_purged_floors":[],"is_endless":false,"potions_floor_spawned":[8,13,16,20,22,31,36,37,46,48],"ascension_level":2}