{"gold_per_floor":[114,124,124,124,124,124,56,56,125,157,191,191,203,220,220,320,320,336,346,25,37,37],"floor_reached":22,"playtime":1150,"items_purged":["Strike_G"],"score":248,"play_id":"fd234a61-d780-4e29-a4f5-687471f6decd","local_time":"20181101004753","is_ascension_mode":true,"campfire_choices":[{"data":"Sucker Punch","floor":6,"key":"SMITH"},{"data":"Footwork","floor":8,"key":"SMITH"},{"data":"Dodge and Roll","floor":12,"key":"SMITH"},{"floor":15,"key":"REST"}],"neow_cost":"NONE","seed_source_timestamp":1891145553037595,"circlet_count":0,"master_deck":["Defend_G","Defend_G","Defend_G","Defend_G","Defend_G","Strike_G","Strike_G","Strike_G","Strike_G","Survivor","Neutralize","Sucker Punch+1","Cloak And Dagger+1","Footwork+1","Dodge and Roll+1","Acrobatics","Corpse Explosion","Footwork","Blade Dance","Blade Dance","Deadly Poison","Adrenaline","Footwork","Prepared","Caltrops","Infinite Blades","Blur+1"],"relics":["Ring of the Snake","NeowsBlessing","The Courier","Strawberry","Art of War","Orrery","Lantern"],"potions_floor_usage":[16,16,16,19,22],"damage_taken":[{"damage":0,"enemies":"2 Louse","floor":1,"turns":1},{"damage":0,"enemies":"Jaw Worm","floor":2,"turns":1},{"damage":0,"enemies":"Gremlin Nob","floor":10,"turns":1},{"damage":43,"enemies":"Gremlin Nob","floor":11,"turns":6},{"damage":3,"enemies":"Small Slimes","floor":13,"turns":4},{"damage":2,"enemies":"3 Louse","floor":14,"turns":4},{"damage":48,"enemies":"Slime Boss","floor":16,"turns":19},{"damage":19,"enemies":"3 Byrds","floor":18,"turns":7},{"damage":23,"enemies":"2 Thieves","floor":19,"turns":3},{"damage":15,"enemies":"Snake Plant","floor":21,"turns":7},{"damage":7,"enemies":"Centurion and Healer","floor":22,"turns":1}],"seed_played":"-2604869894141639947","potions_obtained":[{"floor":1,"key":"Fire Potion"},{"floor":2,"key":"GamblersBrew"},{"floor":13,"key":"FearPotion"},{"floor":14,"key":"Dexterity Potion"},{"floor":18,"key":"LiquidBronze"},{"floor":19,"key":"Energy Potion"}],"is_trial":false,"path_per_floor":["M","M","?","?","?","R","$","R","T","?","E","R","M","M","R","B",null,"M","M","$","M"],"character_chosen":"THE_SILENT","items_purchased":["Footwork","Lantern","Prepared","Caltrops","Infinite Blades"],"campfire_rested":1,"item_purchase_floors":[7,20,20,20,20],"current_hp_per_floor":[63,63,68,68,68,68,68,68,68,75,32,32,29,27,51,3,62,43,20,20,5,0],"gold":37,"neow_bonus":"THREE_ENEMY_KILL","is_prod":false,"is_daily":false,"chose_seed":false,"campfire_upgraded":3,"win_rate":0,"timestamp":1541047673,"path_taken":["M","M","?","?","?","R","$","R","T","?","E","R","M","M","R","BOSS","M","M","$","M","M"],"build_version":"2018-10-25v2","purchased_purges":1,"victory":false,"max_hp_per_floor":[70,70,75,75,75,75,75,75,75,82,82,82,82,82,82,82,82,82,82,82,82,82],"card_choices":[{"not_picked":["Skewer","Acrobatics"],"picked":"Sucker Punch","floor":1},{"not_picked":["Sucker Punch","Backflip"],"picked":"Cloak And Dagger","floor":2},{"not_picked":["Riddle With Holes","Flying Knee"],"picked":"Dodge and Roll","floor":11},{"not_picked":["Tactician","Bane","Deadly Poison"],"picked":"SKIP","floor":13},{"not_picked":["Bane","Slice"],"picked":"Acrobatics","floor":14},{"not_picked":["Venomology","Bullet Time"],"picked":"Corpse Explosion","floor":16},{"not_picked":["Bane","Deflect"],"picked":"Footwork","floor":17},{"not_picked":["Prepared","Flying Knee"],"picked":"Blade Dance","floor":17},{"not_picked":["Poisoned Stab","Outmaneuver"],"picked":"Blade Dance","floor":17},{"not_picked":["Poisoned Stab","Outmaneuver"],"picked":"Deadly Poison","floor":17},{"not_picked":["Cloak And Dagger","Finisher"],"picked":"Adrenaline","floor":18},{"not_picked":["Choke","Bane+1"],"picked":"Footwork","floor":19},{"not_picked":["Dagger Spray","All Out Attack"],"picked":"Blur+1","floor":21}],"player_experience":718088,"relics_obtained":[{"floor":9,"key":"The Courier"},{"floor":10,"key":"Strawberry"},{"floor":11,"key":"Art of War"}],"event_choices":[{"damage_healed":0,"gold_gain":0,"player_choice":"Donut","damage_taken":0,"max_hp_gain":5,"max_hp_loss":0,"event_name":"Big Fish","floor":3,"gold_loss":0},{"damage_healed":0,"gold_gain":0,"player_choice":"Bought 0 Potions","damage_taken":0,"max_hp_gain":0,"max_hp_loss":0,"event_name":"The Woman in Blue","floor":4,"gold_loss":0},{"damage_healed":0,"gold_gain":0,"player_choice":"Forge","damage_taken":0,"max_hp_gain":0,"max_hp_loss":0,"event_name":"Accursed Blacksmith","floor":5,"gold_loss":0,"cards_upgraded":["Cloak And Dagger"]},{"damage_healed":0,"gold_gain":30,"player_choice":"Searched \u00272\u0027 times","damage_taken":0,"max_hp_gain":0,"max_hp_loss":0,"event_name":"Dead Adventurer","floor":10,"gold_loss":0}],"is_beta":false,"boss_relics":[{"not_picked":["Empty Cage","Busted Crown"],"picked":"Orrery"}],"items_purged_floors":[20],"is_endless":false,"potions_floor_spawned":[1,2,13,14,18,19],"killed_by":"Centurion and Healer","ascension_level":7}