{"gold_per_floor":[110,127,140,140,15,15,40,40,40,53,53,53,81,98,98,173,173,184,184,203,253,51,51,67,96,96,128,128],"floor_reached":28,"playtime":1917,"items_purged":[],"score":466,"play_id":"04a3287f-0eed-45b3-a41f-5bd6b2c58b79","local_time":"20190302174929","is_ascension_mode":true,"campfire_choices":[{"data":"Uppercut","floor":6,"key":"SMITH"},{"data":"Shrug It Off","floor":8,"key":"SMITH"},{"data":"Shockwave","floor":12,"key":"SMITH"},{"data":"Rampage","floor":15,"key":"SMITH"},{"data":"Limit Break","floor":23,"key":"SMITH"}],"neow_cost":"NONE","seed_source_timestamp":161253333176700,"circlet_count":0,"master_deck":["AscendersBane","Strike_R","Strike_R","Strike_R","Strike_R","Defend_R","Defend_R","Defend_R","Defend_R","Bash","Flame Barrier","Uppercut+1","Spot Weakness","Shrug It Off+1","Shockwave+1","Pummel","Rampage+1","Limit Break+1","Armaments","True Grit","Heavy Blade+1"],"relics":["Burning Blood","Omamori","The Courier","Happy Flower","Oddly Smooth Stone","Dream Catcher","Pantograph","Coffee Dripper","Paper Frog","Molten Egg 2","Singing Bowl","Pen Nib"],"potions_floor_usage":[7,13,27,28,28],"damage_taken":[{"damage":16,"enemies":"Jaw Worm","floor":1,"turns":4},{"damage":0,"enemies":"Cultist","floor":2,"turns":4},{"damage":0,"enemies":"Small Slimes","floor":3,"turns":3},{"damage":23,"enemies":"Lagavulin","floor":7,"turns":7},{"damage":0,"enemies":"3 Louse","floor":10,"turns":3},{"damage":14,"enemies":"3 Sentries","floor":13,"turns":7},{"damage":0,"enemies":"2 Fungi Beasts","floor":14,"turns":4},{"damage":28,"enemies":"Slime Boss","floor":16,"turns":6},{"damage":20,"enemies":"Chosen","floor":18,"turns":5},{"damage":0,"enemies":"3 Byrds","floor":20,"turns":3},{"damage":6,"enemies":"Snecko","floor":24,"turns":5},{"damage":11,"enemies":"Book of Stabbing","floor":25,"turns":5},{"damage":55,"enemies":"Gremlin Leader","floor":27,"turns":9},{"damage":20,"enemies":"Colosseum Slavers","floor":28,"turns":3}],"seed_played":"-2247987723740708908","potions_obtained":[{"floor":1,"key":"Explosive Potion"},{"floor":3,"key":"EssenceOfSteel"},{"floor":10,"key":"Block Potion"},{"floor":16,"key":"BloodPotion"},{"floor":24,"key":"SkillPotion"},{"floor":27,"key":"Strength Potion"}],"is_trial":false,"path_per_floor":["M","M","M","?","$","R","E","R","T","M","?","R","E","M","R","B",null,"M","?","M","?","$","R","M","E","T","E","?"],"character_chosen":"IRONCLAD","items_purchased":["Happy Flower","Paper Frog"],"campfire_rested":0,"item_purchase_floors":[5,22],"current_hp_per_floor":[58,64,70,70,70,70,53,53,53,59,59,59,51,57,57,53,70,56,56,62,62,62,62,62,57,57,8,0],"gold":128,"neow_bonus":"RANDOM_COMMON_RELIC","is_prod":false,"is_daily":false,"chose_seed":false,"campfire_upgraded":5,"win_rate":0,"timestamp":1551566969,"path_taken":["M","M","M","?","$","R","E","R","T","?","?","R","E","M","R","BOSS","M","?","M","?","$","R","M","E","T","E","?"],"build_version":"2019-01-23","purchased_purges":0,"victory":false,"max_hp_per_floor":[75,75,75,75,75,75,75,75,75,75,75,75,75,75,75,75,75,75,75,75,75,75,75,75,75,75,75,75],"card_choices":[{"not_picked":["Heavy Blade","Evolve"],"picked":"Flame Barrier","floor":1},{"not_picked":["Ghostly Armor","Iron Wave"],"picked":"Uppercut","floor":2},{"not_picked":["Wild Strike","Disarm"],"picked":"Spot Weakness","floor":3},{"not_picked":["Bludgeon","Disarm"],"picked":"Shrug It Off","floor":7},{"not_picked":["Battle Trance","Uppercut"],"picked":"Shockwave","floor":10},{"not_picked":["Infernal Blade","Body Slam"],"picked":"Pummel","floor":13},{"not_picked":["Clash","True Grit"],"picked":"Rampage","floor":14},{"not_picked":["Brutality","Dark Embrace"],"picked":"Limit Break","floor":16},{"not_picked":["Body Slam","Perfected Strike"],"picked":"Armaments","floor":18},{"not_picked":["Hemokinesis","Blood for Blood","Perfected Strike"],"picked":"SKIP","floor":20},{"not_picked":["Havoc","Anger","Reckless Charge"],"picked":"SKIP","floor":24},{"not_picked":["Feel No Pain","Carnage"],"picked":"True Grit","floor":25},{"not_picked":["Exhume","Perfected Strike+1"],"picked":"Heavy Blade+1","floor":27}],"player_experience":1436228,"relics_obtained":[{"floor":7,"key":"Oddly Smooth Stone"},{"floor":9,"key":"Dream Catcher"},{"floor":13,"key":"Pantograph"},{"floor":25,"key":"Molten Egg 2"},{"floor":26,"key":"Singing Bowl"},{"floor":27,"key":"Pen Nib"}],"event_choices":[{"damage_healed":0,"gold_gain":0,"player_choice":"Gave Potion","damage_taken":0,"relics_obtained":["The Courier"],"max_hp_gain":0,"max_hp_loss":0,"event_name":"WeMeetAgain","floor":4,"gold_loss":0},{"cards_removed":["Strike_R"],"damage_healed":0,"gold_gain":0,"player_choice":"Forget","damage_taken":0,"max_hp_gain":0,"max_hp_loss":0,"event_name":"Living Wall","floor":11,"gold_loss":0},{"damage_healed":0,"gold_gain":0,"player_choice":"Smashed Altar","damage_taken":0,"max_hp_gain":0,"max_hp_loss":0,"event_name":"Forgotten Altar","floor":19,"gold_loss":0,"cards_obtained":["Decay"]},{"damage_healed":0,"gold_gain":50,"player_choice":"Stole From Cult","damage_taken":0,"max_hp_gain":0,"max_hp_loss":0,"event_name":"Nest","floor":21,"gold_loss":0},{"damage_healed":0,"gold_gain":0,"player_choice":"Fight","damage_taken":0,"max_hp_gain":0,"max_hp_loss":0,"event_name":"Colosseum","floor":28,"gold_loss":0}],"is_beta":false,"boss_relics":[{"not_picked":["Philosopher\u0027s Stone","Pandora\u0027s Box"],"picked":"Coffee Dripper"}],"items_purged_floors":[],"is_endless":false,"potions_floor_spawned":[1,3,10,16,24,27],"killed_by":"Colosseum Slavers","ascension_level":15}