{"path_per_floor":["M","?","M","$","M","R","E","M","T","?","M","R","M","?","R","B",null,"M","?","?","$","?","R","E","R","T","M","E","?","M","$","R","B",null,"M","M","?","$","?","R","E","R","T","?","M","R","$","M","R","B"],"character_chosen":"IRONCLAD","items_purchased":["Pear","Regal Pillow"],"gold_per_floor":[109,359,369,45,61,61,89,102,102,102,116,116,128,88,88,193,193,212,212,212,112,112,112,138,138,138,158,191,191,210,56,56,154,154,168,182,182,57,57,57,90,90,116,0,13,13,13,25,25,25],"floor_reached":51,"campfire_rested":6,"playtime":1880,"current_hp_per_floor":[74,74,61,71,70,70,66,54,54,54,28,55,61,61,61,20,73,76,76,90,90,74,74,77,77,77,81,67,52,41,41,84,77,91,33,19,19,19,19,62,44,87,87,87,59,95,95,78,95,51],"items_purged":["Regret","Defend_R","Warcry"],"gold":25,"play_id":"7e290da0-b56c-4efa-a516-0799d31bbd3d","is_prod":false,"is_daily":false,"is_ascension_mode":true,"campfire_upgraded":4,"path_taken":["M","?","M","$","M","R","E","M","T","?","M","R","M","?","R","BOSS","M","?","?","?","?","R","E","R","T","M","E","?","M","$","R","BOSS","M","M","?","$","?","R","E","R","T","?","M","R","?","M","R","BOSS"],"build_version":"2018-02-01-PROD3","purchased_purges":3,"victory":true,"master_deck":["Strike_R","Strike_R","Strike_R","Strike_R","Defend_R","Bash","Whirlwind+1","Dropkick","Uppercut+1","Pommel Strike+1","Limit Break+1","Dropkick","Flex+1","Pommel Strike+1"],"max_hp_per_floor":[80,80,80,90,90,90,90,90,90,90,90,90,90,90,90,90,90,90,90,90,90,90,90,90,90,90,90,90,95,95,95,95,95,95,95,95,95,95,95,95,95,95,95,95,95,95,95,95,95,95],"relics":["Burning Blood","Pear","Ancient Tea Set","Ice Cream","Velvet Choker","Enchiridion","Blood Vial","Charon\u0027s Ashes","Shuriken","Regal Pillow","Black Star","Thread and Needle","Dead Branch","Bag of Marbles","Red Mask"],"card_choices":[{"not_picked":["Warcry","Inflame"],"picked":"Whirlwind"},{"not_picked":["Rupture","Combust"],"picked":"Dropkick"},{"not_picked":["Cleave","Whirlwind"],"picked":"Uppercut"},{"not_picked":["Clash","Wild Strike"],"picked":"Pommel Strike"},{"not_picked":["Berserk","Bludgeon"],"picked":"Limit Break"},{"not_picked":["Bludgeon","True Grit"],"picked":"Warcry"},{"not_picked":["Second Wind","Anger"],"picked":"Flex"},{"not_picked":["Havoc","Body Slam"],"picked":"Pommel Strike"}],"player_experience":205721,"potions_floor_usage":[41,41,48],"damage_taken":[{"damage":12.0,"enemies":"Jaw Worm","floor":1.0,"turns":2.0},{"damage":19.0,"enemies":"Blue Slaver","floor":3.0,"turns":3.0},{"damage":7.0,"enemies":"Small Slimes","floor":5.0,"turns":3.0},{"damage":10.0,"enemies":"3 Sentries","floor":7.0,"turns":4.0},{"damage":18.0,"enemies":"Red Slaver","floor":8.0,"turns":3.0},{"damage":32.0,"enemies":"Exordium Wildlife","floor":11.0,"turns":3.0},{"damage":0.0,"enemies":"Large Slime","floor":13.0,"turns":2.0},{"damage":47.0,"enemies":"Hexaghost","floor":16.0,"turns":9.0},{"damage":3.0,"enemies":"3 Byrds","floor":18.0,"turns":3.0},{"damage":9.0,"enemies":"Gremlin Leader","floor":24.0,"turns":3.0},{"damage":4.0,"enemies":"Chosen","floor":27.0,"turns":2.0},{"damage":28.0,"enemies":"Book of Stabbing","floor":28.0,"turns":3.0},{"damage":19.0,"enemies":"Snake Plant","floor":30.0,"turns":2.0},{"damage":15.0,"enemies":"Collector","floor":33.0,"turns":5.0},{"damage":66.0,"enemies":"3 Shapes","floor":35.0,"turns":4.0},{"damage":22.0,"enemies":"Orb Walker","floor":36.0,"turns":3.0},{"damage":32,"enemies":"2 Orb Walkers","floor":41,"turns":3},{"damage":36,"enemies":"4 Shapes","floor":45,"turns":2},{"damage":23,"enemies":"Sphere and 2 Shapes","floor":48,"turns":2},{"damage":50,"enemies":"Donu and Deca","floor":50,"turns":4}],"event_choices":[{"event_name":"Golden Shrine","player_choice":"Desecrate","floor":2.0,"damage_taken":0.0},{"event_name":"Purifier","player_choice":"One Purge","floor":10.0,"damage_taken":0.0},{"event_name":"The Woman in Blue","player_choice":"Bought 3 Potions","floor":14.0,"damage_taken":0.0},{"event_name":"Duplicator","player_choice":"One dupe","floor":19.0,"damage_taken":0.0},{"event_name":"The Library","player_choice":"Heal","floor":20.0,"damage_taken":0.0},{"event_name":"Cursed Tome","player_choice":"Obtained Book","floor":22.0,"damage_taken":0.0},{"event_name":"Forgotten Altar","player_choice":"Shed Blood","floor":29.0,"damage_taken":0.0},{"event_name":"Mysterious Sphere","player_choice":"Ignore","floor":37.0,"damage_taken":0.0},{"event_name":"Purifier","player_choice":"One Purge","floor":39.0,"damage_taken":0.0},{"event_name":"Tomb of Lord Red Mask","player_choice":"Paid","floor":44,"damage_taken":0}],"boss_relics":[],"potions_floor_spawned":[5,11,16,24,27,33,35,36,41,48],"seed_played":"-3187314657933406577","ascension_level":5,"is_trial":false}