{"gold_per_floor":[118,131,149,160,235,268,233,262,262,278,2,2,2,27,27,153,153,142,142,142,162,210,210,246,246,246,246,270,270,291,291],"floor_reached":31,"playtime":2490,"items_purged":[],"score":372,"play_id":"b0b8b022-549c-4eae-8bf0-6aba35881206","local_time":"20181223065754","is_ascension_mode":true,"campfire_choices":[{"data":"Neutralize","floor":12,"key":"SMITH"},{"floor":15,"key":"REST"},{"floor":23,"key":"REST"},{"floor":25,"key":"REST"},{"floor":27,"key":"REST"}],"neow_cost":"NONE","seed_source_timestamp":448226119078400,"circlet_count":0,"master_deck":["Defend_G","Defend_G","Defend_G","Defend_G","Defend_G","Strike_G","Strike_G","Strike_G","Strike_G","Strike_G","Survivor","Neutralize+1","Deadly Poison","Underhanded Strike","Poisoned Stab","PiercingWail","Acrobatics","Deflect","Escape Plan","Infinite Blades","Die Die Die","Prepared","Bandage Up","Prepared","Outmaneuver","Slice","Dagger Throw","Bullet Time"],"relics":["Ring of the Snake","Smiling Mask","PreservedInsect","Bag of Marbles","Lee\u0027s Waffle","Golden Idol","Black Star","Regal Pillow","Darkstone Periapt","Tingsha","Pear"],"potions_floor_usage":[1,1,2,8,16,20,24,30],"damage_taken":[{"damage":0,"enemies":"Jaw Worm","floor":1,"turns":6},{"damage":0,"enemies":"Small Slimes","floor":2,"turns":4},{"damage":0,"enemies":"2 Louse","floor":3,"turns":2},{"damage":6,"enemies":"Blue Slaver","floor":4,"turns":4},{"damage":28,"enemies":"Gremlin Nob","floor":6,"turns":5},{"damage":21,"enemies":"Lagavulin","floor":8,"turns":7},{"damage":10,"enemies":"Gremlin Gang","floor":10,"turns":6},{"damage":17,"enemies":"Exordium Thugs","floor":14,"turns":5},{"damage":26,"enemies":"Hexaghost","floor":16,"turns":10},{"damage":35,"enemies":"2 Thieves","floor":18,"turns":4},{"damage":3,"enemies":"Spheric Guardian","floor":20,"turns":3},{"damage":31,"enemies":"Snake Plant","floor":21,"turns":6},{"damage":44,"enemies":"Book of Stabbing","floor":24,"turns":6},{"damage":37,"enemies":"Centurion and Healer","floor":28,"turns":5},{"damage":48,"enemies":"Shelled Parasite and Fungi","floor":30,"turns":6},{"damage":30,"enemies":"Gremlin Leader","floor":31,"turns":3}],"seed_played":"8254071211442667070","potions_obtained":[{"floor":0,"key":"Poison Potion"},{"floor":0,"key":"Fire Potion"},{"floor":0,"key":"SpeedPotion"},{"floor":2,"key":"Explosive Potion"},{"floor":10,"key":"LiquidBronze"},{"floor":16,"key":"SmokeBomb"},{"floor":21,"key":"EssenceOfSteel"},{"floor":24,"key":"Regen Potion"}],"is_trial":false,"path_per_floor":["M","M","M","M","?","E","?","E","T","M","$","R","?","M","R","B",null,"M","?","M","M","T","R","E","R","T","R","M","?","M","E"],"character_chosen":"THE_SILENT","items_purchased":["Lee\u0027s Waffle","Escape Plan"],"campfire_rested":4,"item_purchase_floors":[11,11],"current_hp_per_floor":[63,63,63,57,46,18,35,14,14,4,77,77,58,41,64,38,67,32,32,33,6,6,44,4,42,52,87,54,54,25,0],"gold":291,"neow_bonus":"THREE_SMALL_POTIONS","is_prod":false,"is_daily":false,"chose_seed":false,"campfire_upgraded":1,"win_rate":0,"timestamp":1545541074,"path_taken":["M","M","M","M","?","E","?","E","T","M","$","R","?","M","R","BOSS","M","?","M","?","?","R","E","R","T","R","?","?","M","E"],"build_version":"2018-12-20","purchased_purges":0,"victory":false,"max_hp_per_floor":[70,70,70,70,70,70,70,70,70,70,77,77,77,77,77,77,77,77,77,77,77,77,77,77,77,87,87,87,87,87,87],"card_choices":[{"not_picked":["Sucker Punch","Caltrops"],"picked":"Deadly Poison","floor":1},{"not_picked":["Calculated Gamble","Infinite Blades"],"picked":"Underhanded Strike","floor":2},{"not_picked":["Caltrops","Bane"],"picked":"Poisoned Stab","floor":3},{"not_picked":["Bouncing Flask","Caltrops"],"picked":"PiercingWail","floor":4},{"not_picked":["Sucker Punch","Bane"],"picked":"Acrobatics","floor":6},{"not_picked":["Underhanded Strike","Die Die Die"],"picked":"Deflect","floor":8},{"not_picked":["Bane","Setup","Acrobatics"],"picked":"SKIP","floor":10},{"not_picked":["Backflip","Riddle With Holes"],"picked":"Infinite Blades","floor":14},{"not_picked":["Unload","Night Terror"],"picked":"Die Die Die","floor":16},{"not_picked":["Underhanded Strike","Calculated Gamble"],"picked":"Prepared","floor":18},{"not_picked":["Bane","Poisoned Stab+1"],"picked":"Outmaneuver","floor":21},{"not_picked":["All Out Attack","Backflip"],"picked":"Slice","floor":24},{"not_picked":["Setup","Endless Agony+1"],"picked":"Dagger Throw","floor":28},{"not_picked":["Underhanded Strike","Concentrate"],"picked":"Bullet Time","floor":30}],"player_experience":135617,"relics_obtained":[{"floor":6,"key":"Smiling Mask"},{"floor":8,"key":"PreservedInsect"},{"floor":9,"key":"Bag of Marbles"},{"floor":22,"key":"Regal Pillow"},{"floor":24,"key":"Darkstone Periapt"},{"floor":24,"key":"Tingsha"},{"floor":26,"key":"Pear"}],"event_choices":[{"damage_healed":0,"gold_gain":75,"player_choice":"Gather Gold","damage_taken":11,"max_hp_gain":0,"max_hp_loss":0,"event_name":"World of Goop","floor":5,"gold_loss":0},{"damage_healed":17,"gold_gain":0,"player_choice":"Healed","damage_taken":0,"max_hp_gain":0,"max_hp_loss":0,"event_name":"The Cleric","floor":7,"gold_loss":35},{"damage_healed":0,"gold_gain":0,"player_choice":"Take Damage","damage_taken":19,"relics_obtained":["Golden Idol"],"max_hp_gain":0,"max_hp_loss":0,"event_name":"Golden Idol","floor":13,"gold_loss":0},{"damage_healed":0,"gold_gain":0,"player_choice":"2 cards matched","damage_taken":0,"max_hp_gain":0,"max_hp_loss":0,"event_name":"Match and Keep!","floor":19,"gold_loss":0,"cards_obtained":["Bandage Up","Prepared"]},{"damage_healed":0,"gold_gain":0,"player_choice":"Ignored","damage_taken":0,"max_hp_gain":0,"max_hp_loss":0,"event_name":"Ghosts","floor":29,"gold_loss":0}],"is_beta":false,"boss_relics":[{"not_picked":["Cursed Key","Eternal Feather"],"picked":"Black Star"}],"items_purged_floors":[],"is_endless":false,"potions_floor_spawned":[2,10,16,21,24],"killed_by":"Gremlin Leader","ascension_level":6}