{"gold_per_floor":[111,17,192,209,209,209,222,222,222,240,256,86,86,9,9,138,138,162,177,177,193,209,209,223,77,104,129,15,40,61,61,61,180,180,205,229,229,30,54,54,75,75],"floor_reached":42,"playtime":2811,"items_purged":["Doubt","Injury"],"score":469,"play_id":"d32ff5eb-1872-403f-aec9-ee4911a3c8ec","local_time":"20180703235249","is_ascension_mode":false,"campfire_choices":[{"floor":6,"key":"REST"},{"data":"Blizzard","floor":8,"key":"SMITH"},{"floor":15,"key":"REST"},{"floor":23,"key":"REST"},{"floor":32,"key":"REST"},{"data":"Chill","floor":40,"key":"SMITH"}],"neow_cost":"NONE","seed_source_timestamp":1747940466652552,"circlet_count":0,"master_deck":["Defend_B","Defend_B","Defend_B","Zap","Dualcast","Fission","Gash","Capacitor","Go for the Eyes","Blizzard+1","Cold Snap","Gash","Doom and Gloom","Blizzard","Redo","Chill+1","Creative AI","Barrage+1","Chill","Glacier","Gash","Consume","Gash","Hologram","Coolheaded","Loop","Leap","Coolheaded","Coolheaded+1","Bite","Bite","Bite","Bite","Bite","Buffer","Turbo+1","Hologram","Conserve Battery","Gash"],"relics":["Cracked Core","Thread and Needle","Boot","Golden Idol","White Beast Statue","Bronze Scales","Cursed Key","Lantern"],"potions_floor_usage":[18,22,24,29,30,30,33,33,39],"damage_taken":[{"damage":5,"enemies":"Cultist","floor":1,"turns":4},{"damage":1,"enemies":"Small Slimes","floor":4,"turns":3},{"damage":0,"enemies":"2 Louse","floor":7,"turns":3},{"damage":10,"enemies":"2 Fungi Beasts","floor":10,"turns":3},{"damage":11,"enemies":"Exordium Wildlife","floor":11,"turns":5},{"damage":36,"enemies":"Slime Boss","floor":16,"turns":11},{"damage":18,"enemies":"Chosen","floor":18,"turns":5},{"damage":11,"enemies":"3 Byrds","floor":19,"turns":4},{"damage":24,"enemies":"Slaver and Parasite","floor":21,"turns":8},{"damage":4,"enemies":"Chosen and Byrds","floor":22,"turns":9},{"damage":2,"enemies":"Centurion and Healer","floor":24,"turns":8},{"damage":25,"enemies":"Snake Plant","floor":27,"turns":4},{"damage":6,"enemies":"Sentry and Sphere","floor":29,"turns":8},{"damage":5,"enemies":"3 Cultists","floor":30,"turns":4},{"damage":27,"enemies":"Automaton","floor":33,"turns":11},{"damage":7,"enemies":"3 Shapes","floor":35,"turns":3},{"damage":18,"enemies":"3 Darklings","floor":36,"turns":6},{"damage":10,"enemies":"Sphere and 2 Shapes","floor":39,"turns":7},{"damage":2,"enemies":"4 Shapes","floor":41,"turns":6},{"damage":40,"enemies":"Maw","floor":42,"turns":9}],"seed_played":"-978937149564948576","potions_obtained":[{"floor":10,"key":"Poison Potion"},{"floor":16,"key":"Poison Potion"},{"floor":18,"key":"SpeedPotion"},{"floor":19,"key":"FocusPotion"},{"floor":21,"key":"Energy Potion"},{"floor":22,"key":"Fire Potion"},{"floor":24,"key":"EssenceOfSteel"},{"floor":29,"key":"Regen Potion"},{"floor":30,"key":"PowerPotion"},{"floor":33,"key":"LiquidBronze"},{"floor":35,"key":"Dexterity Potion"},{"floor":36,"key":"Dexterity Potion"},{"floor":39,"key":"Swift Potion"},{"floor":41,"key":"Dexterity Potion"}],"is_trial":false,"path_per_floor":["M","$","?","M","?","R","M","R","T","M","M","$","?","$","R","B",null,"M","M","?","M","M","R","M","$","T","M","$","M","M","?","R","B",null,"M","M","?","$","M","R","M"],"character_chosen":"DEFECT","items_purchased":["Capacitor","Go for the Eyes","Blizzard","Redo","Chill","Hologram","Loop","Leap","Lantern","Hologram"],"campfire_rested":4,"item_purchase_floors":[2,2,12,12,14,25,28,28,38,38],"current_hp_per_floor":[70,70,70,69,36,58,58,58,58,48,37,37,37,37,59,23,75,57,46,46,22,18,40,38,38,38,13,13,7,16,16,31,10,52,47,33,33,33,29,29,31,0],"gold":75,"neow_bonus":"TRANSFORM_CARD","is_prod":false,"is_daily":false,"chose_seed":false,"campfire_upgraded":2,"win_rate":0,"timestamp":1530676369,"path_taken":["M","?","?","M","?","R","M","R","T","M","M","?","?","$","R","BOSS","M","M","?","M","M","R","M","$","T","M","$","M","M","?","R","BOSS","M","M","?","?","M","R","M","M"],"build_version":"2018-06-28","purchased_purges":2,"victory":false,"max_hp_per_floor":[75,75,75,75,75,75,75,75,75,75,75,75,75,75,75,75,75,75,75,75,75,75,75,75,75,75,75,75,75,75,52,52,52,52,52,52,52,52,52,52,52,52],"card_choices":[{"not_picked":["Beam Cell","Steam"],"picked":"Gash","floor":1},{"not_picked":["Leap","Hello World"],"picked":"Blizzard","floor":4},{"not_picked":["Consume","Steam"],"picked":"Cold Snap","floor":7},{"not_picked":["Steam","Streamline"],"picked":"Gash","floor":10},{"not_picked":["Lockon","Undo"],"picked":"Doom and Gloom","floor":11},{"not_picked":["Fission","Reboot"],"picked":"Creative AI","floor":16},{"not_picked":["Storm","Sweeping Beam"],"picked":"Barrage+1","floor":18},{"not_picked":["Barrage","Hologram"],"picked":"Chill","floor":19},{"not_picked":["Tempest","Go for the Eyes+1"],"picked":"Gash","floor":21},{"not_picked":["Hologram+1","Gash"],"picked":"Consume","floor":22},{"not_picked":["Steam","Double Energy"],"picked":"Gash","floor":24},{"not_picked":["Reinforced Body","Ball Lightning+1"],"picked":"Coolheaded","floor":27},{"not_picked":["Gash","Self Repair"],"picked":"Coolheaded","floor":29},{"not_picked":["Electrodynamics","Streamline"],"picked":"Coolheaded+1","floor":30},{"not_picked":["Fission","Machine Learning"],"picked":"Buffer","floor":33},{"not_picked":["Doom and Gloom+1","Tempest"],"picked":"Turbo+1","floor":35},{"not_picked":["Force Field+1","Heatsinks+1","Go for the Eyes"],"picked":"SKIP","floor":36},{"not_picked":["Go for the Eyes","Compile Driver+1"],"picked":"Conserve Battery","floor":39},{"not_picked":["BootSequence","Streamline"],"picked":"Gash","floor":41}],"player_experience":547869,"relics_obtained":[{"floor":9,"key":"Boot"},{"floor":26,"key":"Bronze Scales"}],"event_choices":[{"event_name":"Liars Game","player_choice":"agreed","floor":3,"damage_taken":0},{"event_name":"Scrap Ooze","player_choice":"success","floor":5,"damage_taken":33},{"event_name":"Golden Idol","player_choice":"Take Wound","floor":13,"damage_taken":0},{"event_name":"The Library","player_choice":"Read","floor":20,"damage_taken":0},{"event_name":"Vampires","player_choice":"Became a vampire","floor":31,"damage_taken":0},{"event_name":"Falling","player_choice":"Removed Skill","floor":37,"damage_taken":0}],"boss_relics":[{"not_picked":["Lizard Tail","Philosopher\u0027s Stone"],"picked":"White Beast Statue"},{"not_picked":["Snecko Eye","Orrery"],"picked":"Cursed Key"}],"items_purged_floors":[12,25],"is_endless":false,"potions_floor_spawned":[10,16,18,19,21,22,24,27,29,30,33,35,36,39,41],"killed_by":"Maw","ascension_level":0}