{"gold_per_floor":[117,129,129,148,0,0,30,30,82,139,172,247,247,258,258,360,360,377,377,393,409,409],"floor_reached":22,"playtime":1266,"items_purged":[],"score":272,"play_id":"4a4b1fa8-aadc-4807-b24b-ff87dee02f28","local_time":"20181226180100","is_ascension_mode":true,"campfire_choices":[{"floor":6.0,"key":"REST"},{"data":"Crippling Poison","floor":8,"key":"SMITH"},{"floor":13,"key":"REST"},{"data":"Tools of the Trade","floor":15,"key":"SMITH"}],"neow_cost":"PERCENT_DAMAGE","seed_source_timestamp":10289086640350,"circlet_count":0,"master_deck":["Defend_G","Defend_G","Defend_G","Defend_G","Defend_G","Strike_G","Strike_G","Strike_G","Strike_G","Strike_G+1","Survivor+1","Neutralize+1","Backflip","Prepared","Riddle With Holes+1","Noxious Fumes","Corpse Explosion","Slice","Crippling Poison+1","Cloak And Dagger","Tools of the Trade+1","Accuracy","Phantasmal Killer","Blade Dance","Decay","Grand Finale","Escape Plan","Accuracy","Footwork"],"special_seed":0,"relics":["Ring of the Snake","Prayer Wheel","PreservedInsect","Vajra","Blood Vial","Orichalcum","Whetstone","Black Star"],"potions_floor_usage":[7,7,16,16,20,22],"damage_taken":[{"damage":0.0,"enemies":"Jaw Worm","floor":1.0,"turns":5.0},{"damage":1.0,"enemies":"2 Louse","floor":2.0,"turns":4.0},{"damage":0.0,"enemies":"Cultist","floor":4.0,"turns":5.0},{"damage":20,"enemies":"Lagavulin","floor":7,"turns":5},{"damage":1,"enemies":"Gremlin Nob","floor":10,"turns":3},{"damage":5,"enemies":"3 Sentries","floor":11,"turns":4},{"damage":6,"enemies":"Large Slime","floor":14,"turns":4},{"damage":5,"enemies":"The Guardian","floor":16,"turns":8},{"damage":11,"enemies":"Shell Parasite","floor":18,"turns":5},{"damage":30,"enemies":"2 Thieves","floor":20,"turns":3},{"damage":28,"enemies":"3 Cultists","floor":21,"turns":5},{"damage":6,"enemies":"Snake Plant","floor":22,"turns":2}],"seed_played":"-7594278342454727921","potions_obtained":[{"floor":1.0,"key":"Regen Potion"},{"floor":4.0,"key":"Strength Potion"},{"floor":10,"key":"Poison Potion"},{"floor":14,"key":"Regen Potion"},{"floor":16,"key":"Fire Potion"},{"floor":21,"key":"Poison Potion"}],"is_trial":false,"path_per_floor":["M","M","?","M","$","R","E","R","T","?","E","?","R","M","R","B",null,"M","?","M","M","M"],"character_chosen":"THE_SILENT","items_purchased":["PreservedInsect"],"campfire_rested":2,"item_purchase_floors":[5],"current_hp_per_floor":[45,44,30,30,30,51,43,43,43,44,41,30,51,47,47,59,67,58,58,30,4,0],"gold":409,"neow_bonus":"ONE_RARE_RELIC","is_prod":false,"is_daily":false,"chose_seed":false,"campfire_upgraded":2,"win_rate":0,"timestamp":1545840060,"path_taken":["M","M","?","M","$","R","E","R","T","?","E","?","R","M","R","BOSS","M","?","M","?","M"],"build_version":"2018-12-20","purchased_purges":0,"victory":false,"max_hp_per_floor":[70,70,70,70,70,70,70,70,70,70,70,70,70,70,70,70,70,70,70,70,70,70],"card_choices":[{"not_picked":["Heel Hook","Terror"],"picked":"Backflip","floor":1.0},{"not_picked":["Bouncing Flask","Choke"],"picked":"Prepared","floor":1.0},{"not_picked":["Underhanded Strike","Distraction"],"picked":"Riddle With Holes","floor":2.0},{"not_picked":["Deadly Poison","Poisoned Stab"],"picked":"Noxious Fumes","floor":2.0},{"not_picked":["Backstab","Sucker Punch"],"picked":"Corpse Explosion","floor":4.0},{"not_picked":["Acrobatics","Setup"],"picked":"Slice","floor":4.0},{"not_picked":["Footwork","Endless Agony"],"picked":"Crippling Poison","floor":7},{"not_picked":["Dagger Spray","Eviscerate"],"picked":"Cloak And Dagger","floor":10},{"not_picked":["Cloak And Dagger","Accuracy"],"picked":"Tools of the Trade","floor":11},{"not_picked":["Quick Slash","Crippling Poison"],"picked":"Accuracy","floor":14},{"not_picked":["Dodge and Roll","Bane","Heel Hook"],"picked":"SKIP","floor":14},{"not_picked":["Corpse Explosion","Tools of the Trade"],"picked":"Phantasmal Killer","floor":16},{"not_picked":["Deflect","All Out Attack"],"picked":"Blade Dance","floor":18},{"not_picked":["Deadly Poison","Terror","PiercingWail"],"picked":"SKIP","floor":18},{"not_picked":["Blur","Noxious Fumes"],"picked":"Escape Plan","floor":20},{"not_picked":["Reflex","Predator"],"picked":"Accuracy","floor":20},{"not_picked":["Quick Slash","Outmaneuver"],"picked":"Footwork","floor":21},{"not_picked":["PiercingWail","Blur","Poisoned Stab"],"picked":"SKIP","floor":21}],"player_experience":187996,"relics_obtained":[{"floor":7,"key":"Vajra"},{"floor":9,"key":"Blood Vial"},{"floor":11,"key":"Whetstone"}],"event_choices":[{"damage_healed":0.0,"max_hp_gain":0.0,"max_hp_loss":0.0,"gold_gain":0.0,"event_name":"Shining Light","player_choice":"Entered Light","floor":3.0,"gold_loss":0.0,"damage_taken":14.0,"cards_upgraded":["Survivor","Neutralize"]},{"damage_healed":0,"gold_gain":0,"player_choice":"Searched \u00273\u0027 times","damage_taken":0,"relics_obtained":["Orichalcum"],"max_hp_gain":0,"max_hp_loss":0,"event_name":"Dead Adventurer","floor":10,"gold_loss":0},{"damage_healed":0,"gold_gain":75,"player_choice":"Gather Gold","damage_taken":11,"max_hp_gain":0,"max_hp_loss":0,"event_name":"World of Goop","floor":12,"gold_loss":0},{"damage_healed":0,"gold_gain":0,"player_choice":"2 cards matched","damage_taken":0,"max_hp_gain":0,"max_hp_loss":0,"event_name":"Match and Keep!","floor":19,"gold_loss":0,"cards_obtained":["Decay","Grand Finale"]}],"is_beta":false,"boss_relics":[{"not_picked":["Coffee Dripper","Velvet Choker"],"picked":"Black Star"}],"items_purged_floors":[],"is_endless":false,"potions_floor_spawned":[1,4,10,14,16,21],"killed_by":"Snake Plant","ascension_level":8}