{"gold_per_floor":[11,11,25,100,118,118,92,44,44,44,44,44,61,79,79,177,177,160,160],"floor_reached":19,"playtime":1281,"items_purged":[],"score":200,"play_id":"dbd37ab2-f602-4f68-8977-9438cc80baa1","local_time":"20190202143212","is_ascension_mode":true,"campfire_choices":[{"data":"True Grit","floor":6,"key":"SMITH"},{"data":"Inflame","floor":10,"key":"SMITH"},{"data":"Bash","floor":12,"key":"SMITH"},{"floor":15,"key":"REST"}],"neow_cost":"NO_GOLD","seed_source_timestamp":1134166236608513,"circlet_count":0,"master_deck":["Strike_R","Strike_R","Strike_R+1","Strike_R","Strike_R+1","Defend_R","Defend_R","Defend_R","Defend_R","Bash+1","True Grit+1","Corruption","Inflame+1","Cleave","Shrug It Off","Disarm","Sword Boomerang","Impervious","Infernal Blade","Headbutt","Headbutt","Shrug It Off","Pommel Strike"],"relics":["Burning Blood","Peace Pipe","Orrery"],"potions_floor_usage":[5,16],"damage_taken":[{"damage":5,"enemies":"2 Louse","floor":1,"turns":3},{"damage":10,"enemies":"Jaw Worm","floor":3,"turns":6},{"damage":18,"enemies":"Small Slimes","floor":5,"turns":4},{"damage":23,"enemies":"Exordium Thugs","floor":7,"turns":5},{"damage":28,"enemies":"Gremlin Gang","floor":13,"turns":4},{"damage":4,"enemies":"Looter","floor":14,"turns":4},{"damage":21,"enemies":"The Guardian","floor":16,"turns":18},{"damage":31,"enemies":"2 Thieves","floor":18,"turns":4},{"damage":11,"enemies":"Spheric Guardian","floor":19,"turns":3}],"seed_played":"-2582397921930300184","potions_obtained":[{"floor":3,"key":"PowerPotion"},{"floor":14,"key":"Weak Potion"},{"floor":16,"key":"FearPotion"}],"is_trial":false,"path_per_floor":["M","?","M","?","M","R","M","$","T","R","?","R","M","M","R","B",null,"M","M"],"character_chosen":"IRONCLAD","items_purchased":["Shrug It Off"],"campfire_rested":1,"item_purchase_floors":[8],"current_hp_per_floor":[96,96,92,81,69,69,52,52,52,52,33,33,11,13,41,26,96,71,60],"gold":160,"neow_bonus":"TWENTY_PERCENT_HP_BONUS","is_prod":false,"is_daily":false,"chose_seed":false,"campfire_upgraded":3,"win_rate":0,"timestamp":1549117932,"path_taken":["M","?","M","?","M","R","M","?","T","R","?","R","M","M","R","BOSS","M","M"],"build_version":"2019-01-23","purchased_purges":0,"victory":false,"max_hp_per_floor":[96,96,96,96,96,96,96,96,96,96,96,96,96,96,96,96,96,96,96],"card_choices":[{"not_picked":["Shrug It Off","Burning Pact"],"picked":"True Grit","floor":1},{"not_picked":["Whirlwind","Rupture"],"picked":"Corruption","floor":3},{"not_picked":["Wild Strike","Anger"],"picked":"Inflame","floor":5},{"not_picked":["Sever Soul","Wild Strike"],"picked":"Cleave","floor":7},{"not_picked":["Entrench","Warcry"],"picked":"Disarm","floor":13},{"not_picked":["Warcry","Body Slam"],"picked":"Sword Boomerang","floor":14},{"not_picked":["Immolate","Barricade"],"picked":"Impervious","floor":16},{"not_picked":["Searing Blow","Wild Strike"],"picked":"Infernal Blade","floor":17},{"not_picked":["Second Wind","Intimidate"],"picked":"Headbutt","floor":17},{"not_picked":["Body Slam","Warcry"],"picked":"Headbutt","floor":17},{"not_picked":["Twin Strike","Clash"],"picked":"Shrug It Off","floor":17},{"not_picked":["Perfected Strike","Anger"],"picked":"Pommel Strike","floor":17},{"not_picked":["Pommel Strike","Havoc+1","Burning Pact"],"picked":"SKIP","floor":18}],"player_experience":425352,"relics_obtained":[{"floor":9,"key":"Peace Pipe"}],"event_choices":[{"damage_healed":0,"gold_gain":0,"player_choice":"Leave","damage_taken":0,"max_hp_gain":0,"max_hp_loss":0,"event_name":"The Cleric","floor":2,"gold_loss":0},{"damage_healed":0,"gold_gain":75,"player_choice":"Gather Gold","damage_taken":11,"max_hp_gain":0,"max_hp_loss":0,"event_name":"World of Goop","floor":4,"gold_loss":0},{"damage_healed":0,"gold_gain":0,"player_choice":"Entered Light","damage_taken":19,"max_hp_gain":0,"max_hp_loss":0,"event_name":"Shining Light","floor":11,"gold_loss":0,"cards_upgraded":["Strike_R","Strike_R"]}],"is_beta":false,"boss_relics":[{"not_picked":["Fusion Hammer","Pandora\u0027s Box"],"picked":"Orrery"}],"items_purged_floors":[],"is_endless":false,"potions_floor_spawned":[3,14,16],"killed_by":"Spheric Guardian","ascension_level":2}