{"gold_per_floor":[215,228,6,23,23,23,87,87,110,139,154,187,187,221,221,297,297,314,330,13,283,297,297,327,342,421,62,62,62,94,107,107,184,184,198,198,210,210,225,252,263,293,317,335,159,159,190,208,208,208,208,208,208,14,40,40],"floor_reached":57,"playtime":4990,"items_purged":["Strike_R"],"score":3030,"play_id":"60a16857-1a52-46d5-b85b-cdda842f7d2b","local_time":"20181224190104","is_ascension_mode":true,"campfire_choices":[{"data":"Bash","floor":6,"key":"SMITH"},{"data":"Shrug It Off","floor":8,"key":"SMITH"},{"data":"Armaments","floor":15,"key":"SMITH"},{"floor":23,"key":"REST"},{"floor":28,"key":"REST"},{"data":"Metallicize","floor":32,"key":"SMITH"},{"data":"Shockwave","floor":46,"key":"SMITH"},{"floor":49,"key":"RECALL"},{"floor":53,"key":"REST"}],"neow_cost":"NONE","seed_source_timestamp":254778730980405,"circlet_count":0,"master_deck":["AscendersBane","Bash+1","Spot Weakness","Pommel Strike","Offering","Pummel","Shockwave+1","Shrug It Off+1","Armaments+1","Spot Weakness","Offering","Headbutt","Feed","Clothesline","Metallicize+1","Barricade","Metallicize","Combust+1","Rupture+1","True Grit+1","Impervious+1","Intimidate+1","Power Through+1","Spot Weakness+1","Hemokinesis","Dual Wield+1","Corruption+1","Juggernaut+1","Cleave","Shrug It Off+1","Pain","Metallicize+1","Dark Embrace+1","Flame Barrier+1","Flame Barrier+1","Feel No Pain+1","Mind Blast","Shrug It Off+1","Parasite","Sword Boomerang","Burning Pact+1"],"relics":["Burning Blood","Tiny Chest","Strawberry","Mummified Hand","Meat on the Bone","Singing Bowl","Snecko Eye","Bag of Preparation","Self Forming Clay","Shuriken","Frozen Egg 2","Toxic Egg 2","Pandora\u0027s Box","WarpedTongs","Bottled Tornado","Shovel","Mercury Hourglass"],"potions_floor_usage":[12,16,22,48,55,56],"damage_taken":[{"damage":7,"enemies":"Cultist","floor":1,"turns":4},{"damage":0,"enemies":"2 Louse","floor":2,"turns":2},{"damage":6,"enemies":"Small Slimes","floor":4,"turns":2},{"damage":31,"enemies":"3 Sentries","floor":7,"turns":6},{"damage":8,"enemies":"Gremlin Nob","floor":10,"turns":3},{"damage":8,"enemies":"Red Slaver","floor":11,"turns":3},{"damage":19,"enemies":"Lagavulin","floor":12,"turns":6},{"damage":19,"enemies":"Gremlin Nob","floor":14,"turns":3},{"damage":25,"enemies":"Hexaghost","floor":16,"turns":6},{"damage":20,"enemies":"Spheric Guardian","floor":18,"turns":4},{"damage":19,"enemies":"3 Byrds","floor":19,"turns":5},{"damage":23,"enemies":"Shelled Parasite and Fungi","floor":22,"turns":3},{"damage":50,"enemies":"Gremlin Leader","floor":24,"turns":7},{"damage":9,"enemies":"Centurion and Healer","floor":25,"turns":7},{"damage":28,"enemies":"Slavers","floor":30,"turns":3},{"damage":5,"enemies":"Chosen and Byrds","floor":31,"turns":5},{"damage":29,"enemies":"Automaton","floor":33,"turns":7},{"damage":6,"enemies":"Orb Walker","floor":35,"turns":5},{"damage":17,"enemies":"3 Darklings","floor":37,"turns":5},{"damage":23,"enemies":"Writhing Mass","floor":39,"turns":7},{"damage":28,"enemies":"Giant Head","floor":40,"turns":5},{"damage":11,"enemies":"Maw","floor":41,"turns":5},{"damage":11,"enemies":"Nemesis","floor":42,"turns":5},{"damage":14,"enemies":"Spire Growth","floor":44,"turns":5},{"damage":16,"enemies":"Giant Head","floor":47,"turns":4},{"damage":25,"enemies":"Writhing Mass","floor":48,"turns":6},{"damage":39,"enemies":"Time Eater","floor":50,"turns":9},{"damage":36,"enemies":"Donu and Deca","floor":51,"turns":9},{"damage":53,"enemies":"Shield and Spear","floor":55,"turns":5},{"damage":40,"enemies":"The Heart","floor":56,"turns":8}],"seed_played":"-1124127004722924078","potions_obtained":[{"floor":1,"key":"Dexterity Potion"},{"floor":10,"key":"FearPotion"},{"floor":14,"key":"BloodPotion"},{"floor":16,"key":"Poison Potion"},{"floor":19,"key":"Strength Potion"},{"floor":24,"key":"BloodPotion"},{"floor":39,"key":"GamblersBrew"},{"floor":48,"key":"Block Potion"},{"floor":55,"key":"GamblersBrew"}],"is_trial":false,"path_per_floor":["M","M","$","M","$","R","E","R","T","E","M","E","?","E","R","B",null,"M","M","$","?","M","R","E","M","T","$","R","?","E","M","R","B",null,"M","$","M","?","M","E","M","E","T","M","$","R","E","M","R","B","B",null,"R","$","E","B",null],"character_chosen":"IRONCLAD","items_purchased":["Offering","Pummel","Metallicize","Bag of Preparation","Frozen Egg 2","Combust+1","Feel No Pain+1","Mind Blast","Sword Boomerang","PowerPotion","Burning Pact+1"],"campfire_rested":3,"item_purchase_floors":[3,3,20,20,27,27,45,45,54,54,54],"current_hp_per_floor":[67,73,73,73,73,73,48,48,55,53,51,38,27,26,26,27,68,57,61,61,25,25,53,21,33,33,33,62,62,56,60,60,53,95,100,100,92,92,79,69,79,79,79,75,75,75,80,78,78,61,51,128,153,153,111,93],"gold":40,"neow_bonus":"HUNDRED_GOLD","is_prod":false,"is_daily":false,"chose_seed":false,"campfire_upgraded":5,"win_rate":0,"timestamp":1545706864,"path_taken":["M","M","?","M","$","R","E","R","T","E","M","E","?","E","R","BOSS","M","M","$","?","?","R","E","M","T","$","R","?","E","M","R","BOSS","M","$","M","?","M","E","M","E","T","?","$","R","E","M","R","BOSS","BOSS","R","$","E","BOSS"],"build_version":"2018-12-20","purchased_purges":1,"victory":true,"max_hp_per_floor":[75,75,75,75,75,75,75,75,82,82,82,82,82,82,82,82,82,85,90,90,90,95,95,95,98,98,98,98,98,102,105,105,109,109,114,114,117,117,121,121,124,129,129,133,133,133,136,141,141,145,153,153,153,153,158,162],"card_choices":[{"not_picked":["Clothesline","Sentinel"],"picked":"Spot Weakness","floor":1},{"not_picked":["Armaments","Twin Strike"],"picked":"Pommel Strike","floor":2},{"not_picked":["Sever Soul","Cleave"],"picked":"Shockwave","floor":4},{"not_picked":["True Grit","Burning Pact"],"picked":"Shrug It Off","floor":7},{"not_picked":["Warcry","Havoc"],"picked":"Armaments","floor":10},{"not_picked":["Havoc","Seeing Red"],"picked":"Spot Weakness","floor":11},{"not_picked":["Carnage","Sword Boomerang"],"picked":"Offering","floor":12},{"not_picked":["Sword Boomerang","Rampage"],"picked":"Headbutt","floor":14},{"not_picked":["Dark Embrace","Barricade"],"picked":"Feed","floor":16},{"not_picked":["Clash","Perfected Strike"],"picked":"Clothesline","floor":18},{"not_picked":["Havoc","True Grit","Perfected Strike"],"picked":"Singing Bowl","floor":19},{"not_picked":["Rampage","Wild Strike","Sword Boomerang"],"picked":"Singing Bowl","floor":22},{"not_picked":["Wild Strike","Havoc"],"picked":"Barricade","floor":24},{"not_picked":["Wild Strike","Rupture"],"picked":"Metallicize","floor":25},{"not_picked":["Flex","Sentinel"],"picked":"Rupture+1","floor":30},{"not_picked":["Infernal Blade+1","Heavy Blade"],"picked":"True Grit+1","floor":31},{"not_picked":["Bludgeon","Immolate"],"picked":"Impervious+1","floor":33},{"not_picked":["Infernal Blade+1","Carnage","Power Through+1"],"picked":"Singing Bowl","floor":35},{"not_picked":["Iron Wave+1","Blood for Blood"],"picked":"Shrug It Off+1","floor":37},{"not_picked":["Pommel Strike","Flex+1"],"picked":"Metallicize+1","floor":39},{"not_picked":["Thunderclap","Havoc+1"],"picked":"Dark Embrace+1","floor":40},{"not_picked":["Sword Boomerang","Clothesline"],"picked":"Flame Barrier+1","floor":41},{"not_picked":["Thunderclap+1","Twin Strike","Spot Weakness+1"],"picked":"Singing Bowl","floor":42},{"not_picked":["Pommel Strike","Clash"],"picked":"Flame Barrier+1","floor":44},{"not_picked":["Blood for Blood","Havoc+1"],"picked":"Shrug It Off+1","floor":47},{"not_picked":["Flex+1","Seeing Red+1","Thunderclap"],"picked":"Singing Bowl","floor":48},{"not_picked":["Warcry+1","Body Slam","Seeing Red+1"],"picked":"Singing Bowl","floor":55}],"player_experience":4018873,"relics_obtained":[{"floor":7,"key":"Tiny Chest"},{"floor":9,"key":"Strawberry"},{"floor":10,"key":"Mummified Hand"},{"floor":12,"key":"Meat on the Bone"},{"floor":14,"key":"Singing Bowl"},{"floor":24,"key":"Self Forming Clay"},{"floor":26,"key":"Shuriken"},{"floor":30,"key":"Toxic Egg 2"},{"floor":42,"key":"Bottled Tornado"},{"floor":47,"key":"Shovel"},{"floor":55,"key":"Mercury Hourglass"}],"event_choices":[{"damage_healed":0,"gold_gain":0,"player_choice":"Fled","damage_taken":11,"max_hp_gain":0,"max_hp_loss":0,"event_name":"Scrap Ooze","floor":13,"gold_loss":0},{"damage_healed":0,"gold_gain":270,"player_choice":"GOLD GOLD GOLD ","damage_taken":36,"max_hp_gain":0,"max_hp_loss":0,"event_name":"Knowing Skull","floor":21,"potions_obtained":[],"gold_loss":0,"cards_obtained":[]},{"damage_healed":0,"gold_gain":0,"player_choice":"Ignored","damage_taken":0,"max_hp_gain":0,"max_hp_loss":0,"event_name":"The Mausoleum","floor":29,"gold_loss":0},{"damage_healed":0,"gold_gain":0,"player_choice":"Rummage","damage_taken":0,"relics_obtained":["WarpedTongs"],"max_hp_gain":0,"max_hp_loss":0,"event_name":"Accursed Blacksmith","floor":38,"gold_loss":0,"cards_obtained":["Pain"]}],"is_beta":true,"boss_relics":[{"not_picked":["Mark of Pain","Black Blood"],"picked":"Snecko Eye"},{"not_picked":["Runic Pyramid","Busted Crown"],"picked":"Pandora\u0027s Box"}],"items_purged_floors":[20],"is_endless":false,"potions_floor_spawned":[1,10,14,16,19,24,25,31,39,42,44,47,48,55],"ascension_level":20}