{"path_per_floor":["M","$","?","M","M","R","?","M","T","E","?","R","E","M","R","B",null,"M","?","?","M","?","R","M","R","T","M","M","R","M","M","R","B",null,"M","?","M","M"],"character_chosen":"THE_SILENT","items_purchased":[],"gold_per_floor":[112,37,37,49,67,67,67,81,104,130,205,205,232,247,247,343,343,363,363,388,406,406,406,425,425,451,461,478,478,498,510,510,607,607,625,625,639,650,650],"floor_reached":39,"campfire_rested":3,"playtime":1748,"item_purchase_floors":[],"current_hp_per_floor":[59,59,59,59,55,55,55,49,49,39,28,28,28,27,27,27,65,39,64,25,18,18,18,6,29,29,19,11,34,25,25,48,27,65,61,51,28,9,0],"items_purged":["Defend_G"],"gold":650,"score":743,"play_id":"9e647edf-813d-4e2f-8dba-dc6d89141bcd","local_time":"20180603014824","is_prod":false,"is_daily":false,"chose_seed":false,"is_ascension_mode":true,"campfire_upgraded":4,"win_rate":0,"timestamp":1527958104,"campfire_choices":[{"data":"Bouncing Flask","floor":6.0,"key":"SMITH"},{"data":"Catalyst","floor":12.0,"key":"SMITH"},{"data":"Bouncing Flask","floor":15.0,"key":"SMITH"},{"data":"Deadly Poison","floor":23.0,"key":"SMITH"},{"floor":25.0,"key":"REST"},{"floor":29.0,"key":"REST"},{"floor":32.0,"key":"REST"}],"path_taken":["M","$","?","M","M","R","?","?","T","E","?","R","E","M","R","BOSS","M","?","?","M","?","R","M","R","T","M","?","R","M","?","R","BOSS","M","?","M","M","M"],"build_version":"2018-05-31","seed_source_timestamp":0,"purchased_purges":1,"victory":false,"master_deck":["Defend_G","Defend_G","Defend_G","Strike_G+1","Strike_G","Strike_G+1","Survivor","Neutralize","AscendersBane","Bouncing Flask+1","Outmaneuver","Bouncing Flask+1","Catalyst+1","Deadly Poison+1","Deadly Poison","After Image","Well Laid Plans","Madness","Madness"],"max_hp_per_floor":[70,70,70,70,70,70,70,70,70,77,77,77,77,77,77,77,77,77,77,77,77,77,77,77,77,77,77,77,77,77,77,77,77,77,77,77,77,77,77],"relics":["Ring of the Snake","Bag of Preparation","Strawberry","Blue Candle","Velvet Choker","Red Mask","Whetstone","White Beast Statue"],"card_choices":[{"not_picked":["Choke","Catalyst"],"picked":"Bouncing Flask","floor":1.0},{"not_picked":["PiercingWail","Poisoned Stab"],"picked":"Bouncing Flask","floor":4.0},{"not_picked":["Deadly Poison","Cloak And Dagger"],"picked":"Catalyst","floor":5.0},{"not_picked":["PiercingWail","Distraction"],"picked":"Deadly Poison","floor":8.0},{"not_picked":["PiercingWail","Bane","Dagger Throw"],"picked":"SKIP","floor":10.0},{"not_picked":["Tactician","Unload"],"picked":"Deadly Poison","floor":13.0},{"not_picked":["Deadly Poison","Prepared","PiercingWail"],"picked":"SKIP","floor":14.0},{"not_picked":["Grand Finale","Corpse Explosion"],"picked":"After Image","floor":16.0},{"not_picked":["Slice","Dagger Throw","Underhanded Strike"],"picked":"SKIP","floor":18.0},{"not_picked":["Outmaneuver+1","Deadly Poison"],"picked":"Well Laid Plans","floor":20.0},{"not_picked":["Quick Slash+1","Heel Hook","Slice"],"picked":"SKIP","floor":21.0},{"not_picked":["PiercingWail+1","Deflect+1","Leg Sweep"],"picked":"SKIP","floor":24.0},{"not_picked":["Slice+1","Dagger Throw","PiercingWail"],"picked":"SKIP","floor":27.0},{"not_picked":["Deflect","Dodge and Roll","Night Terror"],"picked":"SKIP","floor":28.0},{"not_picked":["Outmaneuver","Bane","Dagger Throw+1"],"picked":"SKIP","floor":30.0},{"not_picked":["Outmaneuver","Bane","Dagger Throw+1"],"picked":"SKIP","floor":30.0},{"not_picked":["Slice+1","Leg Sweep","Sucker Punch+1"],"picked":"SKIP","floor":31.0},{"not_picked":["Cloak And Dagger","Reflex","Bane"],"picked":"SKIP","floor":35.0},{"not_picked":["Deflect","Masterful Stab","Blur"],"picked":"SKIP","floor":37.0},{"not_picked":["Backflip","Sucker Punch+1","Flying Knee"],"picked":"SKIP","floor":38.0}],"player_experience":749870,"potions_floor_usage":[39],"damage_taken":[{"damage":4.0,"enemies":"Small Slimes","floor":1.0,"turns":4.0},{"damage":0.0,"enemies":"Cultist","floor":4.0,"turns":3.0},{"damage":4.0,"enemies":"Jaw Worm","floor":5.0,"turns":3.0},{"damage":6.0,"enemies":"Looter","floor":8.0,"turns":3.0},{"damage":17.0,"enemies":"Lagavulin","floor":10.0,"turns":4.0},{"damage":0.0,"enemies":"Gremlin Nob","floor":13.0,"turns":2.0},{"damage":1.0,"enemies":"Red Slaver","floor":14.0,"turns":3.0},{"damage":0.0,"enemies":"Slime Boss","floor":16.0,"turns":3.0},{"damage":26.0,"enemies":"2 Thieves","floor":18.0,"turns":4.0},{"damage":39.0,"enemies":"Masked Bandits","floor":20.0,"turns":5.0},{"damage":7.0,"enemies":"3 Byrds","floor":21.0,"turns":4.0},{"damage":12.0,"enemies":"3 Cultists","floor":24.0,"turns":5.0},{"damage":10.0,"enemies":"Centurion and Healer","floor":27.0,"turns":4.0},{"damage":8.0,"enemies":"Cultist and Chosen","floor":28.0,"turns":5.0},{"damage":9.0,"enemies":"Sentry and Sphere","floor":30.0,"turns":4.0},{"damage":0.0,"enemies":"Snake Plant","floor":31.0,"turns":2.0},{"damage":21.0,"enemies":"Champ","floor":33.0,"turns":6.0},{"damage":4.0,"enemies":"Orb Walker","floor":35.0,"turns":3.0},{"damage":23.0,"enemies":"3 Darklings","floor":37.0,"turns":6.0},{"damage":19.0,"enemies":"Maw","floor":38.0,"turns":6.0},{"damage":9,"enemies":"4 Shapes","floor":39,"turns":1}],"relics_obtained":[{"floor":9.0,"key":"Bag of Preparation"},{"floor":10.0,"key":"Strawberry"},{"floor":13.0,"key":"Blue Candle"},{"floor":20.0,"key":"Red Mask"},{"floor":26.0,"key":"Whetstone"}],"event_choices":[{"event_name":"Transmorgrifier","player_choice":"Transform","floor":3.0,"damage_taken":0.0},{"event_name":"Purifier","player_choice":"One Purge","floor":7.0,"damage_taken":0.0},{"event_name":"World of Goop","player_choice":"Gather Gold","floor":11.0,"damage_taken":0.0},{"event_name":"The Library","player_choice":"Heal","floor":19.0,"damage_taken":0.0},{"event_name":"Masked Bandits","player_choice":"Fought over 363 gold","floor":20.0,"damage_taken":0.0},{"event_name":"Bonfire Elementals","player_choice":"BASIC","floor":22.0,"damage_taken":0.0},{"event_name":"Winding Halls","player_choice":"Embrace Madness","floor":36.0,"damage_taken":0.0}],"boss_relics":[],"items_purged_floors":[],"potions_floor_spawned":[1,5,13,18,21,31,33,35,37,38],"seed_played":"-3114123368879284331","killed_by":"4 Shapes","ascension_level":10,"potions_obtained":[{"floor":1.0,"key":"AttackPotion"},{"floor":5.0,"key":"Explosive Potion"},{"floor":13.0,"key":"Energy Potion"},{"floor":18.0,"key":"Poison Potion"},{"floor":21.0,"key":"Strength Potion"},{"floor":31.0,"key":"Weak Potion"},{"floor":33.0,"key":"PowerPotion"},{"floor":35.0,"key":"SneckoOil"},{"floor":37.0,"key":"Poison Potion"},{"floor":38.0,"key":"Dexterity Potion"}],"is_trial":false}