{"path_per_floor":["M","?","M","T","?","E","$","?","T","M","M","R","M","M","R","B",null,"M","$","M","?"],"character_chosen":"THE_SILENT","items_purchased":["Tools of the Trade","Tactician","Poisoned Stab","Infinite Blades"],"gold_per_floor":[114,289,306,306,306,350,59,59,59,82,105,105,123,148,148,276,276,252,30,55,55,55],"floor_reached":22,"campfire_rested":0,"playtime":1294,"current_hp_per_floor":[70,70,70,70,70,70,70,70,84,81,80,80,72,57,57,26,70,50,50,42,42,18],"items_purged":["Doubt","Strike_G"],"gold":55,"score":264,"play_id":"18ede47f-3bd6-4d4a-9705-ddd0d97a75b0","local_time":"20180408221223","is_prod":false,"is_daily":false,"is_ascension_mode":true,"campfire_upgraded":2,"timestamp":1523239943,"path_taken":["M","?","M","?","?","E","$","?","T","M","M","R","?","M","R","BOSS","M","$","M","?","M"],"build_version":"2018-04-05v2","purchased_purges":3,"victory":false,"master_deck":["Defend_G","Defend_G","Defend_G","Defend_G","Defend_G","Strike_G","Strike_G","Strike_G","Strike_G","Survivor","Neutralize","Caltrops+1","Poisoned Stab","Prepared","Tools of the Trade","Tactician+1","Prepared","Cloak And Dagger","Prepared","Backstab","After Image","After Image","Poisoned Stab","Infinite Blades","Poisoned Stab"],"max_hp_per_floor":[70,70,70,70,70,70,70,70,84,84,84,84,84,84,84,84,84,84,84,84,84,84],"relics":["Ring of the Snake","NeowsBlessing","Snake Skull","Golden Idol","Prayer Wheel","Mango","Cursed Key"],"card_choices":[{"not_picked":["Sucker Punch","Dodge and Roll"],"picked":"Caltrops","floor":1.0},{"not_picked":["Flying Knee","Deadly Poison"],"picked":"Poisoned Stab","floor":3.0},{"not_picked":["Dagger Spray","Dagger Throw"],"picked":"Prepared","floor":6.0},{"not_picked":["Setup","Flechettes"],"picked":"Prepared","floor":9.0},{"not_picked":["Dagger Spray","Bane"],"picked":"Cloak And Dagger","floor":10.0},{"not_picked":["Outmaneuver","Sucker Punch"],"picked":"Prepared","floor":11.0},{"not_picked":["Eviscerate","PiercingWail"],"picked":"Backstab","floor":13.0},{"not_picked":["Slice","Acrobatics"],"picked":"After Image","floor":14.0},{"not_picked":["Envenom","Venomology"],"picked":"After Image","floor":16.0},{"not_picked":["Slice","All Out Attack"],"picked":"Poisoned Stab","floor":20}],"player_experience":422287,"potions_floor_usage":[22],"damage_taken":[{"damage":0.0,"enemies":"Cultist","floor":1.0,"turns":1.0},{"damage":0.0,"enemies":"Small Slimes","floor":3.0,"turns":1.0},{"damage":0.0,"enemies":"Lagavulin","floor":6.0,"turns":2.0},{"damage":3.0,"enemies":"Jaw Worm","floor":10.0,"turns":5.0},{"damage":1.0,"enemies":"Exordium Thugs","floor":11.0,"turns":5.0},{"damage":8.0,"enemies":"Blue Slaver","floor":13.0,"turns":4.0},{"damage":15.0,"enemies":"Gremlin Gang","floor":14.0,"turns":5.0},{"damage":31.0,"enemies":"Slime Boss","floor":16.0,"turns":17.0},{"damage":20.0,"enemies":"2 Thieves","floor":18.0,"turns":5.0},{"damage":8.0,"enemies":"Chosen","floor":20.0,"turns":5.0},{"damage":24,"enemies":"Slaver and Parasite","floor":22,"turns":4}],"event_choices":[{"event_name":"Liars Game","player_choice":"agreed","floor":2.0,"damage_taken":0.0},{"event_name":"Golden Idol","player_choice":"Take Wound","floor":5.0,"damage_taken":0.0},{"event_name":"Purifier","player_choice":"One Purge","floor":8.0,"damage_taken":0.0},{"event_name":"Addict","player_choice":"Ignored","floor":21,"damage_taken":0}],"boss_relics":[],"potions_floor_spawned":[6,10,11,13],"seed_played":"-105817924034357246","killed_by":"Slaver and Parasite","ascension_level":5,"is_trial":false}