{"gold_per_floor":[117,192,367,367,386,386,410,410,434,93,93,93,106,124,124,248,248,264,117,162,202,217,217,45,100,124,170,182,194,206,218,230,371,383,435,461,105,119,119,119,155,155,155,155,155,193,193,193,193,193],"floor_reached":50,"playtime":2343,"items_purged":["Doubt","Defend_B"],"score":505,"play_id":"7e5764ca-f3b7-4f0d-8a34-dac9ab09ae30","local_time":"20190130023434","is_ascension_mode":false,"campfire_choices":[{"floor":6.0,"key":"REST"},{"data":"Zap","floor":8.0,"key":"SMITH"},{"data":"Streamline","floor":12.0,"key":"SMITH"},{"floor":15.0,"key":"REST"},{"floor":23.0,"key":"REST"},{"floor":30.0,"key":"REST"},{"data":"Madness","floor":32.0,"key":"SMITH"},{"floor":40,"key":"REST"},{"data":"White Noise","floor":44,"key":"SMITH"},{"data":"Hologram","floor":47,"key":"SMITH"},{"data":"Madness","floor":49,"key":"SMITH"}],"neow_cost":"NONE","seed_source_timestamp":1802897980477023,"circlet_count":0,"master_deck":["Defend_B","Defend_B","Defend_B","Zap+1","Steam Power","Beam Cell","Gash","HandOfGreed","Turbo","Streamline+1","Hologram+1","Stack","All For One","Go for the Eyes","Gash+1","FTL","Madness+1","Genetic Algorithm+1","Gash","J.A.X.","Seek","Gash","Bandage Up","Go for the Eyes","White Noise+1","Hologram+1","Madness+1","Madness","Stack","Stack","Dramatic Entrance"],"special_seed":0,"relics":["Cracked Core","Golden Idol","Empty Cage","Red Mask","MawBank","Nuclear Battery","Orichalcum","Sundial"],"potions_floor_usage":[35,50,50],"damage_taken":[{"damage":3.0,"enemies":"Small Slimes","floor":1.0,"turns":4.0},{"damage":7.0,"enemies":"2 Louse","floor":5.0,"turns":2.0},{"damage":1.0,"enemies":"Jaw Worm","floor":7.0,"turns":3.0},{"damage":6.0,"enemies":"Large Slime","floor":13.0,"turns":2.0},{"damage":16.0,"enemies":"Exordium Thugs","floor":14.0,"turns":3.0},{"damage":19.0,"enemies":"Slime Boss","floor":16.0,"turns":8.0},{"damage":0.0,"enemies":"Chosen","floor":18.0,"turns":4.0},{"damage":2.0,"enemies":"2 Thieves","floor":20.0,"turns":2.0},{"damage":10.0,"enemies":"Snake Plant","floor":21.0,"turns":3.0},{"damage":34.0,"enemies":"Chosen and Byrds","floor":22.0,"turns":5.0},{"damage":4.0,"enemies":"Masked Bandits","floor":25.0,"turns":3.0},{"damage":10.0,"enemies":"Centurion and Healer","floor":27.0,"turns":4.0},{"damage":58.0,"enemies":"Automaton","floor":33.0,"turns":8.0},{"damage":16,"enemies":"3 Shapes","floor":35,"turns":3},{"damage":25,"enemies":"3 Darklings","floor":36,"turns":7},{"damage":0,"enemies":"Maw","floor":38,"turns":5},{"damage":18,"enemies":"Jaw Worm Horde","floor":41,"turns":5},{"damage":19,"enemies":"4 Shapes","floor":46,"turns":7},{"damage":59,"enemies":"Awakened One","floor":50,"turns":9}],"seed_played":"-6558451446444153507","potions_obtained":[{"floor":1.0,"key":"Block Potion"},{"floor":5.0,"key":"Energy Potion"},{"floor":13.0,"key":"Weak Potion"},{"floor":35,"key":"Fruit Juice"},{"floor":36,"key":"Explosive Potion"}],"is_trial":false,"path_per_floor":["M","?","?","?","M","R","M","R","T","$","?","R","M","M","R","B",null,"M","$","M","M","M","R","$","?","T","M","?","$","R","?","R","B",null,"M","M","$","M","?","R","M","?","T","R","?","M","R","?","R","B"],"character_chosen":"DEFECT","items_purchased":["HandOfGreed","Turbo","Streamline","Go for the Eyes","FTL","Madness","Orichalcum","Bandage Up","Go for the Eyes","White Noise"],"campfire_rested":5,"item_purchase_floors":[10,10,10,19,24,24,37,37,37,37],"current_hp_per_floor":[72,61,61,43,36,58,57,57,57,57,57,57,51,35,57,38,75,75,75,73,63,29,51,51,47,47,37,37,37,59,59,59,1,75,64,39,39,43,33,57,43,43,43,43,70,55,55,55,55,0],"gold":193,"neow_bonus":"TRANSFORM_CARD","is_prod":false,"is_daily":false,"chose_seed":false,"campfire_upgraded":6,"win_rate":0,"timestamp":1548833674,"path_taken":["M","?","?","?","?","R","M","R","T","$","?","R","M","M","R","BOSS","M","$","M","M","M","R","$","?","T","M","?","$","R","?","R","BOSS","M","M","$","M","?","R","M","?","T","R","?","M","R","?","R","BOSS"],"build_version":"2019-01-23","purchased_purges":2,"victory":false,"max_hp_per_floor":[75,75,75,75,75,75,75,75,75,75,75,75,75,75,75,75,75,75,75,75,75,75,75,75,75,75,75,75,75,75,75,75,75,75,80,80,80,80,80,80,80,80,80,80,70,70,70,70,70,70],"card_choices":[{"not_picked":["Steam Power","Melter"],"picked":"Beam Cell","floor":1.0},{"not_picked":["Conserve Battery","Reprogram"],"picked":"Gash","floor":5.0},{"not_picked":["Compile Driver","Barrage","Doom and Gloom"],"picked":"SKIP","floor":7.0},{"not_picked":["Coolheaded","Aggregate"],"picked":"Hologram","floor":13.0},{"not_picked":["Scrape","Conserve Battery"],"picked":"Stack","floor":14.0},{"not_picked":["Core Surge","Reboot"],"picked":"All For One","floor":16.0},{"not_picked":["Stack","Coolheaded","Lockon"],"picked":"SKIP","floor":18.0},{"not_picked":["Turbo","Rebound","Leap+1"],"picked":"SKIP","floor":20.0},{"not_picked":["Aggregate+1","Barrage","Chill"],"picked":"SKIP","floor":21.0},{"not_picked":["Barrage","Go for the Eyes"],"picked":"Gash+1","floor":22.0},{"not_picked":["Force Field","Coolheaded"],"picked":"Genetic Algorithm+1","floor":25.0},{"not_picked":["Consume","Beam Cell"],"picked":"Gash","floor":27.0},{"not_picked":["Buffer","Multi-Cast"],"picked":"Seek","floor":33.0},{"not_picked":["Tempest","Streamline+1","Compile Driver+1"],"picked":"SKIP","floor":35},{"not_picked":["Sweeping Beam+1","Go for the Eyes+1"],"picked":"Gash","floor":36},{"not_picked":["Auto Shields","Streamline+1"],"picked":"Hologram+1","floor":38},{"not_picked":["Cold Snap","Sweeping Beam"],"picked":"Stack","floor":41},{"not_picked":["Sweeping Beam+1","Redo+1"],"picked":"Stack","floor":46},{"not_picked":["Panacea","Jack Of All Trades"],"picked":"Dramatic Entrance","floor":48}],"player_experience":972992,"relics_obtained":[{"floor":25.0,"key":"Red Mask"},{"floor":26.0,"key":"MawBank"},{"floor":43,"key":"Sundial"}],"event_choices":[{"damage_healed":0.0,"max_hp_gain":0.0,"max_hp_loss":0.0,"gold_gain":75.0,"event_name":"World of Goop","player_choice":"Gather Gold","floor":2.0,"gold_loss":0.0,"damage_taken":11.0},{"damage_healed":0.0,"max_hp_gain":0.0,"max_hp_loss":0.0,"gold_gain":175.0,"event_name":"Liars Game","player_choice":"AGREE","floor":3.0,"gold_loss":0.0,"damage_taken":0.0,"cards_obtained":["Doubt"]},{"damage_healed":0.0,"max_hp_gain":0.0,"max_hp_loss":0.0,"gold_gain":0.0,"event_name":"Golden Idol","player_choice":"Take Damage","floor":4.0,"gold_loss":0.0,"damage_taken":18.0,"relics_obtained":["Golden Idol"]},{"cards_removed":["Strike_B"],"damage_healed":0.0,"max_hp_gain":0.0,"max_hp_loss":0.0,"gold_gain":0.0,"event_name":"Bonfire Elementals","player_choice":"Offered Basic","floor":11.0,"gold_loss":0.0,"damage_taken":0.0},{"damage_healed":0.0,"max_hp_gain":0.0,"max_hp_loss":0.0,"gold_gain":0.0,"event_name":"Masked Bandits","player_choice":"Fought Bandits","floor":25.0,"gold_loss":0.0,"damage_taken":0.0},{"damage_healed":0.0,"max_hp_gain":0.0,"max_hp_loss":0.0,"gold_gain":0.0,"event_name":"Drug Dealer","player_choice":"Obtain J.A.X.","floor":28.0,"gold_loss":0.0,"damage_taken":0.0,"cards_obtained":["J.A.X."]},{"damage_healed":0.0,"max_hp_gain":0.0,"max_hp_loss":0.0,"gold_gain":0.0,"event_name":"Vampires","player_choice":"Ignored","floor":31.0,"gold_loss":0.0,"damage_taken":0.0},{"damage_healed":0,"gold_gain":0,"player_choice":"Embrace Madness","damage_taken":10,"max_hp_gain":0,"max_hp_loss":0,"event_name":"Winding Halls","floor":39,"gold_loss":0,"cards_obtained":["Madness","Madness"]},{"cards_removed":["Dualcast"],"damage_healed":0,"gold_gain":0,"player_choice":"Removed Skill","damage_taken":0,"max_hp_gain":0,"max_hp_loss":0,"event_name":"Falling","floor":42,"gold_loss":0},{"damage_healed":70,"gold_gain":0,"player_choice":"Heal","damage_taken":0,"max_hp_gain":0,"max_hp_loss":10,"event_name":"The Moai Head","floor":45,"gold_loss":0},{"damage_healed":0,"gold_gain":0,"player_choice":"Memory 1","damage_taken":0,"max_hp_gain":0,"max_hp_loss":0,"event_name":"SensoryStone","floor":48,"gold_loss":0}],"is_beta":false,"boss_relics":[{"not_picked":["Eternal Feather","Runic Pyramid"],"picked":"Empty Cage"},{"not_picked":["Runic Dome","Astrolabe"],"picked":"Nuclear Battery"}],"items_purged_floors":[10,19],"is_endless":false,"potions_floor_spawned":[1,5,13,21,25,35,36],"killed_by":"Awakened One","ascension_level":0}