{"gold_per_floor":[112,123,123,23,35,35,60,60,87,120,120,155,155,36,36,140,140,158,175,188,109,208,208,9,36,71,83,111,150,162,254,266,380,392,418,443,555,567,589,601,626,638,673,698,710,125,125,145,145,145],"floor_reached":50,"playtime":2122,"items_purged":["Writhe"],"score":633,"play_id":"700d8604-c515-43ad-9ee0-a8f2d3dae1b5","local_time":"20190225153616","is_ascension_mode":true,"campfire_choices":[{"data":"White Noise","floor":6.0,"key":"SMITH"},{"floor":8.0,"key":"REST"},{"data":"Zap","floor":11.0,"key":"SMITH"},{"data":"White Noise","floor":15.0,"key":"SMITH"},{"floor":23.0,"key":"REST"},{"floor":27.0,"key":"REST"},{"floor":32,"key":"REST"},{"data":"Rainbow","floor":40,"key":"SMITH"},{"floor":42,"key":"REST"},{"floor":45,"key":"REST"},{"floor":49,"key":"REST"}],"neow_cost":"NONE","seed_source_timestamp":0,"circlet_count":0,"master_deck":["Strike_B","Strike_B","Defend_B","Defend_B","Defend_B","Defend_B","Zap+1","Dualcast","White Noise+1","Conserve Battery","Leap","Streamline","Storm","White Noise+1","Loop","Melter","Rainbow+1","Glacier+1","Storm","Defragment","Thunder Strike","BootSequence+1","Seek","Conserve Battery","Leap","White Noise","Stack+1","Defragment","Blind"],"special_seed":0,"relics":["Sozu","Odd Mushroom","Smiling Mask","Oddly Smooth Stone","PreservedInsect","Busted Crown","MawBank","Happy Flower","Shuriken","Meat on the Bone","Runic Pyramid","Shovel","Potion Belt","Blood Vial","Singing Bowl"],"potions_floor_usage":[],"damage_taken":[{"damage":1.0,"enemies":"Cultist","floor":1.0,"turns":4.0},{"damage":7.0,"enemies":"Jaw Worm","floor":2.0,"turns":3.0},{"damage":2.0,"enemies":"2 Louse","floor":5.0,"turns":2.0},{"damage":13.0,"enemies":"The Mushroom Lair","floor":7.0,"turns":3.0},{"damage":20.0,"enemies":"3 Sentries","floor":10.0,"turns":9.0},{"damage":4.0,"enemies":"Lagavulin","floor":12.0,"turns":6.0},{"damage":2.0,"enemies":"The Guardian","floor":16.0,"turns":9.0},{"damage":3.0,"enemies":"Spheric Guardian","floor":18.0,"turns":3.0},{"damage":23.0,"enemies":"2 Thieves","floor":19.0,"turns":4.0},{"damage":20.0,"enemies":"Cultist and Chosen","floor":20.0,"turns":5.0},{"damage":27.0,"enemies":"Book of Stabbing","floor":25.0,"turns":3.0},{"damage":13.0,"enemies":"Centurion and Healer","floor":28.0,"turns":5.0},{"damage":32.0,"enemies":"Gremlin Leader","floor":29.0,"turns":5.0},{"damage":27,"enemies":"Collector","floor":33,"turns":5},{"damage":22,"enemies":"3 Darklings","floor":35,"turns":5},{"damage":0,"enemies":"3 Shapes","floor":36,"turns":4},{"damage":0,"enemies":"Mind Bloom Boss Battle","floor":37,"turns":5},{"damage":17,"enemies":"Writhing Mass","floor":39,"turns":5},{"damage":26,"enemies":"3 Darklings","floor":41,"turns":5},{"damage":13,"enemies":"Spire Growth","floor":44,"turns":6},{"damage":26,"enemies":"Jaw Worm Horde","floor":48,"turns":4},{"damage":89,"enemies":"Awakened One","floor":50,"turns":6}],"seed_played":"-8452765992678172327","potions_obtained":[],"is_trial":false,"path_per_floor":["M","M","?","$","M","R","?","R","T","E","R","E","?","$","R","B",null,"M","M","M","$","?","R","$","E","T","R","M","E","?","T","R","B",null,"M","M","?","?","M","R","M","R","T","M","R","$","?","M","R","B"],"character_chosen":"DEFECT","items_purchased":["Conserve Battery","Leap","Loop","Melter","Storm","Defragment","Thunder Strike","Blood Vial","Singing Bowl","Defragment","Blind"],"campfire_rested":7,"item_purchase_floors":[4,4,14,14,21,24,24,46,46,46,46],"current_hp_per_floor":[74,67,60,60,58,58,45,67,67,47,47,43,48,48,48,46,72,69,46,26,26,26,50,50,23,23,47,34,2,28,28,52,37,69,47,47,47,67,50,50,36,60,60,47,71,71,71,49,73,0],"gold":145,"neow_bonus":"BOSS_RELIC","is_prod":false,"is_daily":false,"chose_seed":false,"campfire_upgraded":4,"win_rate":0,"timestamp":1551130576,"path_taken":["M","?","?","$","M","R","?","R","T","E","R","E","?","?","R","BOSS","M","M","M","$","?","R","$","E","T","R","M","E","?","?","R","BOSS","M","?","?","?","M","R","M","R","T","M","R","$","?","M","R","BOSS"],"build_version":"2019-01-23","purchased_purges":1,"victory":false,"max_hp_per_floor":[75,75,75,75,75,75,75,75,75,75,75,75,80,80,80,80,80,80,80,80,80,80,80,80,80,80,80,80,80,80,80,80,80,80,80,80,80,80,80,80,80,80,80,80,80,80,80,82,82,82],"card_choices":[{"not_picked":["Self Repair","Blizzard"],"picked":"White Noise","floor":1.0},{"not_picked":["Turbo","Barrage","Compile Driver"],"picked":"SKIP","floor":2.0},{"not_picked":["Darkness","Redo","Steam"],"picked":"SKIP","floor":5.0},{"not_picked":["Coolheaded","Hologram"],"picked":"Streamline","floor":7.0},{"not_picked":["Rebound","Hyperbeam"],"picked":"Storm","floor":10.0},{"not_picked":["Consume","Compile Driver"],"picked":"White Noise","floor":12.0},{"not_picked":["All For One","Thunder Strike"],"picked":"Rainbow","floor":16.0},{"not_picked":["Rebound"],"picked":"SKIP","floor":18.0},{"not_picked":["Beam Cell"],"picked":"SKIP","floor":19.0},{"not_picked":[],"picked":"Glacier+1","floor":20.0},{"not_picked":[],"picked":"BootSequence+1","floor":25.0},{"not_picked":["Coolheaded"],"picked":"SKIP","floor":28.0},{"not_picked":["Reprogram"],"picked":"SKIP","floor":29.0},{"not_picked":[],"picked":"Seek","floor":33},{"not_picked":[],"picked":"Conserve Battery","floor":35},{"not_picked":[],"picked":"Leap","floor":36},{"not_picked":["Rebound"],"picked":"SKIP","floor":39},{"not_picked":[],"picked":"White Noise","floor":41},{"not_picked":[],"picked":"Stack+1","floor":44},{"not_picked":["Coolheaded+1"],"picked":"Singing Bowl","floor":48}],"player_experience":588034,"relics_obtained":[{"floor":7.0,"key":"Odd Mushroom"},{"floor":9.0,"key":"Smiling Mask"},{"floor":10.0,"key":"Oddly Smooth Stone"},{"floor":12.0,"key":"PreservedInsect"},{"floor":25.0,"key":"MawBank"},{"floor":26.0,"key":"Happy Flower"},{"floor":29.0,"key":"Shuriken"},{"floor":31.0,"key":"Meat on the Bone"},{"floor":37,"key":"Shovel"},{"floor":43,"key":"Potion Belt"}],"event_choices":[{"cards_removed":["Strike_B"],"damage_healed":0.0,"max_hp_gain":0.0,"max_hp_loss":0.0,"gold_gain":0.0,"event_name":"Golden Wing","player_choice":"Card Removal","floor":3.0,"gold_loss":0.0,"damage_taken":7.0},{"damage_healed":0.0,"max_hp_gain":0.0,"max_hp_loss":0.0,"gold_gain":0.0,"event_name":"Mushrooms","player_choice":"Fought Mushrooms","floor":7.0,"gold_loss":0.0,"damage_taken":0.0},{"damage_healed":0.0,"max_hp_gain":5.0,"max_hp_loss":0.0,"gold_gain":0.0,"event_name":"Big Fish","player_choice":"Donut","floor":13.0,"gold_loss":0.0,"damage_taken":0.0},{"damage_healed":0.0,"max_hp_gain":0.0,"max_hp_loss":0.0,"gold_gain":99.0,"event_name":"Nest","player_choice":"Stole From Cult","floor":22.0,"gold_loss":0.0,"damage_taken":0.0},{"damage_healed":26.0,"max_hp_gain":0.0,"max_hp_loss":0.0,"gold_gain":0.0,"event_name":"The Library","player_choice":"Heal","floor":30.0,"gold_loss":0.0,"damage_taken":0.0},{"damage_healed":0,"gold_gain":0,"player_choice":"Fight","damage_taken":0,"max_hp_gain":0,"max_hp_loss":0,"event_name":"MindBloom","floor":37,"gold_loss":0},{"damage_healed":20,"gold_gain":0,"player_choice":"Writhe","damage_taken":0,"max_hp_gain":0,"max_hp_loss":0,"event_name":"Winding Halls","floor":38,"gold_loss":0,"cards_obtained":["Writhe"]},{"cards_removed":["Strike_B"],"damage_healed":0,"gold_gain":0,"player_choice":"Removed Attack","damage_taken":0,"max_hp_gain":0,"max_hp_loss":0,"event_name":"Falling","floor":47,"gold_loss":0}],"is_beta":false,"boss_relics":[{"not_picked":["Empty Cage","Pandora\u0027s Box"],"picked":"Busted Crown"},{"not_picked":["Calling Bell","Snecko Eye"],"picked":"Runic Pyramid"}],"items_purged_floors":[46],"is_endless":false,"potions_floor_spawned":[1,2,12,20,25,28,41,44],"killed_by":"Awakened One","ascension_level":5}