{"gold_per_floor":[119,131,131,131,18,18,46,59,107,107,128,128,144,164,164,294,294,319,319,319,239,258,258,291,306,306,306,151,170,205,224,224,343,343,359,359,380,401,254,254,289,289,289,289,289,327,350,141,141,141],"floor_reached":50,"playtime":2791,"items_purged":["Regret","Parasite"],"score":897,"play_id":"b0e0f7d9-47ae-45d3-bbc3-2dee049a48f4","local_time":"20181222162709","is_ascension_mode":true,"campfire_choices":[{"data":"Neutralize","floor":6,"key":"SMITH"},{"floor":12,"key":"DIG"},{"floor":15,"key":"DIG"},{"floor":23,"key":"DIG"},{"floor":32,"key":"DIG"},{"floor":40,"key":"DIG"},{"floor":42,"key":"DIG"},{"floor":44,"key":"DIG"},{"floor":49,"key":"DIG"}],"neow_cost":"NONE","seed_source_timestamp":165369349754437,"circlet_count":0,"master_deck":["Defend_G","Defend_G+1","Defend_G","Defend_G","Defend_G","Strike_G","Strike_G","Strike_G","Strike_G","Strike_G","Survivor","Neutralize+1","Catalyst","Noxious Fumes","Deadly Poison+1","Poisoned Stab","Leg Sweep","PiercingWail","Bullet Time+1","Corpse Explosion","Distraction","Ghostly","Ghostly","Ghostly","Ghostly","Ghostly","Blur","Bouncing Flask","Expertise","Calculated Gamble+1","Deadly Poison","Venomology","Deadly Poison+1","Footwork+1","Predator+1","Noxious Fumes","Crippling Poison+1"],"relics":["Ring of the Serpent","NeowsBlessing","Snake Skull","Centennial Puzzle","Shovel","Vajra","Golden Idol","War Paint","Juzu Bracelet","Dream Catcher","Ornamental Fan","Meat on the Bone","Kunai","Blood Vial","Lantern","Bronze Scales","Cursed Key","PreservedInsect","Toxic Egg 2","Bottled Lightning","Bag of Marbles","Anchor","Girya","Ninja Scroll","Sundial"],"potions_floor_usage":[13,16,30,33,33,41,46,47,50,50,50,50],"damage_taken":[{"damage":0,"enemies":"Small Slimes","floor":1,"turns":1},{"damage":0,"enemies":"Jaw Worm","floor":2,"turns":1},{"damage":0,"enemies":"Gremlin Nob","floor":7,"turns":1},{"damage":0,"enemies":"2 Louse","floor":8,"turns":3},{"damage":4,"enemies":"Looter","floor":11,"turns":3},{"damage":7,"enemies":"Exordium Wildlife","floor":13,"turns":3},{"damage":0,"enemies":"Large Slime","floor":14,"turns":4},{"damage":14,"enemies":"Slime Boss","floor":16,"turns":9},{"damage":0,"enemies":"3 Byrds","floor":18,"turns":3},{"damage":6,"enemies":"Shell Parasite","floor":22,"turns":5},{"damage":3,"enemies":"Slavers","floor":24,"turns":5},{"damage":9,"enemies":"Centurion and Healer","floor":25,"turns":8},{"damage":6,"enemies":"Snake Plant","floor":29,"turns":4},{"damage":10,"enemies":"Book of Stabbing","floor":30,"turns":6},{"damage":3,"enemies":"Shelled Parasite and Fungi","floor":31,"turns":4},{"damage":23,"enemies":"Automaton","floor":33,"turns":8},{"damage":2,"enemies":"Orb Walker","floor":35,"turns":5},{"damage":6,"enemies":"3 Shapes","floor":37,"turns":5},{"damage":2,"enemies":"Maw","floor":38,"turns":5},{"damage":1,"enemies":"Giant Head","floor":41,"turns":6},{"damage":7,"enemies":"Nemesis","floor":46,"turns":7},{"damage":5,"enemies":"Sphere and 2 Shapes","floor":47,"turns":5},{"damage":20,"enemies":"Donu and Deca","floor":50,"turns":4}],"seed_played":"2918372055900737927","potions_obtained":[{"floor":1,"key":"SteroidPotion"},{"floor":2,"key":"Swift Potion"},{"floor":22,"key":"Strength Potion"},{"floor":29,"key":"AttackPotion"},{"floor":30,"key":"Block Potion"},{"floor":33,"key":"Dexterity Potion"},{"floor":35,"key":"Energy Potion"},{"floor":37,"key":"LiquidBronze"}],"is_trial":false,"path_per_floor":["M","M","?","?","$","R","E","M","T","?","M","R","M","M","R","B",null,"M","$","?","$","M","R","E","M","T","T","$","M","E","M","R","B",null,"M","?","M","M","$","R","E","R","T","R","?","E","M","$","R","B"],"character_chosen":"THE_SILENT","items_purchased":["Noxious Fumes","Blur","Blood Vial","PreservedInsect","Noxious Fumes","Crippling Poison+1"],"campfire_rested":0,"item_purchase_floors":[5,21,28,39,48,48],"current_hp_per_floor":[63,63,56,56,56,56,56,56,56,56,52,52,45,45,45,31,57,57,57,32,32,26,26,23,14,14,14,14,22,26,25,25,16,28,28,28,24,24,24,24,25,25,25,25,25,20,17,17,17,0],"gold":141,"neow_bonus":"THREE_ENEMY_KILL","is_prod":false,"is_daily":false,"chose_seed":false,"campfire_upgraded":1,"win_rate":0,"timestamp":1545514029,"path_taken":["M","M","?","?","?","R","E","?","T","?","M","R","M","M","R","BOSS","M","$","?","$","M","R","E","M","T","?","?","M","E","M","R","BOSS","M","?","M","M","$","R","E","R","T","R","?","E","M","$","R","BOSS"],"build_version":"2018-12-20","purchased_purges":2,"victory":false,"max_hp_per_floor":[70,70,70,70,70,70,70,70,70,65,65,65,65,65,65,65,65,65,65,32,32,32,32,32,32,32,32,32,32,32,32,32,32,32,32,30,30,30,30,30,30,30,30,30,30,30,30,27,27,27],"card_choices":[{"not_picked":["Dagger Throw","Slice"],"picked":"Catalyst","floor":1},{"not_picked":["Quick Slash","Underhanded Strike","Setup"],"picked":"SKIP","floor":2},{"not_picked":["Reflex","Quick Slash"],"picked":"Deadly Poison","floor":7},{"not_picked":["Reflex","Eviscerate"],"picked":"Poisoned Stab","floor":8},{"not_picked":["Setup","Underhanded Strike"],"picked":"Leg Sweep","floor":11},{"not_picked":["Quick Slash","Accuracy"],"picked":"PiercingWail","floor":13},{"not_picked":["Blade Dance","Expertise"],"picked":"Bullet Time","floor":14},{"not_picked":["Tools of the Trade","Adrenaline"],"picked":"Corpse Explosion","floor":16},{"not_picked":["Riddle With Holes","Cloak And Dagger+1"],"picked":"Distraction","floor":18},{"not_picked":["Flying Knee","Underhanded Strike+1","Prepared"],"picked":"SKIP","floor":22},{"not_picked":["Blur","Dagger Throw"],"picked":"Bouncing Flask","floor":24},{"not_picked":["Bane","Leg Sweep"],"picked":"Expertise","floor":25},{"not_picked":["Tactician+1","Underhanded Strike","Phantasmal Killer"],"picked":"SKIP","floor":29},{"not_picked":["Unload","Skewer"],"picked":"Calculated Gamble+1","floor":30},{"not_picked":["Infinite Blades","Reflex"],"picked":"Deadly Poison","floor":31},{"not_picked":["Night Terror","Glass Knife"],"picked":"Venomology","floor":33},{"not_picked":["Flying Knee","Setup"],"picked":"Deadly Poison+1","floor":35},{"not_picked":["Poisoned Stab+1","Flechettes"],"picked":"Footwork+1","floor":37},{"not_picked":["Bane","Quick Slash+1","Endless Agony+1"],"picked":"SKIP","floor":38},{"not_picked":["Flying Knee","Cloak And Dagger+1","Underhanded Strike"],"picked":"SKIP","floor":41},{"not_picked":["Outmaneuver+1","Blur+1"],"picked":"Predator+1","floor":46},{"not_picked":["Blade Dance+1","Leg Sweep+1","Flying Knee+1"],"picked":"SKIP","floor":47}],"player_experience":346641,"relics_obtained":[{"floor":7,"key":"Shovel"},{"floor":9,"key":"Vajra"},{"floor":12,"key":"War Paint"},{"floor":15,"key":"Juzu Bracelet"},{"floor":23,"key":"Dream Catcher"},{"floor":24,"key":"Ornamental Fan"},{"floor":26,"key":"Meat on the Bone"},{"floor":27,"key":"Kunai"},{"floor":30,"key":"Lantern"},{"floor":32,"key":"Bronze Scales"},{"floor":40,"key":"Toxic Egg 2"},{"floor":41,"key":"Bottled Lightning"},{"floor":42,"key":"Bag of Marbles"},{"floor":43,"key":"Anchor"},{"floor":44,"key":"Girya"},{"floor":46,"key":"Ninja Scroll"},{"floor":49,"key":"Sundial"}],"event_choices":[{"damage_healed":0,"gold_gain":0,"player_choice":"Success","damage_taken":7,"relics_obtained":["Snake Skull"],"max_hp_gain":0,"max_hp_loss":0,"event_name":"Scrap Ooze","floor":3,"gold_loss":0},{"damage_healed":0,"gold_gain":0,"player_choice":"Box","damage_taken":0,"relics_obtained":["Centennial Puzzle"],"max_hp_gain":0,"max_hp_loss":0,"event_name":"Big Fish","floor":4,"gold_loss":0,"cards_obtained":["Regret"]},{"damage_healed":0,"gold_gain":0,"player_choice":"Lose Max HP","damage_taken":0,"relics_obtained":["Golden Idol"],"max_hp_gain":0,"max_hp_loss":5,"event_name":"Golden Idol","floor":10,"gold_loss":0},{"damage_healed":0,"gold_gain":0,"player_choice":"Became a Ghost","damage_taken":0,"max_hp_gain":0,"max_hp_loss":33,"event_name":"Ghosts","floor":20,"gold_loss":0,"cards_obtained":["Ghostly","Ghostly","Ghostly","Ghostly","Ghostly"]},{"damage_healed":0,"gold_gain":0,"player_choice":"Max HP","damage_taken":0,"max_hp_gain":0,"max_hp_loss":2,"event_name":"Winding Halls","floor":36,"gold_loss":0},{"damage_healed":0,"gold_gain":0,"player_choice":"Forge","damage_taken":0,"max_hp_gain":0,"max_hp_loss":0,"event_name":"Accursed Blacksmith","floor":45,"gold_loss":0,"cards_upgraded":["Bullet Time"]}],"is_beta":false,"boss_relics":[{"not_picked":["Fusion Hammer","White Beast Statue"],"picked":"Ring of the Serpent"},{"not_picked":["Runic Dome","Eternal Feather"],"picked":"Cursed Key"}],"items_purged_floors":[5,48],"is_endless":false,"potions_floor_spawned":[1,2,22,29,30,33,35,37,47],"killed_by":"Donu and Deca","ascension_level":7}