{"path_per_floor":["M","M","$","?","M","E","R","M","T","M","?","M","E","M","R","B",null,"M","?","M"],"character_chosen":"IRONCLAD","items_purchased":["Pommel Strike"],"gold_per_floor":[109,119,71,21,31,56,56,73,73,93,93,113,138,151,151,254,254,272,522,537],"floor_reached":21,"campfire_rested":0,"playtime":899,"current_hp_per_floor":[76,80,80,80,80,50,50,35,35,41,34,40,46,52,52,15,80,39,39,14],"items_purged":[],"gold":537,"score":218,"play_id":"57ab8aeb-6f6e-4bd6-aef4-362b31b93442","is_prod":false,"is_daily":false,"is_ascension_mode":false,"campfire_upgraded":2,"path_taken":["M","M","$","?","M","E","R","M","T","M","?","M","E","?","R","BOSS","M","?","M","M"],"build_version":"2018-02-22-PROD2","purchased_purges":0,"victory":false,"master_deck":["Strike_R","Strike_R","Strike_R","Strike_R","Strike_R","Defend_R","Defend_R","Defend_R","Bash+1","Pommel Strike","Pommel Strike","Wild Strike","Seeing Red+1","Thunderclap","Twin Strike","Offering","Twin Strike","Twin Strike","Feed","Doubt","Doubt","Decay","Regret","Seeing Red"],"max_hp_per_floor":[80,80,80,80,80,80,80,80,80,80,80,80,80,80,80,80,80,83,83,83],"relics":["Burning Blood","Pantograph","Red Skull","Bronze Scales","Calling Bell","Juzu Bracelet","Pen Nib","Oddly Smooth Stone"],"card_choices":[{"not_picked":["Clothesline","Dual Wield"],"picked":"Pommel Strike"},{"not_picked":["Intimidate","Second Wind"],"picked":"Wild Strike"},{"not_picked":["Flex","Heavy Blade"],"picked":"Seeing Red"},{"not_picked":["Cleave","Corruption"],"picked":"Thunderclap"},{"not_picked":["True Grit","Intimidate"],"picked":"Twin Strike"},{"not_picked":["Reckless Charge","Clothesline"],"picked":"Offering"},{"not_picked":["Immolate","Combust"],"picked":"Twin Strike"},{"not_picked":["Heavy Blade","Cleave"],"picked":"Twin Strike"},{"not_picked":["Berserk","Dark Embrace"],"picked":"Feed"},{"not_picked":["Carnage","Anger"],"picked":"Seeing Red"}],"player_experience":43004,"potions_floor_usage":[12,13,16],"damage_taken":[{"damage":10,"enemies":"Small Slimes","floor":1,"turns":3},{"damage":1,"enemies":"Jaw Worm","floor":2,"turns":3},{"damage":5,"enemies":"2 Louse","floor":5,"turns":3},{"damage":36,"enemies":"Lagavulin","floor":6,"turns":5},{"damage":21,"enemies":"Exordium Thugs","floor":8,"turns":4},{"damage":0,"enemies":"3 Louse","floor":10,"turns":2},{"damage":0,"enemies":"Gremlin Gang","floor":12,"turns":3},{"damage":0,"enemies":"Gremlin Nob","floor":13,"turns":2},{"damage":0,"enemies":"2 Fungi Beasts","floor":14,"turns":2},{"damage":68,"enemies":"The Guardian","floor":16,"turns":9},{"damage":50,"enemies":"2 Thieves","floor":18,"turns":4},{"damage":31,"enemies":"3 Byrds","floor":20,"turns":4},{"damage":11,"enemies":"Snecko","floor":21,"turns":3}],"event_choices":[{"event_name":"The Cleric","player_choice":"Card Removal","floor":4,"damage_taken":0},{"event_name":"Scrap Ooze","player_choice":"success","floor":11,"damage_taken":7},{"event_name":"Golden Shrine","player_choice":"Desecrate","floor":19,"damage_taken":0}],"boss_relics":[{"not_picked":["Velvet Choker","Question Card"],"picked":"Calling Bell"}],"potions_floor_spawned":[6,8,10],"seed_played":"-1770421705792160011","killed_by":"Snecko","ascension_level":0,"is_trial":false}