{"gold_per_floor":[119,136,136,156,173,173,13,24,24,24,24,0,0,26,26,26],"floor_reached":16,"playtime":1535,"items_purged":[],"score":90,"play_id":"5e3b2ba2-c1f3-4157-9863-8245fe1fd7d4","local_time":"20190227151450","is_ascension_mode":false,"campfire_choices":[{"data":"Infinite Blades","floor":6,"key":"SMITH"},{"data":"Footwork","floor":11,"key":"SMITH"},{"data":"Neutralize","floor":13,"key":"SMITH"},{"data":"Dodge and Roll","floor":15,"key":"SMITH"}],"neow_cost":"NONE","seed_source_timestamp":7357554221900,"circlet_count":0,"master_deck":["Defend_G","Defend_G","Defend_G","Defend_G","Defend_G","Strike_G","Strike_G","Strike_G","Strike_G","Strike_G","Survivor","Neutralize+1","Deflect","Riddle With Holes","Reflex","Infinite Blades+1","Footwork+1","Backstab","Dagger Throw","Prepared","Dodge and Roll+1"],"relics":["Ring of the Snake","NeowsBlessing","Meat on the Bone","Odd Mushroom"],"potions_floor_usage":[],"damage_taken":[{"damage":0,"enemies":"Jaw Worm","floor":1,"turns":1},{"damage":0,"enemies":"Cultist","floor":2,"turns":1},{"damage":0,"enemies":"Small Slimes","floor":4,"turns":1},{"damage":5,"enemies":"2 Fungi Beasts","floor":5,"turns":5},{"damage":2,"enemies":"Blue Slaver","floor":8,"turns":4},{"damage":0,"enemies":"The Mushroom Lair","floor":14,"turns":5},{"damage":64,"enemies":"Slime Boss","floor":16,"turns":11}],"seed_played":"-5452888806065317793","potions_obtained":[{"floor":4,"key":"LiquidBronze"},{"floor":8,"key":"Block Potion"}],"is_trial":false,"path_per_floor":["M","M","?","M","M","R","$","M","T","?","R","?","R","?","R","B"],"character_chosen":"THE_SILENT","items_purchased":["Footwork","Backstab","Dagger Throw"],"campfire_rested":0,"item_purchase_floors":[7,7,7],"current_hp_per_floor":[70,70,70,70,65,65,65,63,63,63,63,63,63,63,63,0],"gold":26,"neow_bonus":"THREE_ENEMY_KILL","is_prod":false,"is_daily":false,"chose_seed":false,"campfire_upgraded":4,"win_rate":0.0,"timestamp":1551309290,"path_taken":["M","M","?","?","M","R","?","M","T","?","R","?","R","?","R","BOSS"],"build_version":"2019-01-23","purchased_purges":0,"victory":false,"max_hp_per_floor":[70,70,70,70,70,70,70,70,70,70,70,70,70,70,70,70],"card_choices":[{"not_picked":["PiercingWail","Outmaneuver"],"picked":"Deflect","floor":1},{"not_picked":["Poisoned Stab","Bane"],"picked":"Riddle With Holes","floor":2},{"not_picked":["Outmaneuver","Slice"],"picked":"Reflex","floor":4},{"not_picked":["Underhanded Strike","Quick Slash"],"picked":"Infinite Blades","floor":5},{"not_picked":["Eviscerate","Bane"],"picked":"Prepared","floor":8},{"not_picked":["Escape Plan","Poisoned Stab"],"picked":"Dodge and Roll","floor":14}],"player_experience":11096,"relics_obtained":[{"floor":9,"key":"Meat on the Bone"},{"floor":14,"key":"Odd Mushroom"}],"event_choices":[{"damage_healed":0,"gold_gain":0,"player_choice":"Ignored","damage_taken":0,"max_hp_gain":0,"max_hp_loss":0,"event_name":"Purifier","floor":3,"gold_loss":0},{"damage_healed":0,"gold_gain":0,"player_choice":"Ignored","damage_taken":0,"max_hp_gain":0,"max_hp_loss":0,"event_name":"Liars Game","floor":10,"gold_loss":0},{"damage_healed":0,"gold_gain":0,"player_choice":"Left Gold","damage_taken":0,"max_hp_gain":0,"max_hp_loss":0,"event_name":"World of Goop","floor":12,"gold_loss":24},{"damage_healed":0,"gold_gain":0,"player_choice":"Fought Mushrooms","damage_taken":0,"max_hp_gain":0,"max_hp_loss":0,"event_name":"Mushrooms","floor":14,"gold_loss":0}],"is_beta":false,"boss_relics":[],"items_purged_floors":[],"is_endless":false,"potions_floor_spawned":[4,8],"killed_by":"Slime Boss","ascension_level":0}