{"path_per_floor":["M","$","M","M","M","R","?","M","T","R","?","M","R","M","R","B",null,"M","M","M","?","$","?"],"character_chosen":"THE_SILENT","items_purchased":["Riddle With Holes","Dagger Spray","Dodge and Roll","Noxious Fumes","Shuriken"],"gold_per_floor":[218,80,100,117,131,131,155,166,166,166,166,180,180,190,190,292,292,312,325,342,342,18,18],"floor_reached":24,"campfire_rested":2,"playtime":1167,"current_hp_per_floor":[54,54,54,54,25,46,18,18,18,39,39,34,34,34,34,28,70,27,27,20,20,20,20],"items_purged":[],"gold":18,"score":228,"play_id":"1028aa9b-3c23-407d-a859-83c1370f55a3","local_time":"20180310232235","is_prod":false,"is_daily":false,"is_ascension_mode":true,"campfire_upgraded":0,"timestamp":1520742155,"path_taken":["M","$","M","M","M","R","?","M","T","R","?","M","R","M","R","BOSS","M","M","M","?","$","?","M"],"build_version":"2018-03-09","purchased_purges":0,"victory":false,"master_deck":["Defend_G","Defend_G","Defend_G","Defend_G","Defend_G","Strike_G","Strike_G","Strike_G","Strike_G","Survivor","Neutralize","Dodge and Roll","Riddle With Holes+1","Dagger Spray","Dodge and Roll","Footwork","Footwork","Noxious Fumes","Dagger Spray","Cloak And Dagger","Storm of Steel","Noxious Fumes","Dagger Spray","Noxious Fumes"],"max_hp_per_floor":[70,70,70,70,70,70,70,70,70,70,70,70,70,70,70,70,70,70,70,70,70,70,70],"relics":["Ring of the Snake","Odd Mushroom","Girya","Sozu","Shuriken"],"card_choices":[{"not_picked":["Deflect","Distraction"],"picked":"Dodge and Roll"},{"not_picked":["Backflip","Noxious Fumes"],"picked":"Footwork"},{"not_picked":["Prepared","Flying Knee"],"picked":"Footwork"},{"not_picked":["Poisoned Stab","Quick Slash"],"picked":"Noxious Fumes"},{"not_picked":["Endless Agony","Storm of Steel"],"picked":"Dagger Spray"},{"not_picked":["Crippling Poison","Setup"],"picked":"Cloak And Dagger"},{"not_picked":["Phantasmal Killer","After Image"],"picked":"Storm of Steel"},{"not_picked":["PiercingWail","Heel Hook"],"picked":"Noxious Fumes"},{"not_picked":["Terror","Backflip"],"picked":"Dagger Spray"}],"player_experience":234257,"potions_floor_usage":[8,16,16,16],"damage_taken":[{"damage":16,"enemies":"Jaw Worm","floor":1,"turns":6},{"damage":0,"enemies":"Small Slimes","floor":3,"turns":3},{"damage":0,"enemies":"2 Louse","floor":4,"turns":2},{"damage":29,"enemies":"Gremlin Gang","floor":5,"turns":5},{"damage":28,"enemies":"The Mushroom Lair","floor":7,"turns":6},{"damage":0,"enemies":"Looter","floor":8,"turns":4},{"damage":5,"enemies":"Lots of Slimes","floor":12,"turns":4},{"damage":0,"enemies":"Gremlin Gang","floor":14,"turns":3},{"damage":6,"enemies":"Slime Boss","floor":16,"turns":6},{"damage":43,"enemies":"2 Thieves","floor":18,"turns":4},{"damage":0,"enemies":"3 Byrds","floor":19,"turns":4},{"damage":7,"enemies":"Snecko","floor":20,"turns":6},{"damage":21,"enemies":"Snake Plant","floor":24,"turns":3}],"event_choices":[{"event_name":"Mushrooms","player_choice":"Fought Mushrooms","floor":7,"damage_taken":0},{"event_name":"Living Wall","player_choice":"Forget","floor":11,"damage_taken":0},{"event_name":"Cursed Tome","player_choice":"Ignored","floor":21,"damage_taken":0},{"event_name":"Upgrade Shrine","player_choice":"Upgraded","floor":23,"damage_taken":0}],"boss_relics":[{"not_picked":["Runic Pyramid","The Specimen"],"picked":"Sozu"}],"potions_floor_spawned":[3,7,8,14,18,20],"seed_played":"1496165672186217008","killed_by":"Snake Plant","ascension_level":4,"is_trial":false}