{"path_per_floor":["M","?","M","?","M","R","E","R","T","M","R","E","M","M","R","B",null,"M","M","T","M","?","R","E","R","T","E","M","R","?","$","R","B",null,"M","$","?","M","M","E","R","E","T","R","M","?","$","?","R","B"],"character_chosen":"DEFECT","items_purchased":["Matryoshka","Flash of Steel"],"gold_per_floor":[115,115,133,133,144,144,171,171,171,184,184,212,230,247,247,351,351,369,382,382,399,399,399,429,429,454,480,499,499,499,60,60,159,159,173,73,73,91,104,139,139,165,165,165,178,178,53,53,53,53],"floor_reached":51,"campfire_rested":3,"playtime":2628,"item_purchase_floors":[31,31],"current_hp_per_floor":[75,75,75,60,60,60,74,74,74,73,73,73,73,73,73,60,89,89,89,89,89,89,89,78,78,78,72,53,53,53,53,53,20,89,89,89,78,73,30,5,31,8,8,34,35,25,25,25,51,76],"items_purged":["Defend_B","Strike_B","Defend_B"],"gold":53,"score":878,"play_id":"d74ea5b2-496d-4812-a789-b1c05a65e751","local_time":"20180602231314","is_prod":false,"is_daily":false,"chose_seed":false,"is_ascension_mode":true,"campfire_upgraded":8,"win_rate":0,"timestamp":1527948794,"campfire_choices":[{"data":"Dualcast","floor":6.0,"key":"SMITH"},{"data":"Auto Shields","floor":8.0,"key":"SMITH"},{"data":"Ball Lightning","floor":11.0,"key":"SMITH"},{"data":"Redo","floor":15,"key":"SMITH"},{"data":"White Noise","floor":23,"key":"SMITH"},{"data":"Thunder Strike","floor":25,"key":"SMITH"},{"data":"Redo","floor":29,"key":"SMITH"},{"data":"Flash of Steel","floor":32,"key":"SMITH"},{"floor":41,"key":"REST"},{"floor":44,"key":"REST"},{"floor":49,"key":"REST"}],"path_taken":["M","?","M","?","M","R","E","R","T","M","R","E","M","?","R","BOSS","M","M","?","?","?","R","E","R","T","E","M","R","?","$","R","BOSS","M","$","?","M","M","E","R","E","T","R","M","?","?","?","R","BOSS"],"build_version":"2018-05-31","seed_source_timestamp":0,"purchased_purges":3,"victory":true,"master_deck":["Strike_B+1","Strike_B+1","Defend_B+1","Zap+1","Dualcast+1","Ball Lightning+1","Auto Shields+1","Reboot","Redo+1","FTL+1","Thunder Strike+1","Ball Lightning+1","White Noise+1","Redo+1","Flash of Steel+1","Core Surge","Tempest","Madness","Madness","Skim+1","Scrape+1","Undo+1","Secret Technique","Master of Strategy"],"max_hp_per_floor":[75,75,75,75,75,75,89,89,89,89,89,89,89,89,89,89,89,89,89,89,89,89,89,89,89,89,89,89,89,89,89,89,89,89,89,89,89,89,89,89,89,89,89,89,89,89,89,89,89,89],"relics":["Cracked Core","Mango","Bird Faced Urn","Pantograph","Black Star","Letter Opener","Bronze Scales","Whetstone","Orichalcum","Juzu Bracelet","Oddly Smooth Stone","Matryoshka","Sozu","Thread and Needle","Ginger","Lantern","Bag of Marbles","Boot","Bag of Preparation"],"card_choices":[{"not_picked":["Beam Cell","Doom and Gloom","Leap"],"picked":"SKIP","floor":1.0},{"not_picked":["Rebound","Double Energy","Coolheaded"],"picked":"SKIP","floor":3.0},{"not_picked":["Cold Snap","Fusion"],"picked":"Ball Lightning","floor":5.0},{"not_picked":["Cold Snap","Conserve Battery"],"picked":"Auto Shields","floor":7.0},{"not_picked":["Ball Lightning","Redo"],"picked":"Reboot","floor":10.0},{"not_picked":["Streamline","Rebound"],"picked":"Redo","floor":12},{"not_picked":["Go for the Eyes","Cold Snap","Reinforced Body"],"picked":"SKIP","floor":13},{"not_picked":["Steam Power","Beam Cell"],"picked":"FTL","floor":14},{"not_picked":["Creative AI","Amplify"],"picked":"Thunder Strike","floor":16},{"not_picked":["Skim+1","Blizzard+1"],"picked":"Ball Lightning+1","floor":18},{"not_picked":["Conserve Battery","Reprogram+1"],"picked":"White Noise","floor":19},{"not_picked":["Aggregate+1","Barrage","Sweeping Beam"],"picked":"SKIP","floor":21},{"not_picked":["Turbo","Genetic Algorithm+1"],"picked":"Rebound+1","floor":24},{"not_picked":["Rebound","Auto Shields","Barrage"],"picked":"SKIP","floor":27},{"not_picked":["Streamline","Storm"],"picked":"Redo","floor":28},{"not_picked":["Hyperbeam","Amplify"],"picked":"Core Surge","floor":33},{"not_picked":["Barrage+1","White Noise"],"picked":"Tempest","floor":35},{"not_picked":["Genetic Algorithm","Gash","Reprogram"],"picked":"SKIP","floor":38},{"not_picked":["Beam Cell+1","Leap+1","Cold Snap+1"],"picked":"SKIP","floor":39},{"not_picked":["Ball Lightning","Skim+1","Beam Cell"],"picked":"SKIP","floor":40},{"not_picked":["Ball Lightning","Beam Cell"],"picked":"Skim+1","floor":40},{"not_picked":["Stack","Fission"],"picked":"Scrape+1","floor":42},{"not_picked":["Ball Lightning+1","Conserve Battery"],"picked":"Undo+1","floor":45},{"not_picked":["Jack Of All Trades","Dark Shackles"],"picked":"Secret Technique","floor":46},{"not_picked":["Secret Weapon","Jack Of All Trades"],"picked":"Master of Strategy","floor":46}],"player_experience":747242,"potions_floor_usage":[12,16,16,27,27,33],"damage_taken":[{"damage":0.0,"enemies":"Small Slimes","floor":1.0,"turns":3.0},{"damage":0.0,"enemies":"2 Louse","floor":3.0,"turns":2.0},{"damage":0.0,"enemies":"Jaw Worm","floor":5.0,"turns":3.0},{"damage":0.0,"enemies":"Lagavulin","floor":7.0,"turns":5.0},{"damage":1.0,"enemies":"Red Slaver","floor":10.0,"turns":3.0},{"damage":0,"enemies":"Gremlin Nob","floor":12,"turns":2},{"damage":0,"enemies":"Lots of Slimes","floor":13,"turns":1},{"damage":0,"enemies":"2 Fungi Beasts","floor":14,"turns":2},{"damage":29,"enemies":"Hexaghost","floor":16,"turns":7},{"damage":0,"enemies":"3 Byrds","floor":18,"turns":4},{"damage":0,"enemies":"Chosen","floor":19,"turns":3},{"damage":0,"enemies":"Centurion and Healer","floor":21,"turns":5},{"damage":13,"enemies":"Gremlin Leader","floor":24,"turns":7},{"damage":29,"enemies":"Slavers","floor":27,"turns":4},{"damage":21,"enemies":"Snecko","floor":28,"turns":4},{"damage":60,"enemies":"Champ","floor":33,"turns":7},{"damage":7,"enemies":"3 Shapes","floor":35,"turns":4},{"damage":5,"enemies":"Orb Walker","floor":38,"turns":2},{"damage":43,"enemies":"4 Shapes","floor":39,"turns":3},{"damage":27,"enemies":"Nemesis","floor":40,"turns":5},{"damage":23,"enemies":"2 Orb Walkers","floor":42,"turns":3},{"damage":1,"enemies":"3 Darklings","floor":45,"turns":3},{"damage":2,"enemies":"Donu and Deca","floor":50,"turns":5}],"relics_obtained":[{"floor":7.0,"key":"Mango"},{"floor":9.0,"key":"Bird Faced Urn"},{"floor":12,"key":"Pantograph"},{"floor":20,"key":"Letter Opener"},{"floor":24,"key":"Bronze Scales"},{"floor":24,"key":"Whetstone"},{"floor":26,"key":"Orichalcum"},{"floor":27,"key":"Juzu Bracelet"},{"floor":27,"key":"Oddly Smooth Stone"},{"floor":40,"key":"Thread and Needle"},{"floor":40,"key":"Ginger"},{"floor":42,"key":"Lantern"},{"floor":42,"key":"Bag of Marbles"},{"floor":43,"key":"Boot"},{"floor":43,"key":"Bag of Preparation"}],"event_choices":[{"event_name":"Living Wall","player_choice":"Forget","floor":2.0,"damage_taken":0.0},{"event_name":"Shining Light","player_choice":"Entered Light","floor":4.0,"damage_taken":0.0},{"event_name":"Drug Dealer","player_choice":"Ignored","floor":22,"damage_taken":0},{"event_name":"Bonfire Elementals","player_choice":"BASIC","floor":30,"damage_taken":0},{"event_name":"Winding Halls","player_choice":"Embrace Madness","floor":37,"damage_taken":0},{"event_name":"SensoryStone","player_choice":"Memory 3","floor":46,"damage_taken":0}],"boss_relics":[{"not_picked":["Velvet Choker","White Beast Statue"],"picked":"Black Star"},{"not_picked":["Inserter","Snecko Eye"],"picked":"Sozu"}],"items_purged_floors":[31,36,47],"potions_floor_spawned":[3,10,12,13,18,21,24,38,39],"seed_played":"-5241453168241283943","ascension_level":2,"potions_obtained":[{"floor":3.0,"key":"Fire Potion"},{"floor":10.0,"key":"FearPotion"},{"floor":12,"key":"Swift Potion"},{"floor":13,"key":"AttackPotion"},{"floor":18,"key":"Energy Potion"},{"floor":21,"key":"Regen Potion"},{"floor":24,"key":"PowerPotion"}],"is_trial":false}