{"gold_per_floor":[110,128,147,162,16,50,50,83,106,106],"floor_reached":10,"playtime":426,"items_purged":[],"score":98,"play_id":"86ce10f2-2e60-4dc2-98e6-2ceb96312343","local_time":"20181209095439","is_ascension_mode":true,"campfire_choices":[],"neow_cost":"NONE","seed_source_timestamp":1338760920119445,"circlet_count":0,"master_deck":["Defend_G","Defend_G","Defend_G","Defend_G","Defend_G","Strike_G","Strike_G","Strike_G","Strike_G","Strike_G","Survivor","Neutralize","Choke","Acrobatics","Catalyst","Footwork","Venomology","Bouncing Flask"],"relics":["Ring of the Snake","PreservedInsect","Pen Nib","Strawberry","Vajra","Smiling Mask","Regal Pillow"],"potions_floor_usage":[4,6,8,10],"damage_taken":[{"damage":10,"enemies":"Cultist","floor":1,"turns":5},{"damage":5,"enemies":"Small Slimes","floor":2,"turns":3},{"damage":3,"enemies":"Jaw Worm","floor":3,"turns":5},{"damage":1,"enemies":"Large Slime","floor":4,"turns":4},{"damage":28,"enemies":"Gremlin Nob","floor":6,"turns":4},{"damage":20,"enemies":"Lagavulin","floor":8,"turns":6},{"damage":3,"enemies":"3 Sentries","floor":10,"turns":2}],"seed_played":"-3719732228818047005","potions_obtained":[{"floor":3,"key":"SkillPotion"},{"floor":4,"key":"SkillPotion"}],"is_trial":false,"path_per_floor":["M","M","M","M","$","E","?","E","T","E"],"character_chosen":"THE_SILENT","items_purchased":["Pen Nib"],"campfire_rested":0,"item_purchase_floors":[5],"current_hp_per_floor":[60,55,52,51,51,30,23,3,3,0],"gold":106,"neow_bonus":"RANDOM_COMMON_RELIC","is_prod":false,"is_daily":false,"chose_seed":false,"campfire_upgraded":0,"win_rate":0,"timestamp":1544367279,"path_taken":["M","?","M","M","?","E","?","E","T","E"],"build_version":"2018-12-06","purchased_purges":0,"victory":false,"max_hp_per_floor":[70,70,70,70,70,77,77,77,77,77],"card_choices":[{"not_picked":["Deflect","Backflip"],"picked":"Choke","floor":1},{"not_picked":["Bane","Outmaneuver"],"picked":"Acrobatics","floor":2},{"not_picked":["Sucker Punch","Prepared"],"picked":"Catalyst","floor":3},{"not_picked":["Quick Slash","Catalyst"],"picked":"Footwork","floor":4},{"not_picked":["Terror","Escape Plan"],"picked":"Venomology","floor":6},{"not_picked":["Reflex","Cloak And Dagger"],"picked":"Bouncing Flask","floor":8}],"player_experience":274332,"relics_obtained":[{"floor":6,"key":"Strawberry"},{"floor":8,"key":"Smiling Mask"},{"floor":9,"key":"Regal Pillow"}],"event_choices":[{"damage_healed":0,"gold_gain":0,"player_choice":"Success","damage_taken":7,"relics_obtained":["Vajra"],"max_hp_gain":0,"max_hp_loss":0,"event_name":"Scrap Ooze","floor":7,"gold_loss":0}],"is_beta":false,"boss_relics":[],"items_purged_floors":[],"is_endless":false,"potions_floor_spawned":[3,4],"killed_by":"3 Sentries","ascension_level":5}