{"gold_per_floor":[111,129,129,148,160,160,178,191,191,116,145,145,160,235,235,235],"floor_reached":16,"playtime":584,"items_purged":["Strike_R"],"score":188,"play_id":"5643f956-70f5-4b0d-9fd8-a1f67f6578d9","local_time":"20190303144651","is_ascension_mode":true,"campfire_choices":[{"data":"Reaper","floor":6,"key":"SMITH"},{"data":"Intimidate","floor":12,"key":"SMITH"},{"data":"Dropkick","floor":15,"key":"SMITH"}],"neow_cost":"NONE","seed_source_timestamp":149224678450076,"circlet_count":0,"master_deck":["AscendersBane","Strike_R","Strike_R","Strike_R","Strike_R","Defend_R","Defend_R","Defend_R","Defend_R","Bash+1","Reaper+1","Dropkick+1","Intimidate+1"],"relics":["Burning Blood","Thread and Needle","Odd Mushroom"],"potions_floor_usage":[],"damage_taken":[{"damage":7,"enemies":"Jaw Worm","floor":1,"turns":4},{"damage":7,"enemies":"Cultist","floor":2,"turns":4},{"damage":1,"enemies":"2 Louse","floor":4,"turns":4},{"damage":7,"enemies":"Looter","floor":5,"turns":4},{"damage":6,"enemies":"Exordium Wildlife","floor":7,"turns":3},{"damage":5,"enemies":"2 Fungi Beasts","floor":8,"turns":4},{"damage":18,"enemies":"The Mushroom Lair","floor":11,"turns":6},{"damage":14,"enemies":"Large Slime","floor":13,"turns":10},{"damage":27,"enemies":"Hexaghost","floor":16,"turns":5}],"seed_played":"-458999444064428185","potions_obtained":[{"floor":2,"key":"SteroidPotion"},{"floor":4,"key":"Weak Potion"},{"floor":8,"key":"SteroidPotion"}],"is_trial":false,"path_per_floor":["M","M","?","M","M","R","M","M","T","$","?","R","M","?","R","B"],"character_chosen":"IRONCLAD","items_purchased":[],"campfire_rested":0,"item_purchase_floors":[],"current_hp_per_floor":[67,72,72,75,74,74,74,75,75,75,68,68,60,49,49,27],"gold":235,"neow_bonus":"ONE_RANDOM_RARE_CARD","is_prod":false,"is_daily":false,"chose_seed":false,"campfire_upgraded":3,"win_rate":0,"timestamp":1551592011,"path_taken":["M","M","?","?","M","R","M","M","T","$","?","R","M","?","R","BOSS"],"build_version":"2019-01-23","purchased_purges":1,"victory":false,"max_hp_per_floor":[75,75,75,75,75,75,75,75,75,75,75,75,75,75,75,75],"card_choices":[{"not_picked":["Sword Boomerang","Pummel"],"picked":"Dropkick","floor":1},{"not_picked":["Armaments","Pommel Strike","Seeing Red"],"picked":"SKIP","floor":2},{"not_picked":["Wild Strike","Havoc","Heavy Blade"],"picked":"SKIP","floor":4},{"not_picked":["Flame Barrier","Body Slam","Wild Strike"],"picked":"SKIP","floor":5},{"not_picked":["True Grit","Iron Wave","Bludgeon"],"picked":"SKIP","floor":7},{"not_picked":["Wild Strike","Iron Wave","Evolve"],"picked":"SKIP","floor":8},{"not_picked":["Twin Strike","Combust"],"picked":"Intimidate","floor":11},{"not_picked":["Pummel","Havoc","Feel No Pain"],"picked":"SKIP","floor":13}],"player_experience":1036276,"relics_obtained":[{"floor":9,"key":"Thread and Needle"},{"floor":11,"key":"Odd Mushroom"}],"event_choices":[{"damage_healed":0,"gold_gain":0,"player_choice":"Upgraded","damage_taken":0,"max_hp_gain":0,"max_hp_loss":0,"event_name":"Upgrade Shrine","floor":3,"gold_loss":0,"cards_upgraded":["Bash"]},{"damage_healed":0,"gold_gain":0,"player_choice":"Fought Mushrooms","damage_taken":0,"max_hp_gain":0,"max_hp_loss":0,"event_name":"Mushrooms","floor":11,"gold_loss":0},{"damage_healed":0,"gold_gain":75,"player_choice":"Gather Gold","damage_taken":11,"max_hp_gain":0,"max_hp_loss":0,"event_name":"World of Goop","floor":14,"gold_loss":0}],"is_beta":false,"boss_relics":[],"items_purged_floors":[10],"is_endless":false,"potions_floor_spawned":[2,4,8],"killed_by":"Hexaghost","ascension_level":20}