{"gold_per_floor":[110,110,90,110,128,162,15,41,41,41,41,41,57,82,82,160,160,179,197,216,216,216,246,246,279,333,359,376,376,376,22,22,98,98,118,131,141,0,0],"floor_reached":39,"playtime":3051,"items_purged":["Doubt","Clumsy"],"score":777,"play_id":"75143873-9561-4f29-98ee-ddf9eb8a83d6","local_time":"20190114214941","is_ascension_mode":true,"campfire_choices":[{"floor":10.0,"key":"REST"},{"floor":12.0,"key":"REST"},{"floor":15.0,"key":"REST"},{"floor":24.0,"key":"REST"},{"floor":32.0,"key":"REST"}],"neow_cost":"NONE","seed_source_timestamp":0,"circlet_count":0,"master_deck":["AscendersBane","Defend_G","Defend_G+1","Defend_G+1","Defend_G","Defend_G","Strike_G","Strike_G","Strike_G+1","Strike_G","Strike_G","Survivor","Neutralize","Cloak And Dagger","Terror","Dagger Throw","Dagger Throw","Leg Sweep","Escape Plan","Doppelganger","Backstab+1","Deadly Poison+1","Acrobatics+1","Leg Sweep+1","Deflect+1","Flash of Steel","Corpse Explosion+1","Infinite Blades+1","Escape Plan+1"],"special_seed":0,"relics":["Calling Bell","War Paint","Matryoshka","Torii","Bag of Preparation","The Courier","Potion Belt","Bronze Scales","Bottled Lightning","Fusion Hammer","Toxic Egg 2","Whetstone","Vajra","Kunai","Omamori","PreservedInsect","Pear","Gremlin Horn","Eternal Feather","Red Mask"],"potions_floor_usage":[33,33,35],"damage_taken":[{"damage":1.0,"enemies":"2 Louse","floor":1.0,"turns":5.0},{"damage":1.0,"enemies":"Jaw Worm","floor":4.0,"turns":4.0},{"damage":1.0,"enemies":"Cultist","floor":5.0,"turns":5.0},{"damage":23.0,"enemies":"Lagavulin","floor":6.0,"turns":10.0},{"damage":32.0,"enemies":"Gremlin Nob","floor":8.0,"turns":4.0},{"damage":0.0,"enemies":"2 Fungi Beasts","floor":13.0,"turns":4.0},{"damage":9.0,"enemies":"3 Sentries","floor":14.0,"turns":13.0},{"damage":6.0,"enemies":"The Guardian","floor":16.0,"turns":14.0},{"damage":0.0,"enemies":"Chosen","floor":18.0,"turns":4.0},{"damage":0.0,"enemies":"3 Byrds","floor":19.0,"turns":4.0},{"damage":2.0,"enemies":"Snake Plant","floor":20.0,"turns":4.0},{"damage":35.0,"enemies":"Gremlin Leader","floor":23.0,"turns":6.0},{"damage":13.0,"enemies":"Book of Stabbing","floor":25.0,"turns":5.0},{"damage":1.0,"enemies":"Slavers","floor":27.0,"turns":6.0},{"damage":2.0,"enemies":"Shelled Parasite and Fungi","floor":28.0,"turns":6.0},{"damage":35,"enemies":"Collector","floor":33,"turns":19},{"damage":1,"enemies":"3 Shapes","floor":35,"turns":2},{"damage":23,"enemies":"3 Darklings","floor":36,"turns":4},{"damage":23,"enemies":"Transient","floor":37,"turns":5},{"damage":19,"enemies":"Sphere and 2 Shapes","floor":39,"turns":3}],"seed_played":"-3202753188368576921","potions_obtained":[{"floor":1.0,"key":"Fire Potion"},{"floor":3.0,"key":"AttackPotion"},{"floor":4.0,"key":"Weak Potion"},{"floor":11.0,"key":"Weak Potion"},{"floor":11.0,"key":"Block Potion"},{"floor":11.0,"key":"SneckoOil"},{"floor":16.0,"key":"Explosive Potion"},{"floor":23.0,"key":"Ancient Potion"},{"floor":25.0,"key":"SkillPotion"},{"floor":28.0,"key":"Explosive Potion"},{"floor":33,"key":"FearPotion"},{"floor":36,"key":"PowerPotion"}],"is_trial":false,"path_per_floor":["M","?","?","M","M","E","$","E","T","R","?","R","M","E","R","B",null,"M","M","M","?","T","E","R","E","T","E","M","T","?","$","R","B",null,"M","M","M","?","M"],"character_chosen":"THE_SILENT","items_purchased":["Regen Potion","Gremlin Horn","Flash of Steel"],"campfire_rested":5,"item_purchase_floors":[7,31,31],"current_hp_per_floor":[58,51,51,50,49,26,26,6,6,24,24,42,42,33,51,45,59,59,59,57,57,57,22,40,27,27,26,24,34,21,21,44,9,61,60,37,14,14,0],"gold":0,"neow_bonus":"BOSS_RELIC","is_prod":false,"is_daily":false,"chose_seed":false,"campfire_upgraded":0,"win_rate":0,"timestamp":1547495381,"path_taken":["M","?","?","?","M","E","$","E","T","R","?","R","M","E","R","BOSS","M","M","?","?","?","E","R","E","T","E","M","?","?","$","R","BOSS","M","M","M","?","M"],"build_version":"2019-01-10","purchased_purges":2,"victory":false,"max_hp_per_floor":[66,63,63,63,63,63,63,63,63,63,63,63,63,63,63,63,63,63,63,63,63,63,63,63,63,63,63,63,73,78,78,78,78,78,78,78,78,78,78],"card_choices":[{"not_picked":["Tactician","Deadly Poison"],"picked":"Cloak And Dagger","floor":1.0},{"not_picked":["Dodge and Roll","Flechettes"],"picked":"Terror","floor":4.0},{"not_picked":["Sucker Punch","Cloak And Dagger"],"picked":"Dagger Throw","floor":5.0},{"not_picked":["Eviscerate","Expertise"],"picked":"Dagger Throw","floor":6.0},{"not_picked":["Slice","Sucker Punch"],"picked":"Leg Sweep","floor":8.0},{"not_picked":["Dagger Throw","Concentrate","Storm of Steel"],"picked":"SKIP","floor":13.0},{"not_picked":["Blade Dance","Backflip"],"picked":"Escape Plan","floor":14.0},{"not_picked":["Tools of the Trade","Envenom"],"picked":"Doppelganger","floor":16.0},{"not_picked":["Underhanded Strike","Outmaneuver"],"picked":"Backstab","floor":18.0},{"not_picked":["Sucker Punch","Flying Knee","Underhanded Strike"],"picked":"SKIP","floor":19.0},{"not_picked":["Acrobatics","Poisoned Stab","Deflect"],"picked":"SKIP","floor":20.0},{"not_picked":["Sucker Punch","Flying Knee"],"picked":"Deadly Poison+1","floor":23.0},{"not_picked":["Underhanded Strike","Masterful Stab"],"picked":"Acrobatics+1","floor":25.0},{"not_picked":["Endless Agony+1","Dagger Spray"],"picked":"Leg Sweep+1","floor":27.0},{"not_picked":["Bane","Flying Knee"],"picked":"Deflect+1","floor":28.0},{"not_picked":["Venomology+1","Tools of the Trade"],"picked":"Corpse Explosion+1","floor":33},{"not_picked":["Well Laid Plans","Blade Dance+1"],"picked":"Infinite Blades+1","floor":35},{"not_picked":["Masterful Stab","Dagger Spray","Slice"],"picked":"SKIP","floor":36},{"not_picked":["Backflip+1","Slice"],"picked":"Escape Plan+1","floor":37}],"player_experience":282481,"relics_obtained":[{"floor":0.0,"key":"War Paint"},{"floor":0.0,"key":"Matryoshka"},{"floor":0.0,"key":"Torii"},{"floor":6.0,"key":"Bag of Preparation"},{"floor":8.0,"key":"The Courier"},{"floor":9.0,"key":"Potion Belt"},{"floor":9.0,"key":"Bronze Scales"},{"floor":14.0,"key":"Bottled Lightning"},{"floor":22.0,"key":"Toxic Egg 2"},{"floor":22.0,"key":"Whetstone"},{"floor":23.0,"key":"Vajra"},{"floor":25.0,"key":"Kunai"},{"floor":26.0,"key":"Omamori"},{"floor":27.0,"key":"PreservedInsect"},{"floor":29.0,"key":"Pear"}],"event_choices":[{"cards_removed":["Parasite"],"damage_healed":0.0,"max_hp_gain":0.0,"max_hp_loss":0.0,"gold_gain":0.0,"event_name":"Golden Wing","player_choice":"Card Removal","floor":2.0,"gold_loss":0.0,"damage_taken":7.0},{"damage_healed":0.0,"max_hp_gain":0.0,"max_hp_loss":0.0,"gold_gain":0.0,"event_name":"The Woman in Blue","player_choice":"Bought 1 Potion","floor":3.0,"gold_loss":0.0,"damage_taken":0.0},{"damage_healed":0.0,"max_hp_gain":0.0,"max_hp_loss":0.0,"gold_gain":0.0,"event_name":"Lab","player_choice":"Got Potions","floor":11.0,"gold_loss":0.0,"damage_taken":0.0},{"damage_healed":0.0,"max_hp_gain":0.0,"max_hp_loss":0.0,"gold_gain":0.0,"event_name":"Ghosts","player_choice":"Ignored","floor":21.0,"gold_loss":0.0,"damage_taken":0.0},{"damage_healed":0.0,"max_hp_gain":5.0,"max_hp_loss":0.0,"gold_gain":0.0,"event_name":"Forgotten Altar","player_choice":"Shed Blood","floor":30.0,"gold_loss":0.0,"damage_taken":18.0},{"damage_healed":0,"gold_gain":0,"player_choice":"Paid","damage_taken":0,"relics_obtained":["Red Mask"],"max_hp_gain":0,"max_hp_loss":0,"event_name":"Tomb of Lord Red Mask","floor":38,"gold_loss":141}],"is_beta":false,"boss_relics":[{"not_picked":["WristBlade","Runic Pyramid"],"picked":"Fusion Hammer"},{"not_picked":["Black Star","Lizard Tail"],"picked":"Eternal Feather"}],"items_purged_floors":[7,31],"is_endless":false,"potions_floor_spawned":[1,4,16,23,25,28,33,36],"killed_by":"Sphere and 2 Shapes","ascension_level":14}