{"path_per_floor":["M","?","$","T","?","R","M","M","T","$","?","?","M","M","R","B",null,"M","M","M","M","M","R"],"character_chosen":"THE_SILENT","items_purchased":["Footwork"],"gold_per_floor":[18,18,18,44,44,44,55,74,74,4,4,4,20,39,39,158,158,183,208,232,248,261,261],"floor_reached":24,"campfire_rested":2,"playtime":2230,"current_hp_per_floor":[70,70,70,70,70,70,70,70,70,70,70,56,51,51,70,67,70,57,57,51,32,3,24],"items_purged":[],"gold":261,"score":190,"play_id":"c427cf3e-9849-4792-ab35-d61b9574c8d0","is_prod":false,"is_daily":false,"is_ascension_mode":false,"campfire_upgraded":1,"path_taken":["M","?","$","?","?","R","M","?","T","$","?","?","M","M","R","BOSS","M","M","M","M","M","R","M"],"build_version":"2018-02-12-PROD1","purchased_purges":0,"victory":false,"master_deck":["Defend_G","Defend_G","Defend_G","Defend_G","Defend_G","Strike_G","Strike_G","Survivor","Neutralize+1","Masterful Stab","Slice+1","Slice","Venomology+1","Noxious Fumes","Deflect","Footwork","Injury","Dash+1","Cloak And Dagger","A Thousand Cuts","Deflect","A Thousand Cuts","Cloak And Dagger","Deflect","Escape Plan","Dagger Throw+1","Skewer+1","Noxious Fumes"],"max_hp_per_floor":[70,70,70,70,70,70,70,70,70,70,70,70,70,70,70,70,70,70,70,70,70,70,70],"relics":["Ring of the Snake","Pen Nib","Molten Egg 2","Golden Idol","Orrery"],"card_choices":[{"not_picked":["Reflex","Flechettes"],"picked":"Slice"},{"not_picked":["Outmaneuver","Dagger Spray"],"picked":"Noxious Fumes"},{"not_picked":["Flying Knee","Quick Slash"],"picked":"Deflect"},{"not_picked":["Flying Knee","Skewer"],"picked":"Dash"},{"not_picked":["Prepared","PiercingWail"],"picked":"Cloak And Dagger"},{"not_picked":["Tools of the Trade","Doppelganger"],"picked":"A Thousand Cuts"},{"not_picked":["Flying Knee","Dagger Spray"],"picked":"Deflect"},{"not_picked":["Bane","Distraction"],"picked":"A Thousand Cuts"},{"not_picked":["Outmaneuver","Acrobatics"],"picked":"Cloak And Dagger"},{"not_picked":["Catalyst","Dagger Throw"],"picked":"Deflect"},{"not_picked":["Cloak And Dagger","Outmaneuver"],"picked":"Escape Plan"},{"not_picked":["Dash","Flying Knee"],"picked":"Dagger Throw"},{"not_picked":["Catalyst","Quick Slash"],"picked":"Skewer"},{"not_picked":["Poisoned Stab","Cloak And Dagger"],"picked":"Noxious Fumes"}],"player_experience":83356,"potions_floor_usage":[8,13,16,16,16,19,19,19,20,21,22,22,24],"damage_taken":[{"damage":0,"enemies":"2 Louse","floor":1,"turns":2},{"damage":0,"enemies":"Jaw Worm","floor":7,"turns":3},{"damage":0,"enemies":"Small Slimes","floor":8,"turns":3},{"damage":5,"enemies":"Exordium Thugs","floor":13,"turns":3},{"damage":0,"enemies":"3 Louse","floor":14,"turns":4},{"damage":3,"enemies":"The Guardian","floor":16,"turns":11},{"damage":13,"enemies":"Shell Parasite","floor":18,"turns":8},{"damage":0,"enemies":"2 Thieves","floor":19,"turns":4},{"damage":6,"enemies":"Slaver and Parasite","floor":20,"turns":10},{"damage":19,"enemies":"Cultist and Chosen","floor":21,"turns":9},{"damage":29,"enemies":"Snake Plant","floor":22,"turns":5},{"damage":20,"enemies":"Centurion and Healer","floor":24,"turns":5}],"event_choices":[{"event_name":"The Cleric","player_choice":"Leave","floor":2,"damage_taken":0},{"event_name":"Living Wall","player_choice":"Change","floor":5,"damage_taken":0},{"event_name":"Golden Idol","player_choice":"Take Wound","floor":11,"damage_taken":0},{"event_name":"Shining Light","player_choice":"Entered Light","floor":12,"damage_taken":0}],"boss_relics":[{"not_picked":["Tiny House","Lizard Tail"],"picked":"Orrery"}],"potions_floor_spawned":[1,13,14,19],"seed_played":"-5188389852171851402","killed_by":"Centurion and Healer","ascension_level":0,"is_trial":false}