{"gold_per_floor":[119,133,58,8,8,48,48,81,81,128,128,142,142,158,158,288,288,307,326,16,16,29,29,29,2,84,84,46,71,84,84,84,210,273,286,286,300,300,320,320,340,340,340,358,381,399,399,229,229,229],"floor_reached":51,"playtime":2959,"items_purged":["Strike_B","Strike_B"],"score":869,"play_id":"dc5e39eb-c26e-4a01-8830-d47fa63b5d08","local_time":"20190219215023","is_ascension_mode":true,"campfire_choices":[{"data":"Consume","floor":11,"key":"SMITH"},{"data":"Blizzard","floor":13,"key":"SMITH"},{"floor":15,"key":"REST"},{"data":"Blizzard","floor":24,"key":"SMITH"},{"data":"Coolheaded","floor":27,"key":"SMITH"},{"data":"Defragment","floor":32,"key":"SMITH"},{"data":"Mayhem","floor":40,"key":"SMITH"},{"data":"Seek","floor":42,"key":"SMITH"},{"floor":49,"key":"REST"}],"neow_cost":"NONE","seed_source_timestamp":434832403327843,"circlet_count":0,"master_deck":["Defend_B+1","Defend_B","Defend_B","Defend_B+1","Zap+1","Dualcast","Turbo","Blizzard+1","Consume+1","Redo","Seek+1","Loop","Conserve Battery","Cold Snap","Blizzard+1","Coolheaded+1","Blizzard+1","Mayhem+1","Redo","Defragment+1","Chill","Ghostly","Ghostly","Ghostly","Ghostly","Ghostly","Coolheaded+1","Coolheaded+1","Madness","Madness","Cold Snap","Chill+1","Coolheaded","Cold Snap+1","Loop"],"relics":["Cracked Core","NeowsBlessing","Golden Idol","Pen Nib","Blue Candle","Pear","Vajra","Orrery","Dodecahedron","Tiny House","PreservedInsect"],"potions_floor_usage":[8,14,19,29,30,33,44,50],"damage_taken":[{"damage":0,"enemies":"Jaw Worm","floor":1,"turns":1},{"damage":0,"enemies":"Small Slimes","floor":2,"turns":1},{"damage":0,"enemies":"3 Sentries","floor":6,"turns":1},{"damage":0,"enemies":"Lagavulin","floor":8,"turns":6},{"damage":0,"enemies":"2 Louse","floor":12,"turns":2},{"damage":45,"enemies":"Gremlin Gang","floor":14,"turns":5},{"damage":32,"enemies":"The Guardian","floor":16,"turns":12},{"damage":14,"enemies":"Spheric Guardian","floor":18,"turns":4},{"damage":23,"enemies":"2 Thieves","floor":19,"turns":3},{"damage":8,"enemies":"Snecko","floor":22,"turns":6},{"damage":31,"enemies":"Snake Plant","floor":29,"turns":5},{"damage":14,"enemies":"Shelled Parasite and Fungi","floor":30,"turns":8},{"damage":0,"enemies":"Collector","floor":33,"turns":11},{"damage":0,"enemies":"Orb Walker","floor":35,"turns":6},{"damage":2,"enemies":"3 Darklings","floor":37,"turns":7},{"damage":1,"enemies":"Spire Growth","floor":39,"turns":7},{"damage":3,"enemies":"Writhing Mass","floor":41,"turns":8},{"damage":0,"enemies":"Transient","floor":44,"turns":5},{"damage":0,"enemies":"Jaw Worm Horde","floor":45,"turns":5},{"damage":7,"enemies":"4 Shapes","floor":46,"turns":4},{"damage":14,"enemies":"Time Eater","floor":50,"turns":15}],"seed_played":"-3416558614104938957","potions_obtained":[{"floor":1,"key":"PowerPotion"},{"floor":8,"key":"GamblersBrew"},{"floor":12,"key":"GamblersBrew"},{"floor":16,"key":"Swift Potion"},{"floor":18,"key":"Regen Potion"},{"floor":19,"key":"AttackPotion"},{"floor":34,"key":"FairyPotion"},{"floor":35,"key":"Swift Potion"},{"floor":41,"key":"PowerPotion"}],"is_trial":false,"path_per_floor":["M","M","$","?","?","E","?","E","T","T","R","M","R","M","R","B",null,"M","M","$","?","M","?","R","$","T","R","$","M","M","?","R","B",null,"M","?","M","?","M","R","M","R","T","M","M","M","?","$","R","B",null],"character_chosen":"DEFECT","items_purchased":["Coolheaded","Blizzard","Mayhem","Redo","Defragment","Loop"],"campfire_rested":2,"item_purchase_floors":[20,20,20,25,28,48],"current_hp_per_floor":[75,75,75,75,57,57,42,49,59,59,59,59,59,21,46,21,85,78,55,55,55,54,54,54,54,54,54,54,23,31,31,31,38,47,47,41,46,46,45,45,42,42,42,42,42,35,35,35,47,33],"gold":229,"neow_bonus":"THREE_ENEMY_KILL","is_prod":false,"is_daily":false,"chose_seed":false,"campfire_upgraded":7,"win_rate":0,"timestamp":1550631023,"path_taken":["M","M","$","?","?","E","?","E","T","?","R","M","R","M","R","BOSS","M","?","$","?","M","?","R","?","T","R","$","M","?","?","R","BOSS","M","?","M","?","M","R","M","R","T","M","M","M","?","$","R","BOSS"],"build_version":"2019-01-23","purchased_purges":2,"victory":true,"max_hp_per_floor":[75,75,75,75,75,75,75,75,85,85,85,85,85,85,85,85,85,85,85,85,85,85,85,85,85,85,85,85,85,85,42,42,42,47,47,47,47,47,47,47,47,47,47,47,47,47,47,47,47,47],"card_choices":[{"not_picked":["Scrape","Redo"],"picked":"Turbo","floor":1},{"not_picked":["Self Repair","Scrape"],"picked":"Blizzard","floor":2},{"not_picked":["Sweeping Beam","Multi-Cast"],"picked":"Self Repair","floor":6},{"not_picked":["Beam Cell","Tempest"],"picked":"Consume","floor":8},{"not_picked":["Aggregate","Barrage","Beam Cell"],"picked":"SKIP","floor":12},{"not_picked":["Fusion","Force Field"],"picked":"Redo","floor":14},{"not_picked":["All For One","Multi-Cast"],"picked":"Seek","floor":16},{"not_picked":["Streamline","Double Energy"],"picked":"Loop","floor":17},{"not_picked":["Fusion","Stack"],"picked":"Conserve Battery","floor":17},{"not_picked":["Tempest","Double Energy"],"picked":"Cold Snap","floor":18},{"not_picked":["Reprogram","Auto Shields+1"],"picked":"Blizzard+1","floor":19},{"not_picked":["Meteor Strike","Compile Driver","Rebound"],"picked":"SKIP","floor":22},{"not_picked":["Doom and Gloom","Turbo"],"picked":"Chill","floor":29},{"not_picked":["Hello World","Go for the Eyes","Melter"],"picked":"SKIP","floor":30},{"not_picked":["Redo","Reprogram+1"],"picked":"Coolheaded+1","floor":34},{"not_picked":["Melter","Redo+1"],"picked":"Coolheaded+1","floor":35},{"not_picked":["Lockon","Beam Cell"],"picked":"Cold Snap","floor":37},{"not_picked":["Recycle+1","Hyperbeam","Rebound"],"picked":"SKIP","floor":39},{"not_picked":["Aggregate","Double Energy"],"picked":"Chill+1","floor":41},{"not_picked":["Reprogram","Sweeping Beam"],"picked":"Coolheaded","floor":44},{"not_picked":["Fusion","Tempest+1","Rip and Tear"],"picked":"SKIP","floor":45},{"not_picked":["Steam","Beam Cell"],"picked":"Cold Snap+1","floor":46}],"player_experience":1059558,"relics_obtained":[{"floor":6,"key":"Pen Nib"},{"floor":8,"key":"Blue Candle"},{"floor":9,"key":"Pear"},{"floor":10,"key":"Vajra"},{"floor":26,"key":"Dodecahedron"},{"floor":43,"key":"PreservedInsect"}],"event_choices":[{"cards_removed":["Strike_B"],"damage_healed":0,"gold_gain":0,"player_choice":"Card Removal","damage_taken":0,"max_hp_gain":0,"max_hp_loss":0,"event_name":"The Cleric","floor":4,"gold_loss":50},{"damage_healed":0,"gold_gain":0,"player_choice":"Take Damage","damage_taken":18,"relics_obtained":["Golden Idol"],"max_hp_gain":0,"max_hp_loss":0,"event_name":"Golden Idol","floor":5,"gold_loss":0},{"damage_healed":0,"gold_gain":0,"player_choice":"Entered Light","damage_taken":15,"max_hp_gain":0,"max_hp_loss":0,"event_name":"Shining Light","floor":7,"gold_loss":0,"cards_upgraded":["Defend_B","Zap"]},{"cards_removed":["Strike_B"],"damage_healed":0,"gold_gain":0,"player_choice":"Elegance","damage_taken":0,"max_hp_gain":0,"max_hp_loss":0,"event_name":"Back to Basics","floor":21,"gold_loss":0},{"damage_healed":0,"gold_gain":0,"player_choice":"Became a Ghost","damage_taken":0,"max_hp_gain":0,"max_hp_loss":43,"event_name":"Ghosts","floor":31,"gold_loss":0,"cards_obtained":["Ghostly","Ghostly","Ghostly","Ghostly","Ghostly"]},{"damage_healed":0,"gold_gain":0,"player_choice":"Embrace Madness","damage_taken":6,"max_hp_gain":0,"max_hp_loss":0,"event_name":"Winding Halls","floor":36,"gold_loss":0,"cards_obtained":["Madness","Madness"]},{"cards_removed":["Self Repair"],"damage_healed":0,"gold_gain":0,"player_choice":"Removed Power","damage_taken":0,"max_hp_gain":0,"max_hp_loss":0,"event_name":"Falling","floor":38,"gold_loss":0},{"damage_healed":0,"gold_gain":0,"player_choice":"Ignored","damage_taken":0,"max_hp_gain":0,"max_hp_loss":0,"event_name":"Mysterious Sphere","floor":47,"gold_loss":0}],"is_beta":false,"boss_relics":[{"not_picked":["Empty Cage","Fusion Hammer"],"picked":"Orrery"},{"not_picked":["Pandora\u0027s Box","Eternal Feather"],"picked":"Tiny House"}],"items_purged_floors":[3,48],"is_endless":false,"potions_floor_spawned":[1,8,12,16,18,19,35,41],"ascension_level":1}