{"gold_per_floor":[115,128,141,216,216,226,246,278,278,293,307,307,323,351,351,447,447,457,457,469,122,122,84,84,109,134,34,62,78,38,48,48,147,147,164,187,206,221,272,272,300,104,104,2,2,19,30,62,62,62],"floor_reached":51,"playtime":7590,"items_purged":["Pain","Pain","Shame"],"score":809,"play_id":"05703335-84a2-4de8-9e17-099d9b948ee4","local_time":"20190301021419","is_ascension_mode":false,"campfire_choices":[{"data":"Neutralize","floor":12.0,"key":"SMITH"},{"data":"Cloak And Dagger","floor":15.0,"key":"SMITH"},{"floor":24.0,"key":"REST"},{"floor":32.0,"key":"REST"},{"data":"Well Laid Plans","floor":40.0,"key":"SMITH"},{"data":"Noxious Fumes","floor":45.0,"key":"SMITH"},{"data":"Crippling Poison","floor":49.0,"key":"SMITH"}],"neow_cost":"NONE","seed_source_timestamp":35723894817500,"circlet_count":0,"master_deck":["Defend_G","Defend_G+1","Defend_G","Defend_G","Defend_G","Strike_G+1","Strike_G","Strike_G","Strike_G","Survivor+1","Neutralize+1","Flying Knee","Crippling Poison+1","Dagger Throw","Dagger Spray","Poisoned Stab","PiercingWail","Cloak And Dagger+1","Dodge and Roll+1","PiercingWail","Leg Sweep+1","Malaise+1","Well Laid Plans+1","Caltrops+1","Acrobatics+1","Concentrate+1","Backstab","Dodge and Roll+1","Backflip+1","Backflip+1","Backstab+1","PiercingWail+1","Corpse Explosion+1","Bane+1","Deadly Poison+1","Noxious Fumes+1","Choke+1","Deflect+1","Catalyst+1"],"special_seed":0,"relics":["Ring of the Snake","Paper Crane","Gremlin Horn","Toxic Egg 2","Calling Bell","Ninja Scroll","Mango","Bag of Marbles","Dream Catcher","Pen Nib","War Paint","Strawberry","Coffee Dripper","Bag of Preparation","StoneCalendar","Bottled Flame","Mercury Hourglass","Dodecahedron"],"potions_floor_usage":[50,50],"damage_taken":[{"damage":6.0,"enemies":"2 Louse","floor":1.0,"turns":4.0},{"damage":0.0,"enemies":"Small Slimes","floor":2.0,"turns":3.0},{"damage":0.0,"enemies":"Cultist","floor":3.0,"turns":4.0},{"damage":0.0,"enemies":"Large Slime","floor":6.0,"turns":5.0},{"damage":3.0,"enemies":"Exordium Thugs","floor":7.0,"turns":3.0},{"damage":8.0,"enemies":"Lagavulin","floor":8.0,"turns":5.0},{"damage":1.0,"enemies":"Exordium Wildlife","floor":10.0,"turns":5.0},{"damage":1.0,"enemies":"2 Fungi Beasts","floor":11.0,"turns":3.0},{"damage":1.0,"enemies":"Exordium Thugs","floor":13.0,"turns":5.0},{"damage":11.0,"enemies":"3 Sentries","floor":14.0,"turns":8.0},{"damage":24.0,"enemies":"Hexaghost","floor":16.0,"turns":15.0},{"damage":16.0,"enemies":"Shell Parasite","floor":18.0,"turns":8.0},{"damage":31.0,"enemies":"Spheric Guardian","floor":20.0,"turns":7.0},{"damage":10.0,"enemies":"Slavers","floor":25.0,"turns":6.0},{"damage":0.0,"enemies":"Book of Stabbing","floor":28.0,"turns":7.0},{"damage":0.0,"enemies":"Centurion and Healer","floor":29.0,"turns":12.0},{"damage":2.0,"enemies":"Snake Plant","floor":31.0,"turns":4.0},{"damage":61.0,"enemies":"Champ","floor":33.0,"turns":20.0},{"damage":0.0,"enemies":"3 Darklings","floor":35.0,"turns":4.0},{"damage":0.0,"enemies":"3 Shapes","floor":37.0,"turns":2.0},{"damage":0.0,"enemies":"3 Darklings","floor":38.0,"turns":3.0},{"damage":8.0,"enemies":"2 Orb Walkers","floor":39.0,"turns":6.0},{"damage":32.0,"enemies":"Giant Head","floor":41.0,"turns":10.0},{"damage":2.0,"enemies":"Writhing Mass","floor":46.0,"turns":5.0},{"damage":0.0,"enemies":"Jaw Worm Horde","floor":47.0,"turns":2.0},{"damage":0.0,"enemies":"Reptomancer","floor":48.0,"turns":5.0},{"damage":4,"enemies":"Awakened One","floor":50,"turns":15}],"seed_played":"4323698448650173180","potions_obtained":[{"floor":3.0,"key":"GamblersBrew"},{"floor":5.0,"key":"Strength Potion"},{"floor":5.0,"key":"Ancient Potion"},{"floor":5.0,"key":"Ancient Potion"},{"floor":7.0,"key":"Regen Potion"},{"floor":8.0,"key":"Swift Potion"},{"floor":13.0,"key":"AttackPotion"},{"floor":14.0,"key":"Dexterity Potion"},{"floor":25.0,"key":"Ancient Potion"},{"floor":29.0,"key":"Poison Potion"},{"floor":31.0,"key":"SkillPotion"},{"floor":38.0,"key":"Weak Potion"},{"floor":39.0,"key":"Energy Potion"},{"floor":47.0,"key":"SpeedPotion"},{"floor":48.0,"key":"Dexterity Potion"}],"is_trial":false,"path_per_floor":["M","M","M","?","?","M","M","E","T","M","M","R","M","E","R","B",null,"M","?","M","$","?","$","R","E","T","$","E","M","?","M","R","B",null,"M","T","M","M","?","R","E","$","T","$","R","M","M","E","R","B",null],"character_chosen":"THE_SILENT","items_purchased":["Acrobatics+1","Dream Catcher","Concentrate+1","Backstab","Noxious Fumes","Strength Potion","FearPotion"],"campfire_rested":2,"item_purchase_floors":[21,21,21,23,42,44,44],"current_hp_per_floor":[64,64,64,53,53,53,50,56,56,55,54,54,53,42,42,18,84,68,52,21,21,21,21,47,37,37,37,44,44,44,42,70,9,96,96,96,96,96,88,88,56,56,56,56,56,54,54,54,54,50],"gold":62,"neow_bonus":"TRANSFORM_CARD","is_prod":false,"is_daily":false,"chose_seed":false,"campfire_upgraded":5,"win_rate":0,"timestamp":1551435259,"path_taken":["M","M","M","?","?","M","?","E","T","M","M","R","M","E","R","BOSS","M","?","M","$","?","?","R","E","T","$","E","M","?","?","R","BOSS","M","?","M","M","?","R","E","$","T","$","R","M","?","E","R","BOSS"],"build_version":"2019-01-23","purchased_purges":3,"victory":true,"max_hp_per_floor":[70,70,70,70,70,70,70,70,70,70,70,70,70,70,70,70,84,84,89,89,89,89,89,89,89,89,89,96,96,96,96,96,96,96,96,96,96,96,96,96,96,96,96,96,96,96,96,96,96,96],"card_choices":[{"not_picked":["Flying Knee","Bane"],"picked":"Crippling Poison","floor":1.0},{"not_picked":["Deflect","Crippling Poison"],"picked":"Dagger Throw","floor":2.0},{"not_picked":["Blur","Deflect"],"picked":"Dagger Spray","floor":3.0},{"not_picked":["Deflect","Night Terror"],"picked":"Poisoned Stab","floor":6.0},{"not_picked":["Quick Slash","Concentrate"],"picked":"PiercingWail","floor":7.0},{"not_picked":["Slice","Reflex"],"picked":"Cloak And Dagger","floor":8.0},{"not_picked":["Quick Slash","Sucker Punch","Crippling Poison"],"picked":"SKIP","floor":10.0},{"not_picked":["Blade Dance","Deflect"],"picked":"Dodge and Roll","floor":11.0},{"not_picked":["Dagger Spray","Underhanded Strike"],"picked":"PiercingWail","floor":13.0},{"not_picked":["Poisoned Stab","Wraith Form v2"],"picked":"Leg Sweep","floor":14.0},{"not_picked":["Night Terror+1","After Image"],"picked":"Malaise+1","floor":16.0},{"not_picked":["Acrobatics+1","Outmaneuver+1"],"picked":"Well Laid Plans","floor":18.0},{"not_picked":["Slice+1","Well Laid Plans"],"picked":"Caltrops+1","floor":20.0},{"not_picked":["Sucker Punch","Cloak And Dagger+1"],"picked":"Dodge and Roll+1","floor":24.0},{"not_picked":["Outmaneuver+1","Blade Dance+1"],"picked":"Backflip+1","floor":25.0},{"not_picked":["Slice","Die Die Die"],"picked":"Backflip+1","floor":28.0},{"not_picked":["Poisoned Stab","Bane"],"picked":"Backstab+1","floor":29.0},{"not_picked":["Prepared+1","Acrobatics+1"],"picked":"PiercingWail+1","floor":31.0},{"not_picked":["Venomology+1","Malaise+1"],"picked":"Corpse Explosion+1","floor":33.0},{"not_picked":["Slice","Acrobatics+1"],"picked":"Bane+1","floor":35.0},{"not_picked":["Prepared+1","Dagger Throw+1"],"picked":"Deadly Poison+1","floor":37.0},{"not_picked":["Flying Knee+1","Quick Slash","PiercingWail+1"],"picked":"SKIP","floor":38.0},{"not_picked":["Die Die Die","Predator","Flechettes+1"],"picked":"SKIP","floor":41.0},{"not_picked":["Infinite Blades","Blur+1"],"picked":"Choke+1","floor":46.0},{"not_picked":["Prepared+1","Heel Hook+1"],"picked":"Deflect+1","floor":47.0},{"not_picked":["Bullet Time+1","Skewer"],"picked":"Catalyst+1","floor":48.0}],"player_experience":71436,"relics_obtained":[{"floor":8.0,"key":"Paper Crane"},{"floor":9.0,"key":"Gremlin Horn"},{"floor":14.0,"key":"Toxic Egg 2"},{"floor":17.0,"key":"Ninja Scroll"},{"floor":17.0,"key":"Mango"},{"floor":17.0,"key":"Bag of Marbles"},{"floor":25.0,"key":"Pen Nib"},{"floor":26.0,"key":"War Paint"},{"floor":28.0,"key":"Strawberry"},{"floor":36.0,"key":"Bag of Preparation"},{"floor":39.0,"key":"StoneCalendar"},{"floor":41.0,"key":"Bottled Flame"},{"floor":43.0,"key":"Mercury Hourglass"},{"floor":48.0,"key":"Dodecahedron"}],"event_choices":[{"damage_healed":0.0,"max_hp_gain":0.0,"max_hp_loss":0.0,"gold_gain":75.0,"event_name":"World of Goop","player_choice":"Gather Gold","floor":4.0,"gold_loss":0.0,"damage_taken":11.0},{"damage_healed":0.0,"max_hp_gain":0.0,"max_hp_loss":0.0,"gold_gain":0.0,"event_name":"Lab","player_choice":"Got Potions","floor":5.0,"gold_loss":0.0,"damage_taken":0.0},{"damage_healed":0.0,"max_hp_gain":5.0,"max_hp_loss":0.0,"gold_gain":0.0,"event_name":"Forgotten Altar","player_choice":"Shed Blood","floor":19.0,"gold_loss":0.0,"damage_taken":21.0},{"damage_healed":0.0,"max_hp_gain":0.0,"max_hp_loss":0.0,"gold_gain":0.0,"event_name":"Ghosts","player_choice":"Ignored","floor":22.0,"gold_loss":0.0,"damage_taken":0.0},{"damage_healed":0.0,"max_hp_gain":0.0,"max_hp_loss":0.0,"gold_gain":0.0,"event_name":"Designer","player_choice":"Upgraded Two","floor":30.0,"gold_loss":40.0,"damage_taken":0.0,"cards_upgraded":["Strike_G","Dodge and Roll"]},{"damage_healed":0.0,"max_hp_gain":0.0,"max_hp_loss":0.0,"gold_gain":0.0,"event_name":"Mysterious Sphere","player_choice":"Fight","floor":39.0,"gold_loss":0.0,"damage_taken":0.0}],"is_beta":false,"boss_relics":[{"not_picked":["WristBlade","Velvet Choker"],"picked":"Calling Bell"},{"not_picked":["Lizard Tail","Fusion Hammer"],"picked":"Coffee Dripper"}],"items_purged_floors":[21,27,42],"is_endless":false,"potions_floor_spawned":[3,7,8,13,14,25,29,31,38,39,47,48],"ascension_level":0}