{"gold_per_floor":[115,127,139,156,0,0,34,46,73,73,84,84,96,110,110,207,207,219,231,156,3,16,16,26,26,51,51,51,51,70,70,70,171,171,186,203,203,222,237,237,112,124,124,124,137,137,157,7,7,7],"floor_reached":51,"playtime":3701,"items_purged":["Strike_R","Strike_R","Strike_R","Bash"],"score":605,"play_id":"2c684506-abe9-44e0-9a31-1c05ce206b4b","local_time":"20190129012532","is_ascension_mode":false,"campfire_choices":[{"data":"Body Slam","floor":6.0,"key":"SMITH"},{"floor":12.0,"key":"REST"},{"data":"Entrench","floor":15.0,"key":"SMITH"},{"data":"Flame Barrier","floor":23.0,"key":"SMITH"},{"data":"Armaments","floor":25.0,"key":"SMITH"},{"floor":29.0,"key":"REST"},{"data":"Dual Wield","floor":32.0,"key":"SMITH"},{"floor":40,"key":"REST"},{"floor":44,"key":"REST"},{"floor":49,"key":"REST"}],"neow_cost":"NONE","seed_source_timestamp":0,"circlet_count":0,"master_deck":["Defend_R","Defend_R","Defend_R","Defend_R+1","Body Slam+1","Armaments+1","Dual Wield+1","Flame Barrier+1","Entrench+1","Shrug It Off","Reaper","Shrug It Off","Battle Trance+1","Body Slam","Enlightenment"],"special_seed":0,"relics":["Burning Blood","NeowsBlessing","Vajra","Anchor","Runic Cube","War Paint","Empty Cage","Happy Flower"],"potions_floor_usage":[50,50,50],"damage_taken":[{"damage":0.0,"enemies":"Cultist","floor":1.0,"turns":1.0},{"damage":0.0,"enemies":"Small Slimes","floor":2.0,"turns":1.0},{"damage":0.0,"enemies":"2 Louse","floor":3.0,"turns":1.0},{"damage":6.0,"enemies":"Red Slaver","floor":4.0,"turns":4.0},{"damage":40.0,"enemies":"Lagavulin","floor":7.0,"turns":9.0},{"damage":20.0,"enemies":"Exordium Thugs","floor":8.0,"turns":5.0},{"damage":9.0,"enemies":"2 Fungi Beasts","floor":11.0,"turns":4.0},{"damage":0.0,"enemies":"Blue Slaver","floor":13.0,"turns":3.0},{"damage":0.0,"enemies":"Looter","floor":14.0,"turns":2.0},{"damage":24.0,"enemies":"The Guardian","floor":16.0,"turns":14.0},{"damage":9.0,"enemies":"Shell Parasite","floor":18.0,"turns":9.0},{"damage":38.0,"enemies":"3 Byrds","floor":19.0,"turns":10.0},{"damage":16.0,"enemies":"Snake Plant","floor":22.0,"turns":5.0},{"damage":20.0,"enemies":"Centurion and Healer","floor":24.0,"turns":11.0},{"damage":14.0,"enemies":"Colosseum Slavers","floor":28.0,"turns":4.0},{"damage":0.0,"enemies":"Shelled Parasite and Fungi","floor":30.0,"turns":5.0},{"damage":51.0,"enemies":"Champ","floor":33.0,"turns":14.0},{"damage":25,"enemies":"3 Darklings","floor":35,"turns":12},{"damage":0,"enemies":"Orb Walker","floor":36,"turns":5},{"damage":21,"enemies":"Transient","floor":38,"turns":5},{"damage":34,"enemies":"Maw","floor":39,"turns":9},{"damage":38,"enemies":"Spire Growth","floor":42,"turns":8},{"damage":58,"enemies":"Writhing Mass","floor":45,"turns":6},{"damage":6,"enemies":"3 Darklings","floor":47,"turns":5},{"damage":65,"enemies":"Awakened One","floor":50,"turns":13}],"seed_played":"-2847749057819442439","potions_obtained":[{"floor":4.0,"key":"Fire Potion"},{"floor":7.0,"key":"BloodPotion"},{"floor":8.0,"key":"AttackPotion"},{"floor":14.0,"key":"EssenceOfSteel"},{"floor":24.0,"key":"FairyPotion"},{"floor":33.0,"key":"Dexterity Potion"},{"floor":45,"key":"Fire Potion"}],"is_trial":false,"path_per_floor":["M","M","M","M","$","R","E","M","T","$","M","R","M","M","R","B",null,"M","M","?","$","M","R","M","R","T","?","?","R","M","$","R","B",null,"M","M","?","M","M","R","$","M","T","R","M","?","M","$","R","B",null],"character_chosen":"IRONCLAD","items_purchased":["Flame Barrier","Shrug It Off"],"campfire_rested":5,"item_purchase_floors":[5,21],"current_hp_per_floor":[80,80,80,80,80,80,46,32,32,32,29,53,59,65,65,47,80,77,49,49,49,44,44,42,42,42,42,39,63,69,69,69,24,80,71,77,69,54,32,56,56,24,24,48,14,14,14,14,38,11],"gold":7,"neow_bonus":"THREE_ENEMY_KILL","is_prod":false,"is_daily":false,"chose_seed":false,"campfire_upgraded":5,"win_rate":0,"timestamp":1548743132,"path_taken":["M","M","?","M","$","R","E","M","T","$","M","R","M","M","R","BOSS","M","M","?","$","M","R","M","R","T","?","?","R","M","$","R","BOSS","M","M","?","?","M","R","$","?","T","R","M","?","M","$","R","BOSS"],"build_version":"2019-01-23","purchased_purges":4,"victory":true,"max_hp_per_floor":[80,80,80,80,80,80,80,80,80,80,80,80,80,80,80,80,80,80,80,80,80,80,80,80,80,80,80,80,80,80,80,80,80,80,80,80,80,80,80,80,80,80,80,80,80,80,80,80,80,80],"card_choices":[{"not_picked":["Flex","Entrench"],"picked":"Body Slam","floor":1.0},{"not_picked":["Wild Strike","Clothesline"],"picked":"Armaments","floor":2.0},{"not_picked":["Body Slam","Havoc"],"picked":"Dual Wield","floor":3.0},{"not_picked":["Iron Wave","Anger","True Grit"],"picked":"SKIP","floor":4.0},{"not_picked":["Rupture","Sword Boomerang","Thunderclap"],"picked":"SKIP","floor":7.0},{"not_picked":["Dual Wield","Dropkick"],"picked":"Entrench","floor":8.0},{"not_picked":["Twin Strike","Demon Form","Sentinel"],"picked":"SKIP","floor":11.0},{"not_picked":["Uppercut","Sever Soul"],"picked":"Shrug It Off","floor":13.0},{"not_picked":["Perfected Strike","Hemokinesis","Blood for Blood"],"picked":"SKIP","floor":14.0},{"not_picked":["Exhume","Immolate"],"picked":"Reaper","floor":16.0},{"not_picked":["Twin Strike+1","Shockwave+1","Carnage"],"picked":"SKIP","floor":18.0},{"not_picked":["True Grit+1","Sentinel","Body Slam"],"picked":"SKIP","floor":19.0},{"not_picked":["Whirlwind+1","Disarm"],"picked":"Battle Trance","floor":22.0},{"not_picked":["Blood for Blood","Pummel","Evolve"],"picked":"SKIP","floor":24.0},{"not_picked":["Body Slam+1","Perfected Strike","Clash"],"picked":"SKIP","floor":30.0},{"not_picked":["Heavy Blade+1","Twin Strike+1","Warcry"],"picked":"SKIP","floor":35},{"not_picked":["Anger+1","Shrug It Off"],"picked":"Body Slam","floor":36},{"not_picked":["Infernal Blade+1","Evolve","Perfected Strike+1"],"picked":"SKIP","floor":38},{"not_picked":["True Grit","Wild Strike","Seeing Red+1"],"picked":"SKIP","floor":39},{"not_picked":["Warcry","Heavy Blade","Immolate"],"picked":"SKIP","floor":42},{"not_picked":["Headbutt","Anger+1","Flex+1"],"picked":"SKIP","floor":45},{"not_picked":["Blind","Magnetism"],"picked":"Enlightenment","floor":46},{"not_picked":["Whirlwind","Anger+1","Wild Strike+1"],"picked":"SKIP","floor":47}],"player_experience":954528,"relics_obtained":[{"floor":7.0,"key":"Vajra"},{"floor":9.0,"key":"Anchor"},{"floor":43,"key":"Happy Flower"}],"event_choices":[{"cards_removed":["Strike_R"],"damage_healed":0.0,"max_hp_gain":0.0,"max_hp_loss":0.0,"gold_gain":0.0,"event_name":"Beggar","player_choice":"Gave Gold","floor":20.0,"gold_loss":75.0,"damage_taken":0.0},{"damage_healed":0.0,"max_hp_gain":0.0,"max_hp_loss":0.0,"gold_gain":0.0,"event_name":"The Mausoleum","player_choice":"Opened","floor":27.0,"gold_loss":0.0,"damage_taken":0.0,"relics_obtained":["War Paint"],"cards_obtained":["Writhe"]},{"damage_healed":0.0,"max_hp_gain":0.0,"max_hp_loss":0.0,"gold_gain":0.0,"event_name":"Colosseum","player_choice":"Fight","floor":28.0,"gold_loss":0.0,"damage_taken":0.0},{"damage_healed":0.0,"max_hp_gain":0.0,"max_hp_loss":0.0,"gold_gain":0.0,"event_name":"Colosseum","player_choice":"Fled From Nobs","floor":28.0,"gold_loss":0.0,"damage_taken":0.0},{"damage_healed":0,"gold_gain":0,"player_choice":"Damaged","damage_taken":8,"max_hp_gain":0,"max_hp_loss":0,"event_name":"Wheel of Change","floor":37,"gold_loss":0},{"damage_healed":0,"gold_gain":0,"player_choice":"Memory 1","damage_taken":0,"max_hp_gain":0,"max_hp_loss":0,"event_name":"SensoryStone","floor":46,"gold_loss":0}],"is_beta":false,"boss_relics":[{"not_picked":["Fusion Hammer","White Beast Statue"],"picked":"Runic Cube"},{"not_picked":["Calling Bell","Snecko Eye"],"picked":"Empty Cage"}],"items_purged_floors":[5,21,41,48],"is_endless":false,"potions_floor_spawned":[4,7,8,11,14,24,28,30,33,39,45,47],"ascension_level":0}