{"gold_per_floor":[116,129,149,164,164,164,192,192,215,215,225,225,225,244,244,337,337,352,365,383,56,56,56,56],"floor_reached":24,"playtime":1032,"items_purged":[],"score":396,"play_id":"2f8700fb-7671-4e68-b603-3662ff9defe3","local_time":"20181225162125","is_ascension_mode":true,"campfire_choices":[{"floor":6,"key":"REST"},{"data":"Loop","floor":8,"key":"SMITH"},{"data":"Zap","floor":10,"key":"SMITH"},{"data":"Electrodynamics","floor":12,"key":"SMITH"},{"floor":15,"key":"REST"},{"data":"Sunder","floor":23,"key":"SMITH"}],"neow_cost":"TEN_PERCENT_HP_LOSS","seed_source_timestamp":335582016312419,"circlet_count":0,"master_deck":["AscendersBane","Strike_B","Strike_B","Strike_B+1","Strike_B","Defend_B+1","Defend_B","Defend_B","Defend_B+1","Zap+1","Dualcast","Core Surge+1","Cold Snap","Doom and Gloom","Loop+1","Electrodynamics+1","Electrodynamics","Sunder+1","Consume+1","Fusion","Defragment+1"],"relics":["Cracked Core","Happy Flower","War Paint","Golden Idol","Snecko Eye","Frozen Egg 2"],"potions_floor_usage":[7,7,24,24],"damage_taken":[{"damage":1,"enemies":"Cultist","floor":1,"turns":3},{"damage":7,"enemies":"Jaw Worm","floor":2,"turns":2},{"damage":5,"enemies":"Small Slimes","floor":3,"turns":3},{"damage":9,"enemies":"Red Slaver","floor":4,"turns":3},{"damage":18,"enemies":"Lagavulin","floor":7,"turns":4},{"damage":6,"enemies":"Large Slime","floor":11,"turns":4},{"damage":0,"enemies":"2 Fungi Beasts","floor":14,"turns":2},{"damage":32,"enemies":"The Guardian","floor":16,"turns":11},{"damage":9,"enemies":"Spheric Guardian","floor":18,"turns":3},{"damage":6,"enemies":"2 Thieves","floor":19,"turns":2},{"damage":0,"enemies":"Snecko","floor":20,"turns":3},{"damage":34,"enemies":"Book of Stabbing","floor":24,"turns":4}],"seed_played":"-1420420816184680252","potions_obtained":[{"floor":3,"key":"Fire Potion"},{"floor":4,"key":"SteroidPotion"},{"floor":16,"key":"Block Potion"},{"floor":19,"key":"GamblersBrew"}],"is_trial":false,"path_per_floor":["M","M","M","M","?","R","E","R","T","R","M","R","?","M","R","B",null,"M","M","M","$","?","R","E"],"character_chosen":"DEFECT","items_purchased":["Frozen Egg 2","Defragment+1"],"campfire_rested":2,"item_purchase_floors":[21,21],"current_hp_per_floor":[63,56,51,42,23,42,24,24,24,24,18,18,18,18,35,3,44,35,29,29,29,29,29,0],"gold":56,"neow_bonus":"THREE_RARE_CARDS","is_prod":false,"is_daily":false,"chose_seed":false,"campfire_upgraded":4,"win_rate":0,"timestamp":1545783685,"path_taken":["M","M","M","?","?","R","E","R","T","R","M","R","?","M","R","BOSS","M","M","M","$","?","R","E"],"build_version":"2018-12-20","purchased_purges":0,"victory":false,"max_hp_per_floor":[64,64,64,64,64,64,64,64,64,64,64,64,58,58,58,58,58,58,58,58,58,58,58,58],"card_choices":[{"not_picked":["Machine Learning","Fission"],"picked":"Core Surge","floor":0},{"not_picked":["Turbo","Rebound"],"picked":"Gash","floor":1},{"not_picked":["Beam Cell","Barrage"],"picked":"Cold Snap","floor":2},{"not_picked":["Barrage","Stack","Steam"],"picked":"SKIP","floor":3},{"not_picked":["Beam Cell","Steam"],"picked":"Doom and Gloom","floor":4},{"not_picked":["Steam","Fusion"],"picked":"Loop","floor":7},{"not_picked":["Hologram","Beam Cell"],"picked":"Electrodynamics","floor":11},{"not_picked":["Ball Lightning","Leap","Redo"],"picked":"SKIP","floor":14},{"not_picked":["Thunder Strike","Hyperbeam"],"picked":"Electrodynamics","floor":16},{"not_picked":["Sweeping Beam","Ball Lightning"],"picked":"Sunder","floor":18},{"not_picked":["BootSequence","Conserve Battery"],"picked":"Consume+1","floor":19},{"not_picked":["Compile Driver+1","Barrage"],"picked":"Fusion","floor":20}],"player_experience":4049815,"relics_obtained":[{"floor":7,"key":"Happy Flower"},{"floor":9,"key":"War Paint"}],"event_choices":[{"damage_healed":0,"gold_gain":0,"player_choice":"Entered Light","damage_taken":19,"max_hp_gain":0,"max_hp_loss":0,"event_name":"Shining Light","floor":5,"gold_loss":0,"cards_upgraded":["Strike_B","Core Surge"]},{"damage_healed":0,"gold_gain":0,"player_choice":"Lose Max HP","damage_taken":0,"relics_obtained":["Golden Idol"],"max_hp_gain":0,"max_hp_loss":6,"event_name":"Golden Idol","floor":13,"gold_loss":0},{"cards_removed":["Gash"],"damage_healed":0,"gold_gain":0,"player_choice":"Purged","damage_taken":0,"max_hp_gain":0,"max_hp_loss":0,"event_name":"Purifier","floor":22,"gold_loss":0}],"is_beta":true,"boss_relics":[{"not_picked":["Fusion Hammer","Nuclear Battery"],"picked":"Snecko Eye"}],"items_purged_floors":[],"is_endless":false,"potions_floor_spawned":[3,4,16,19],"killed_by":"Book of Stabbing","ascension_level":20}