{"gold_per_floor":[115,132,232,249,260,285,285,296,296,296],"floor_reached":10,"playtime":588,"items_purged":[],"score":88,"play_id":"e135cc21-214f-43b2-aa19-4e83ecf6869b","local_time":"20181209133441","is_ascension_mode":true,"campfire_choices":[],"neow_cost":"NONE","seed_source_timestamp":1351801112819300,"circlet_count":0,"master_deck":["Defend_G","Defend_G","Defend_G","Defend_G","Defend_G","Strike_G","Strike_G","Strike_G","Strike_G","Survivor","Neutralize","PiercingWail","Dodge and Roll","Dash","Calculated Gamble","Accuracy","Tactician","Distraction"],"relics":["Ring of the Snake","NeowsBlessing","Pen Nib","Potion Belt"],"potions_floor_usage":[6,6],"damage_taken":[{"damage":0,"enemies":"Jaw Worm","floor":1,"turns":1},{"damage":0,"enemies":"Cultist","floor":2,"turns":1},{"damage":0,"enemies":"Small Slimes","floor":4,"turns":1},{"damage":38,"enemies":"Exordium Thugs","floor":5,"turns":10},{"damage":28,"enemies":"Lagavulin","floor":6,"turns":12},{"damage":1,"enemies":"Exordium Wildlife","floor":8,"turns":4},{"damage":9,"enemies":"3 Louse","floor":10,"turns":1}],"seed_played":"-294472859385000684","potions_obtained":[{"floor":4,"key":"Dexterity Potion"},{"floor":5,"key":"Block Potion"}],"is_trial":false,"path_per_floor":["M","M","?","M","M","E","?","M","T","M"],"character_chosen":"THE_SILENT","items_purchased":[],"campfire_rested":0,"item_purchase_floors":[],"current_hp_per_floor":[70,70,70,70,32,4,4,3,3,0],"gold":296,"neow_bonus":"THREE_ENEMY_KILL","is_prod":false,"is_daily":false,"chose_seed":false,"campfire_upgraded":0,"win_rate":0,"timestamp":1544380481,"path_taken":["M","M","?","?","?","E","?","M","T","M"],"build_version":"2018-12-06","purchased_purges":0,"victory":false,"max_hp_per_floor":[70,70,70,70,70,70,70,70,70,70],"card_choices":[{"not_picked":["Quick Slash","Calculated Gamble"],"picked":"PiercingWail","floor":1},{"not_picked":["Acrobatics","Prepared"],"picked":"Dodge and Roll","floor":2},{"not_picked":["Blade Dance","Eviscerate"],"picked":"Dash","floor":4},{"not_picked":["Catalyst","Bane"],"picked":"Calculated Gamble","floor":5},{"not_picked":["Outmaneuver","Flechettes"],"picked":"Accuracy","floor":6},{"not_picked":["Outmaneuver","Escape Plan"],"picked":"Distraction","floor":8}],"player_experience":282975,"relics_obtained":[{"floor":6,"key":"Pen Nib"},{"floor":9,"key":"Potion Belt"}],"event_choices":[{"damage_healed":0,"gold_gain":100,"player_choice":"Pray","damage_taken":0,"max_hp_gain":0,"max_hp_loss":0,"event_name":"Golden Shrine","floor":3,"gold_loss":0},{"damage_healed":0,"gold_gain":0,"cards_transformed":["Strike_G"],"player_choice":"Transformed","damage_taken":0,"max_hp_gain":0,"max_hp_loss":0,"event_name":"Transmorgrifier","floor":7,"gold_loss":0,"cards_obtained":["Tactician"]}],"is_beta":false,"boss_relics":[],"items_purged_floors":[],"is_endless":false,"potions_floor_spawned":[4,5],"killed_by":"3 Louse","ascension_level":5}