{"gold_per_floor":[117,130,205,217,217,217,217,217,217,217,392,392,402,402,402,498,498,518,195,208,224,244,244,244],"floor_reached":24,"playtime":1760,"items_purged":["Strike_R"],"score":220,"play_id":"a0440986-463b-461f-9e3d-0e0982c7fc21","local_time":"20190209215330","is_ascension_mode":true,"campfire_choices":[{"floor":6,"key":"RECALL"},{"data":"Feed","floor":8,"key":"SMITH"},{"data":"Heavy Blade","floor":10,"key":"SMITH"},{"data":"Bash","floor":12,"key":"SMITH"},{"data":"Flame Barrier","floor":15,"key":"SMITH"},{"data":"Disarm","floor":23,"key":"SMITH"}],"neow_cost":"NONE","seed_source_timestamp":772658672158547,"circlet_count":0,"master_deck":["Strike_R","Strike_R","Strike_R","Defend_R","Defend_R","Defend_R","Defend_R","Bash+1","Flame Barrier+1","Heavy Blade+1","Feed+1","Disarm+1","Bludgeon","Shrug It Off","True Grit","Shrug It Off","True Grit+1"],"special_seed":0,"relics":["Burning Blood","Orichalcum","Philosopher\u0027s Stone","Bag of Marbles"],"potions_floor_usage":[24],"damage_taken":[{"damage":0.0,"enemies":"2 Louse","floor":1.0,"turns":2.0},{"damage":1.0,"enemies":"Jaw Worm","floor":2.0,"turns":6.0},{"damage":2.0,"enemies":"Small Slimes","floor":4.0,"turns":4.0},{"damage":0,"enemies":"Gremlin Gang","floor":13,"turns":6},{"damage":57,"enemies":"The Guardian","floor":16,"turns":21},{"damage":25,"enemies":"Spheric Guardian","floor":18,"turns":4},{"damage":7,"enemies":"Chosen","floor":20,"turns":3},{"damage":17,"enemies":"Centurion and Healer","floor":21,"turns":10},{"damage":12,"enemies":"Snake Plant","floor":22,"turns":3},{"damage":70,"enemies":"Sentry and Sphere","floor":24,"turns":9}],"seed_played":"5407663124757119107","potions_obtained":[{"floor":1.0,"key":"AttackPotion"},{"floor":20,"key":"Explosive Potion"},{"floor":22,"key":"Dexterity Potion"}],"is_trial":false,"path_per_floor":["M","M","?","M","?","R","?","R","T","R","?","R","M","?","R","B",null,"M","$","M","M","M","R","M"],"character_chosen":"IRONCLAD","items_purchased":["Shrug It Off","Bag of Marbles","True Grit"],"campfire_rested":0,"item_purchase_floors":[19,19,19],"current_hp_per_floor":[80,80,69,73,66,66,71,71,71,71,71,71,81,81,81,34,93,78,78,77,70,68,68,0],"gold":244,"neow_bonus":"RANDOM_COMMON_RELIC","is_prod":false,"is_daily":false,"chose_seed":false,"campfire_upgraded":5,"win_rate":0,"timestamp":1549767210,"path_taken":["M","M","?","M","?","R","?","R","T","R","?","R","M","?","R","BOSS","M","$","M","M","M","R","M"],"build_version":"2019-01-23","purchased_purges":1,"victory":false,"max_hp_per_floor":[80,80,80,80,80,80,85,85,85,85,85,85,89,89,89,93,93,97,97,97,101,105,105,105],"card_choices":[{"not_picked":["Headbutt","Twin Strike"],"picked":"Flame Barrier","floor":1.0},{"not_picked":["True Grit","Entrench"],"picked":"Heavy Blade","floor":2.0},{"not_picked":["Evolve","Sword Boomerang"],"picked":"Feed","floor":4},{"not_picked":["Entrench","Wild Strike"],"picked":"Disarm","floor":13},{"not_picked":["Barricade","Brutality"],"picked":"Bludgeon","floor":16},{"not_picked":["Body Slam","Rage","Clash"],"picked":"SKIP","floor":18},{"not_picked":["Headbutt","Perfected Strike+1"],"picked":"Shrug It Off","floor":20},{"not_picked":["Warcry","Cleave"],"picked":"True Grit+1","floor":21},{"not_picked":["Sever Soul","Body Slam","Havoc"],"picked":"SKIP","floor":22}],"player_experience":1010733,"relics_obtained":[],"event_choices":[{"damage_healed":0.0,"max_hp_gain":0.0,"max_hp_loss":0.0,"gold_gain":75.0,"event_name":"World of Goop","player_choice":"Gather Gold","floor":3.0,"gold_loss":0.0,"damage_taken":11.0},{"cards_removed":["Strike_R"],"damage_healed":0,"gold_gain":0,"player_choice":"Card Removal","damage_taken":7,"max_hp_gain":0,"max_hp_loss":0,"event_name":"Golden Wing","floor":5,"gold_loss":0},{"damage_healed":0,"gold_gain":0,"player_choice":"Donut","damage_taken":0,"max_hp_gain":5,"max_hp_loss":0,"event_name":"Big Fish","floor":7,"gold_loss":0},{"damage_healed":0,"gold_gain":175,"player_choice":"AGREE","damage_taken":0,"max_hp_gain":0,"max_hp_loss":0,"event_name":"Liars Game","floor":11,"gold_loss":0,"cards_obtained":["Doubt"]},{"cards_removed":["Doubt"],"damage_healed":0,"gold_gain":0,"player_choice":"Card Removal","damage_taken":0,"max_hp_gain":0,"max_hp_loss":0,"event_name":"Wheel of Change","floor":14,"gold_loss":0}],"is_beta":false,"boss_relics":[{"not_picked":["Runic Cube","Lizard Tail"],"picked":"Philosopher\u0027s Stone"}],"items_purged_floors":[19],"is_endless":false,"potions_floor_spawned":[1,20,22],"killed_by":"Sentry and Sphere","ascension_level":1}