{"path_per_floor":["M","?","M","M","M","E","?","?","T","M","R","M","R","$","R","B",null,"M","?","M","?"],"character_chosen":"IRONCLAD","items_purchased":["Anchor","Molten Egg 2"],"gold_per_floor":[114,114,132,149,164,190,190,365,365,375,375,393,393,1,1,106,106,119,44,55,55],"floor_reached":22,"campfire_rested":0,"playtime":1004,"current_hp_per_floor":[80,80,78,77,79,73,73,73,73,65,65,67,67,67,67,37,80,53,53,40,40],"items_purged":[],"gold":55,"score":186,"play_id":"e8a52c65-8c8c-405b-a828-1ab87a178bf6","is_prod":false,"is_daily":false,"is_ascension_mode":false,"campfire_upgraded":0,"path_taken":["M","?","M","M","M","E","?","?","T","?","R","M","R","?","R","BOSS","M","?","?","?","?"],"build_version":"2018-02-22-PROD2","purchased_purges":0,"victory":false,"master_deck":["Strike_R","Strike_R","Strike_R","Strike_R","Strike_R","Bash","Shockwave+1","Twin Strike","Armaments","Offering","Headbutt","Perfected Strike","Sever Soul","Combust","Limit Break","Barricade+1","Second Wind+1","Juggernaut+1","Sword Boomerang+1","Thunderclap+1"],"max_hp_per_floor":[80,80,80,80,80,80,80,80,80,80,80,80,80,80,80,80,80,80,80,80,80],"relics":["Burning Blood","Ginger","Girya","Anchor","Molten Egg 2","Astrolabe"],"card_choices":[{"not_picked":["Body Slam","Warcry"],"picked":"Twin Strike"},{"not_picked":["Shockwave","Shrug It Off"],"picked":"Armaments"},{"not_picked":["Infernal Blade","Searing Blow"],"picked":"Offering"},{"not_picked":["Bloodletting","Pummel"],"picked":"Headbutt"},{"not_picked":["Rupture","True Grit"],"picked":"Perfected Strike"},{"not_picked":["Sword Boomerang","Flex"],"picked":"Sever Soul"},{"not_picked":["Shrug It Off","Inflame"],"picked":"Combust"},{"not_picked":["Impervious","Fiend Fire"],"picked":"Limit Break"},{"not_picked":["Combust","Anger"],"picked":"Sword Boomerang"},{"not_picked":["Warcry","True Grit"],"picked":"Thunderclap"}],"player_experience":18646,"potions_floor_usage":[6,16],"damage_taken":[{"damage":0,"enemies":"Small Slimes","floor":1,"turns":3},{"damage":8,"enemies":"Jaw Worm","floor":3,"turns":3},{"damage":7,"enemies":"Cultist","floor":4,"turns":4},{"damage":4,"enemies":"2 Fungi Beasts","floor":5,"turns":3},{"damage":12,"enemies":"3 Sentries","floor":6,"turns":3},{"damage":14,"enemies":"3 Louse","floor":10,"turns":3},{"damage":4,"enemies":"Looter","floor":12,"turns":1},{"damage":42,"enemies":"The Guardian","floor":16,"turns":7},{"damage":33,"enemies":"Shell Parasite","floor":18,"turns":4},{"damage":19,"enemies":"2 Thieves","floor":20,"turns":3}],"event_choices":[{"event_name":"Golden Wing","player_choice":"Ignored","floor":2,"damage_taken":0},{"event_name":"Upgrade Shrine","player_choice":"Upgraded","floor":7,"damage_taken":0},{"event_name":"Liars Game","player_choice":"agreed","floor":8,"damage_taken":0},{"event_name":"Beggar","player_choice":"Gave Gold","floor":19,"damage_taken":0},{"event_name":"Addict","player_choice":"Ignored","floor":21,"damage_taken":0}],"boss_relics":[{"not_picked":["Question Card","Sozu"],"picked":"Astrolabe"}],"potions_floor_spawned":[5,10,12],"seed_played":"6429271452105470081","ascension_level":0,"is_trial":false}