{"gold_per_floor":[110,128,128,78,95,95,124,124,150,173,185,225,22,47,47,142,142,152,169,179,104,104,104,104],"floor_reached":24,"playtime":1623,"items_purged":["Defend_G"],"score":321,"play_id":"5d972756-95fe-4600-9249-4decdbf42124","local_time":"20190301181340","is_ascension_mode":true,"campfire_choices":[{"data":"Dagger Spray","floor":6,"key":"SMITH"},{"data":"Neutralize","floor":8,"key":"SMITH"},{"floor":15,"key":"REST"},{"data":"Doppelganger","floor":23,"key":"SMITH"}],"neow_cost":"NONE","seed_source_timestamp":168046655026758,"circlet_count":0,"master_deck":["AscendersBane","Defend_G","Defend_G","Defend_G","Defend_G","Strike_G","Strike_G+1","Survivor","Neutralize+1","Dash+1","Dagger Spray+1","PiercingWail","Noxious Fumes","Backflip","Crippling Poison","Footwork","Acrobatics","Doppelganger+1","Caltrops","Dodge and Roll","PiercingWail","Dagger Spray","Distraction+1"],"relics":["Ring of the Snake","Lantern","MawBank","Dodecahedron","Orichalcum","Orrery","Nloth\u0027s Gift"],"potions_floor_usage":[7,14,16,16,16,16,16,24,24],"damage_taken":[{"damage":2,"enemies":"Jaw Worm","floor":1,"turns":8},{"damage":0,"enemies":"Small Slimes","floor":2,"turns":4},{"damage":0,"enemies":"Cultist","floor":5,"turns":4},{"damage":27,"enemies":"Gremlin Nob","floor":7,"turns":5},{"damage":0,"enemies":"Exordium Wildlife","floor":10,"turns":3},{"damage":2,"enemies":"3 Sentries","floor":12,"turns":6},{"damage":12,"enemies":"Gremlin Nob","floor":14,"turns":5},{"damage":21,"enemies":"Slime Boss","floor":16,"turns":11},{"damage":0,"enemies":"3 Byrds","floor":18,"turns":4},{"damage":22,"enemies":"2 Thieves","floor":19,"turns":5},{"damage":17,"enemies":"3 Cultists","floor":20,"turns":5},{"damage":31,"enemies":"Slavers","floor":24,"turns":3}],"seed_played":"6410967951679207717","potions_obtained":[{"floor":0,"key":"EntropicBrew"},{"floor":0,"key":"Weak Potion"},{"floor":0,"key":"Poison Potion"},{"floor":7,"key":"AttackPotion"},{"floor":18,"key":"Strength Potion"},{"floor":19,"key":"FearPotion"},{"floor":20,"key":"Energy Potion"}],"is_trial":false,"path_per_floor":["M","M","?","?","M","R","E","R","T","M","?","E","$","E","R","B",null,"M","M","M","?","?","R","E"],"character_chosen":"THE_SILENT","items_purchased":["Crippling Poison","Footwork"],"campfire_rested":1,"item_purchase_floors":[13,13],"current_hp_per_floor":[61,61,58,58,58,58,31,31,31,31,31,29,29,17,38,32,61,61,39,22,22,22,22,0],"gold":104,"neow_bonus":"THREE_SMALL_POTIONS","is_prod":false,"is_daily":false,"chose_seed":false,"campfire_upgraded":3,"win_rate":0,"timestamp":1551482020,"path_taken":["M","M","?","?","M","R","E","R","T","M","?","E","?","E","R","BOSS","M","?","M","?","?","R","E"],"build_version":"2019-01-23","purchased_purges":1,"victory":false,"max_hp_per_floor":[70,70,70,70,70,70,70,70,70,70,70,70,70,70,70,70,70,70,70,70,70,70,70,70],"card_choices":[{"not_picked":["Dagger Throw","Deadly Poison"],"picked":"Dash","floor":1},{"not_picked":["Prepared","Dodge and Roll"],"picked":"Dagger Spray","floor":2},{"not_picked":["Dagger Throw","Blade Dance"],"picked":"PiercingWail","floor":5},{"not_picked":["Quick Slash","Reflex"],"picked":"Noxious Fumes","floor":7},{"not_picked":["Prepared","Flechettes","Catalyst"],"picked":"SKIP","floor":10},{"not_picked":["Venomology","Dagger Spray"],"picked":"Backflip","floor":12},{"not_picked":["Predator","Deadly Poison"],"picked":"Acrobatics","floor":14},{"not_picked":["After Image","Corpse Explosion"],"picked":"Doppelganger","floor":16},{"not_picked":["PiercingWail","Dodge and Roll"],"picked":"Caltrops","floor":17},{"not_picked":["Bane","Infinite Blades"],"picked":"Dodge and Roll","floor":17},{"not_picked":["Backflip","Blade Dance"],"picked":"PiercingWail","floor":17},{"not_picked":["Infinite Blades","Endless Agony"],"picked":"Dagger Spray","floor":17},{"not_picked":["Calculated Gamble","Choke"],"picked":"Distraction+1","floor":18},{"not_picked":["Deadly Poison","Outmaneuver","Riddle With Holes"],"picked":"SKIP","floor":19},{"not_picked":["Footwork","Flying Knee","Choke"],"picked":"SKIP","floor":20}],"player_experience":302570,"relics_obtained":[{"floor":7,"key":"Whetstone"},{"floor":9,"key":"MawBank"},{"floor":12,"key":"Dodecahedron"},{"floor":14,"key":"Orichalcum"}],"event_choices":[{"damage_healed":0,"gold_gain":0,"player_choice":"Success","damage_taken":3,"relics_obtained":["Lantern"],"max_hp_gain":0,"max_hp_loss":0,"event_name":"Scrap Ooze","floor":3,"gold_loss":0},{"cards_removed":["Strike_G"],"damage_healed":0,"gold_gain":0,"player_choice":"Card Removal","damage_taken":0,"max_hp_gain":0,"max_hp_loss":0,"event_name":"The Cleric","floor":4,"gold_loss":50},{"cards_removed":["Strike_G"],"damage_healed":0,"gold_gain":0,"player_choice":"Forget","damage_taken":0,"max_hp_gain":0,"max_hp_loss":0,"event_name":"Living Wall","floor":11,"gold_loss":0},{"cards_removed":["Strike_G"],"damage_healed":0,"gold_gain":0,"player_choice":"Gave Gold","damage_taken":0,"max_hp_gain":0,"max_hp_loss":0,"event_name":"Beggar","floor":21,"gold_loss":75},{"damage_healed":0,"gold_gain":0,"player_choice":"Traded Relic","damage_taken":0,"relics_obtained":["Nloth\u0027s Gift"],"max_hp_gain":0,"max_hp_loss":0,"event_name":"N\u0027loth","floor":22,"relics_lost":["Whetstone"],"gold_loss":0}],"is_beta":false,"boss_relics":[{"not_picked":["Lizard Tail","Calling Bell"],"picked":"Orrery"}],"items_purged_floors":[13],"is_endless":false,"potions_floor_spawned":[2,7,18,19,20],"killed_by":"Slavers","ascension_level":10}