{"path_per_floor":["M","M","?","$","M","R","E","?","T","R","?","M","M","$","R","B",null,"M","$","?","?","M","R","?","R","T","?","E","R","M","M","R"],"character_chosen":"IRONCLAD","items_purchased":["Sword Boomerang","Ghostly Armor","Inflame","Flame Barrier"],"gold_per_floor":[109,128,128,8,19,19,54,54,54,54,54,66,81,11,11,113,113,131,22,22,22,39,39,39,39,39,39,97,97,111,124,124],"floor_reached":33,"campfire_rested":1,"playtime":1002,"current_hp_per_floor":[77,80,77,77,77,77,57,57,57,57,57,58,62,62,62,38,67,67,67,67,67,71,71,71,71,71,71,49,49,55,35,58],"items_purged":["Strike_R"],"gold":124,"score":355,"play_id":"deb1559c-42b5-4115-b1d9-99a618bac15e","local_time":"20180318205955","is_prod":false,"is_daily":false,"is_ascension_mode":true,"campfire_upgraded":6,"timestamp":1521424795,"path_taken":["M","?","?","$","M","R","E","?","T","R","?","M","M","?","R","BOSS","M","?","?","?","M","R","?","R","T","?","E","R","?","M","R","BOSS"],"build_version":"2018-03-15v3","purchased_purges":1,"victory":false,"master_deck":["Strike_R","Strike_R","Strike_R","Strike_R","Defend_R","Defend_R","Defend_R","Defend_R","Bash+1","Rampage+1","Flex+1","Sword Boomerang+1","Infernal Blade+1","Twin Strike","Flame Barrier","Ghostly Armor","Armaments","Ghostly Armor","Bludgeon+1","Headbutt+1","Inflame+1","Flame Barrier","Ghostly Armor+1","Metallicize+1","Entrench+1"],"max_hp_per_floor":[80,80,77,77,77,77,77,77,77,77,77,77,77,77,77,77,77,77,77,77,77,77,77,77,77,77,77,77,77,77,77,77],"relics":["Burning Blood","Gambling Chip","Lantern","Champion Belt","Sozu","Unceasing Top","Tiny Chest"],"card_choices":[{"not_picked":["Flex","Bloodletting"],"picked":"Rampage"},{"not_picked":["Headbutt","Inflame"],"picked":"Flex"},{"not_picked":["Second Wind","Perfected Strike"],"picked":"Infernal Blade"},{"not_picked":["Blood for Blood","Heavy Blade"],"picked":"Twin Strike"},{"not_picked":["Body Slam","Metallicize"],"picked":"Ghostly Armor"},{"not_picked":["Corruption","Clothesline"],"picked":"Armaments"},{"not_picked":["Demon Form","Immolate"],"picked":"Bludgeon"},{"not_picked":["Clothesline","Burning Pact"],"picked":"Headbutt"},{"not_picked":["Flex","Rage"],"picked":"Ghostly Armor"},{"not_picked":["Flame Barrier","Thunderclap"],"picked":"Metallicize"},{"not_picked":["Bloodletting","Warcry"],"picked":"Entrench"}],"player_experience":314795,"potions_floor_usage":[],"damage_taken":[{"damage":1.0,"enemies":"Cultist","floor":1.0,"turns":3.0},{"damage":2.0,"enemies":"Jaw Worm","floor":2.0,"turns":3.0},{"damage":6.0,"enemies":"2 Louse","floor":5.0,"turns":3.0},{"damage":26.0,"enemies":"Gremlin Nob","floor":7.0,"turns":4.0},{"damage":5.0,"enemies":"2 Fungi Beasts","floor":12.0,"turns":3.0},{"damage":2.0,"enemies":"Large Slime","floor":13.0,"turns":4.0},{"damage":45.0,"enemies":"Hexaghost","floor":16.0,"turns":10.0},{"damage":6.0,"enemies":"3 Byrds","floor":18.0,"turns":4.0},{"damage":2.0,"enemies":"Shell Parasite","floor":22.0,"turns":4.0},{"damage":28.0,"enemies":"Gremlin Leader","floor":28.0,"turns":7.0},{"damage":0.0,"enemies":"Centurion and Healer","floor":30.0,"turns":5.0},{"damage":26.0,"enemies":"Sentry and Sphere","floor":31.0,"turns":6.0},{"damage":72,"enemies":"Automaton","floor":33,"turns":10}],"event_choices":[{"event_name":"Purifier","player_choice":"One Purge","floor":3.0,"damage_taken":0.0},{"event_name":"Living Wall","player_choice":"Grow","floor":8.0,"damage_taken":0.0},{"event_name":"Match and Keep!","player_choice":"1 cards matched","floor":11.0,"damage_taken":0.0},{"event_name":"Addict","player_choice":"Ignored","floor":20.0,"damage_taken":0.0},{"event_name":"Beggar","player_choice":"Ignored","floor":21.0,"damage_taken":0.0},{"event_name":"Accursed Blacksmith","player_choice":"Forge","floor":24.0,"damage_taken":0.0},{"event_name":"Fountain of Cleansing","player_choice":"Removed Curse","floor":27.0,"damage_taken":0.0}],"boss_relics":[],"potions_floor_spawned":[5,7,18,22],"seed_played":"-4988084405725128516","killed_by":"Automaton","ascension_level":7,"is_trial":false}