{"path_per_floor":["M","?","$","?","?","R","M","M","T","$","M","M","M","M","R","B",null,"M","?","M","M"],"character_chosen":"THE_SILENT","items_purchased":["Noxious Fumes","Footwork","Backflip"],"gold_per_floor":[114,114,38,17,17,17,30,45,98,8,28,44,57,77,77,177,177,189,189,203,214],"floor_reached":22,"campfire_rested":1,"playtime":2364,"current_hp_per_floor":[70,52,52,52,52,52,52,49,49,49,49,49,46,41,62,37,70,54,54,47,28],"items_purged":[],"gold":214,"score":180,"play_id":"298bbf9f-ff4e-4edd-80dd-9905f90417dd","is_prod":false,"is_daily":false,"is_ascension_mode":false,"campfire_upgraded":1,"path_taken":["M","?","?","?","?","R","M","M","T","?","?","M","?","M","R","BOSS","M","?","M","M","M"],"build_version":"2018-02-08-PROD1","purchased_purges":0,"victory":false,"master_deck":["Defend_G","Defend_G","Defend_G","Defend_G","Defend_G","Strike_G","Strike_G","Strike_G","Survivor","Neutralize+1","Dagger Throw","Noxious Fumes+1","Slice","Escape Plan","Footwork","Backflip","Catalyst","Infinite Blades","Well Laid Plans","Quick Slash","Envenom","Caltrops","Distraction+1"],"max_hp_per_floor":[70,70,70,70,70,70,70,70,70,70,70,70,70,70,70,70,70,70,70,70,70],"relics":["Ring of the Snake","Ornamental Fan","Anchor","White Beast Statue"],"card_choices":[{"not_picked":["Sucker Punch","Reflex"],"picked":"Dagger Throw"},{"not_picked":["Outmaneuver","Flying Knee"],"picked":"Slice"},{"not_picked":["Quick Slash","Flying Knee"],"picked":"Escape Plan"},{"not_picked":["Bane","Malaise"],"picked":"Catalyst"},{"not_picked":["Well Laid Plans","Bane"],"picked":"Infinite Blades"},{"not_picked":["Underhanded Strike","Dodge and Roll"],"picked":"Well Laid Plans"},{"not_picked":["Flying Knee","Dodge and Roll"],"picked":"Quick Slash"},{"not_picked":["Corpse Explosion","Bullet Time"],"picked":"Envenom"},{"not_picked":["Poisoned Stab","Dagger Throw"],"picked":"Caltrops"},{"not_picked":["Quick Slash","Terror"],"picked":"Distraction"}],"player_experience":63740,"potions_floor_usage":[18,18,20,22],"damage_taken":[{"damage":0,"enemies":"2 Louse","floor":1,"turns":2},{"damage":0,"enemies":"Cultist","floor":7,"turns":4},{"damage":3,"enemies":"Jaw Worm","floor":8,"turns":3},{"damage":0,"enemies":"Exordium Thugs","floor":11,"turns":5},{"damage":0,"enemies":"Large Slime","floor":12,"turns":7},{"damage":3,"enemies":"3 Louse","floor":13,"turns":3},{"damage":5,"enemies":"Gremlin Gang","floor":14,"turns":4},{"damage":25,"enemies":"The Guardian","floor":16,"turns":10},{"damage":16,"enemies":"2 Thieves","floor":18,"turns":5},{"damage":7,"enemies":"3 Byrds","floor":20,"turns":3},{"damage":19,"enemies":"Slaver and Parasite","floor":21,"turns":8},{"damage":0,"enemies":"Cultist and Chosen","floor":22,"turns":4}],"event_choices":[{"event_name":"Scrap Ooze","player_choice":"success","floor":2,"damage_taken":18},{"event_name":"World of Goop","player_choice":"Left","floor":4,"damage_taken":0},{"event_name":"Purifier","player_choice":"One Purge","floor":5,"damage_taken":0},{"event_name":"Back to Basics","player_choice":"Elegance","floor":19,"damage_taken":0}],"boss_relics":[{"not_picked":["Philosopher\u0027s Stone","Runic Dome"],"picked":"White Beast Statue"}],"potions_floor_spawned":[8,14,16,18,20,21],"seed_played":"5512726256737448248","killed_by":"Cultist and Chosen","ascension_level":0,"is_trial":false}