{"gold_per_floor":[115,190,38,38,49,49,80,80,103,131,131,144,1,19,19,116,116,135,135,150,150,166,166,16,48,71,90,90,106,106],"floor_reached":30,"playtime":3959,"items_purged":[],"score":311,"play_id":"eb1fa5f8-1a11-48fd-9a0f-6c7cf21d9f7d","local_time":"20181201113729","is_ascension_mode":true,"campfire_choices":[{"data":"Neutralize","floor":6,"key":"SMITH"},{"data":"Caltrops","floor":8,"key":"SMITH"},{"data":"Dash","floor":15,"key":"SMITH"},{"data":"Tools of the Trade","floor":23,"key":"SMITH"},{"data":"Bullet Time","floor":28,"key":"SMITH"}],"neow_cost":"NONE","seed_source_timestamp":650133712972898,"circlet_count":0,"master_deck":["Survivor","Neutralize+1","Noxious Fumes+1","Caltrops+1","Dash+1","Poisoned Stab","Poisoned Stab","Dash","Blur","Backstab","Tools of the Trade+1","Acrobatics","Slice","Dagger Spray","Flying Knee","PiercingWail","Caltrops","Deadly Poison","Blur","Bouncing Flask","Dagger Spray","Catalyst+1","Backflip+1","Flying Knee+1","Bullet Time+1"],"relics":["Ring of the Snake","NeowsBlessing","Potion Belt","Bag of Marbles","Pen Nib","Ginger","Dream Catcher","Pandora\u0027s Box","Paper Crane","Snake Skull","FossilizedHelix","PreservedInsect"],"potions_floor_usage":[14,16],"damage_taken":[{"damage":0,"enemies":"2 Louse","floor":1,"turns":1},{"damage":0,"enemies":"Jaw Worm","floor":5,"turns":1},{"damage":0,"enemies":"Lagavulin","floor":7,"turns":1},{"damage":11,"enemies":"Gremlin Nob","floor":10,"turns":4},{"damage":0,"enemies":"Cultist","floor":12,"turns":2},{"damage":0,"enemies":"3 Louse","floor":14,"turns":2},{"damage":25,"enemies":"Slime Boss","floor":16,"turns":8},{"damage":11,"enemies":"Shell Parasite","floor":18,"turns":3},{"damage":0,"enemies":"Chosen","floor":20,"turns":4},{"damage":26,"enemies":"Shelled Parasite and Fungi","floor":22,"turns":4},{"damage":14,"enemies":"Book of Stabbing","floor":25,"turns":4},{"damage":11,"enemies":"Sentry and Sphere","floor":27,"turns":5},{"damage":0,"enemies":"Cultist and Chosen","floor":29,"turns":5},{"damage":8,"enemies":"Snake Plant","floor":30,"turns":2}],"seed_played":"-7264818413824788148","potions_obtained":[{"floor":1,"key":"Explosive Potion"},{"floor":5,"key":"Poison Potion"},{"floor":7,"key":"PowerPotion"},{"floor":18,"key":"LiquidBronze"},{"floor":29,"key":"Ancient Potion"}],"is_trial":false,"path_per_floor":["M","?","$","?","M","R","E","R","T","E","T","M","$","M","R","B",null,"M","?","M","?","M","R","$","E","T","M","R","M","M"],"character_chosen":"THE_SILENT","items_purchased":["Caltrops","Dash","Dream Catcher","Snake Skull"],"campfire_rested":0,"item_purchase_floors":[3,3,13,24],"current_hp_per_floor":[70,59,59,59,59,59,59,59,59,48,48,48,48,48,48,23,70,59,59,59,59,33,33,33,19,19,8,8,8,0],"gold":106,"neow_bonus":"THREE_ENEMY_KILL","is_prod":false,"is_daily":false,"chose_seed":false,"campfire_upgraded":5,"win_rate":0,"timestamp":1543682249,"path_taken":["M","?","$","?","M","R","E","R","T","E","?","M","$","?","R","BOSS","M","?","?","?","?","R","$","E","T","M","R","M","M"],"build_version":"2018-11-15","purchased_purges":0,"victory":false,"max_hp_per_floor":[70,70,70,70,70,70,70,70,70,70,70,70,70,70,70,70,70,70,70,70,70,70,70,70,70,70,70,70,70,70],"card_choices":[{"not_picked":["Backstab","Bouncing Flask"],"picked":"Noxious Fumes","floor":1},{"not_picked":["Dagger Throw","Prepared"],"picked":"Poisoned Stab","floor":5},{"not_picked":["Bane","Acrobatics"],"picked":"Poisoned Stab","floor":7},{"not_picked":["Prepared","Deflect"],"picked":"Dash","floor":10},{"not_picked":["Endless Agony","All Out Attack"],"picked":"Blur","floor":12},{"not_picked":["Acrobatics","Eviscerate"],"picked":"Backstab","floor":14},{"not_picked":["Corpse Explosion","Burst"],"picked":"Tools of the Trade","floor":16},{"not_picked":["Poisoned Stab","Expertise"],"picked":"Catalyst","floor":18},{"not_picked":["Slice","Acrobatics+1"],"picked":"Backflip+1","floor":20},{"not_picked":["Calculated Gamble","Outmaneuver+1"],"picked":"Flying Knee+1","floor":22},{"not_picked":["Flechettes+1","Underhanded Strike+1"],"picked":"Bullet Time","floor":25},{"not_picked":["Skewer","Acrobatics+1","Cloak And Dagger"],"picked":"SKIP","floor":27},{"not_picked":["Sucker Punch","Dagger Throw","Deflect"],"picked":"SKIP","floor":29}],"player_experience":196409,"relics_obtained":[{"floor":7,"key":"Potion Belt"},{"floor":9,"key":"Bag of Marbles"},{"floor":10,"key":"Pen Nib"},{"floor":11,"key":"Ginger"},{"floor":25,"key":"FossilizedHelix"},{"floor":26,"key":"PreservedInsect"}],"event_choices":[{"damage_healed":0,"gold_gain":75,"player_choice":"Gather Gold","damage_taken":11,"max_hp_gain":0,"max_hp_loss":0,"event_name":"World of Goop","floor":2,"gold_loss":0},{"damage_healed":0,"gold_gain":0,"player_choice":"Grow","damage_taken":0,"max_hp_gain":0,"max_hp_loss":0,"event_name":"Living Wall","floor":4,"gold_loss":0,"cards_upgraded":["Noxious Fumes"]},{"damage_healed":0,"gold_gain":0,"player_choice":"Upgraded","damage_taken":0,"max_hp_gain":0,"max_hp_loss":0,"event_name":"Upgrade Shrine","floor":19,"gold_loss":0,"cards_upgraded":["Catalyst"]},{"damage_healed":0,"gold_gain":0,"player_choice":"Gave Potion","damage_taken":0,"relics_obtained":["Paper Crane"],"max_hp_gain":0,"max_hp_loss":0,"event_name":"WeMeetAgain","floor":21,"gold_loss":0}],"is_beta":false,"boss_relics":[{"not_picked":["Tiny House","Orrery"],"picked":"Pandora\u0027s Box"}],"items_purged_floors":[],"is_endless":false,"potions_floor_spawned":[1,5,7,18,29],"killed_by":"Snake Plant","ascension_level":2}