{"path_per_floor":["M","?","M","?","M","R","?","R","T","E","R","M","E","M","R"],"character_chosen":"THE_SILENT","items_purchased":[],"gold_per_floor":[117,117,131,131,151,151,151,151,151,184,184,197,223,233,233,233],"floor_reached":16,"campfire_rested":0,"playtime":750,"item_purchase_floors":[],"current_hp_per_floor":[60,53,52,52,51,51,51,51,51,27,27,26,20,18,18,0],"items_purged":[],"gold":233,"score":165,"play_id":"ecdddcb0-dfed-4323-a37b-035a07ea490a","local_time":"20180601002136","is_prod":false,"is_daily":false,"chose_seed":false,"is_ascension_mode":true,"campfire_upgraded":4,"win_rate":0,"timestamp":1527780096,"campfire_choices":[{"data":"Dagger Spray","floor":6,"key":"SMITH"},{"data":"Blur","floor":8,"key":"SMITH"},{"data":"Cloak And Dagger","floor":11,"key":"SMITH"},{"data":"Choke","floor":15,"key":"SMITH"}],"path_taken":["M","?","M","?","?","R","?","R","T","E","R","M","E","M","R","BOSS"],"build_version":"2018-05-24","seed_source_timestamp":701732469087391,"purchased_purges":0,"victory":false,"master_deck":["Defend_G","Defend_G","Defend_G","Defend_G","Strike_G","Strike_G","Strike_G","Strike_G","Survivor","Neutralize","AscendersBane","Cloak And Dagger+1","Blur+1","Dagger Spray+1","Choke+1","Backflip","Cloak And Dagger"],"max_hp_per_floor":[70,70,70,70,70,70,70,70,70,70,70,70,70,70,70,70],"relics":["Ring of the Snake","Toolbox","Gremlin Horn","Prayer Wheel"],"card_choices":[{"not_picked":["Bouncing Flask","Bane"],"picked":"Cloak And Dagger","floor":1},{"not_picked":["Distraction","Deflect"],"picked":"Blur","floor":3},{"not_picked":["Sucker Punch","Underhanded Strike"],"picked":"Dagger Spray","floor":5},{"not_picked":["Dodge and Roll","Setup","Dagger Throw"],"picked":"SKIP","floor":10},{"not_picked":["Outmaneuver","Deflect"],"picked":"Choke","floor":12},{"not_picked":["Poisoned Stab","Prepared"],"picked":"Backflip","floor":13},{"not_picked":["Quick Slash","Finisher"],"picked":"Cloak And Dagger","floor":14},{"not_picked":["Catalyst","Setup","Terror"],"picked":"SKIP","floor":14}],"player_experience":719696,"potions_floor_usage":[10,13,16],"damage_taken":[{"damage":3,"enemies":"Small Slimes","floor":1,"turns":4},{"damage":1,"enemies":"2 Louse","floor":3,"turns":3},{"damage":1,"enemies":"Jaw Worm","floor":5,"turns":6},{"damage":39,"enemies":"Lagavulin","floor":10,"turns":12},{"damage":1,"enemies":"Gremlin Gang","floor":12,"turns":3},{"damage":6,"enemies":"Gremlin Nob","floor":13,"turns":3},{"damage":2,"enemies":"Looter","floor":14,"turns":3},{"damage":18,"enemies":"Slime Boss","floor":16,"turns":3}],"relics_obtained":[{"floor":9,"key":"Toolbox"},{"floor":10,"key":"Gremlin Horn"},{"floor":13,"key":"Prayer Wheel"}],"event_choices":[{"event_name":"Golden Wing","player_choice":"Card Removal","floor":2,"damage_taken":0},{"event_name":"The Lab","player_choice":"Got Potions","floor":4,"damage_taken":0},{"event_name":"Liars Game","player_choice":"disagreed","floor":7,"damage_taken":0}],"boss_relics":[],"items_purged_floors":[],"potions_floor_spawned":[1,10,13],"seed_played":"206208836528682114","killed_by":"Slime Boss","ascension_level":10,"potions_obtained":[{"floor":1,"key":"Regen Potion"},{"floor":4,"key":"EntropicBrew"},{"floor":4,"key":"Fire Potion"},{"floor":10,"key":"Block Potion"},{"floor":13,"key":"SpeedPotion"}],"is_trial":false}