{"gold_per_floor":[115,129,54,4,4,31,31,5,32,32,32,32,56,68,68,68],"floor_reached":16,"playtime":1652,"items_purged":["Strike_G"],"score":96,"play_id":"54a936f0-1e49-4a4b-a876-f0d4367e28cc","local_time":"20190115212850","is_ascension_mode":false,"campfire_choices":[{"data":"Deflect","floor":7,"key":"SMITH"},{"data":"Survivor","floor":10,"key":"SMITH"},{"data":"Prepared","floor":12,"key":"SMITH"},{"floor":15,"key":"REST"}],"neow_cost":"NONE","seed_source_timestamp":202565559110548,"circlet_count":0,"master_deck":["Defend_G","Defend_G","Defend_G","Defend_G","Strike_G","Strike_G","Strike_G","Strike_G","Survivor+1","Neutralize+1","Backstab","Prepared+1","Deflect+1","Acrobatics","Flying Knee","Deflect"],"relics":["Ring of the Snake","Lantern","Pen Nib","Dream Catcher"],"potions_floor_usage":[16],"damage_taken":[{"damage":0,"enemies":"Jaw Worm","floor":1,"turns":5},{"damage":0,"enemies":"2 Louse","floor":2,"turns":2},{"damage":26,"enemies":"3 Sentries","floor":6,"turns":17},{"damage":0,"enemies":"Cultist","floor":14,"turns":4},{"damage":67,"enemies":"Slime Boss","floor":16,"turns":13}],"seed_played":"8437196216888142933","potions_obtained":[{"floor":1,"key":"LiquidBronze"},{"floor":6,"key":"Poison Potion"},{"floor":14,"key":"GamblersBrew"}],"is_trial":false,"path_per_floor":["M","M","$","?","?","E","R","$","T","R","$","R","T","M","R","B"],"character_chosen":"THE_SILENT","items_purchased":["Acrobatics"],"campfire_rested":1,"item_purchase_floors":[8],"current_hp_per_floor":[70,70,70,70,70,44,44,44,44,44,44,44,44,44,65,0],"gold":68,"neow_bonus":"UPGRADE_CARD","is_prod":false,"is_daily":false,"chose_seed":false,"campfire_upgraded":3,"win_rate":0,"timestamp":1547587730,"path_taken":["M","M","$","?","?","E","R","?","T","R","$","R","?","M","R","BOSS"],"build_version":"2019-01-10","purchased_purges":1,"victory":false,"max_hp_per_floor":[70,70,70,70,70,70,70,70,70,70,70,70,70,70,70,70],"card_choices":[{"not_picked":["Expertise","Underhanded Strike"],"picked":"Backstab","floor":1},{"not_picked":["Crippling Poison","Outmaneuver"],"picked":"Prepared","floor":2},{"not_picked":["Bouncing Flask","Endless Agony"],"picked":"Deflect","floor":6},{"not_picked":["Reflex","Deadly Poison"],"picked":"Flying Knee","floor":14},{"not_picked":["Concentrate","Skewer"],"picked":"Deflect","floor":15}],"player_experience":317036,"relics_obtained":[{"floor":6,"key":"Lantern"},{"floor":9,"key":"Pen Nib"},{"floor":13,"key":"Dream Catcher"}],"event_choices":[{"cards_removed":["Defend_G"],"damage_healed":0,"gold_gain":0,"player_choice":"Card Removal","damage_taken":0,"max_hp_gain":0,"max_hp_loss":0,"event_name":"The Cleric","floor":4,"gold_loss":50},{"damage_healed":0,"gold_gain":0,"player_choice":"Ignored","damage_taken":0,"max_hp_gain":0,"max_hp_loss":0,"event_name":"Shining Light","floor":5,"gold_loss":0}],"is_beta":false,"boss_relics":[],"items_purged_floors":[3],"is_endless":false,"potions_floor_spawned":[1,6,14],"killed_by":"Slime Boss","ascension_level":0}