{"gold_per_floor":[119,119,131,144,154,183,33,33,33,50,50,23,23,43,43,143,143,162,181,191,42,62,95,95,194,194,208,221,248,260,29,29,127,127,138,150,161,161,261,261,276,276,276,293,4,39,39,55,55,55],"floor_reached":51,"playtime":5061,"items_purged":["Strike_G","Parasite"],"score":675,"play_id":"8566f779-9f74-4487-b0dd-fac7cbc3fbe4","local_time":"20190301211942","is_ascension_mode":false,"campfire_choices":[{"data":"Neutralize","floor":8.0,"key":"SMITH"},{"data":"Cloak And Dagger","floor":11.0,"key":"SMITH"},{"data":"Skewer","floor":13.0,"key":"SMITH"},{"data":"Dodge and Roll","floor":15.0,"key":"SMITH"},{"data":"Noxious Fumes","floor":32.0,"key":"SMITH"},{"data":"Noxious Fumes","floor":40.0,"key":"SMITH"},{"data":"Footwork","floor":47.0,"key":"SMITH"},{"data":"Footwork","floor":49.0,"key":"SMITH"}],"neow_cost":"NONE","seed_source_timestamp":18731124364500,"circlet_count":0,"master_deck":["Defend_G","Defend_G","Defend_G","Defend_G","Defend_G","Strike_G","Strike_G","Strike_G","Strike_G","Survivor","Neutralize+1","Dagger Spray","Cloak And Dagger+1","Skewer+1","Dodge and Roll+1","Malaise","PiercingWail","Flying Knee","Adrenaline","Blur","Well Laid Plans+1","Noxious Fumes+1","Malaise","Backflip","Infinite Blades+1","Caltrops","Footwork+1","Dash","Cloak And Dagger","Noxious Fumes+1","Escape Plan+1","Deflect+1","Footwork+1","Masterful Stab+1"],"special_seed":0,"relics":["Ring of the Snake","Centennial Puzzle","Darkstone Periapt","Coffee Dripper","Anchor","Enchiridion","Tough Bandages","Pocketwatch","Philosopher\u0027s Stone","Unceasing Top","Lantern","Boot","Happy Flower"],"potions_floor_usage":[],"damage_taken":[{"damage":1.0,"enemies":"Cultist","floor":1.0,"turns":4.0},{"damage":1.0,"enemies":"2 Louse","floor":2.0,"turns":2.0},{"damage":2.0,"enemies":"Jaw Worm","floor":3.0,"turns":5.0},{"damage":0.0,"enemies":"2 Fungi Beasts","floor":4.0,"turns":4.0},{"damage":0.0,"enemies":"3 Louse","floor":5.0,"turns":3.0},{"damage":8.0,"enemies":"3 Sentries","floor":6.0,"turns":4.0},{"damage":2.0,"enemies":"Blue Slaver","floor":10.0,"turns":5.0},{"damage":0.0,"enemies":"Gremlin Gang","floor":14.0,"turns":4.0},{"damage":46.0,"enemies":"Hexaghost","floor":16.0,"turns":11.0},{"damage":0.0,"enemies":"Shell Parasite","floor":18.0,"turns":6.0},{"damage":0.0,"enemies":"Chosen","floor":19.0,"turns":5.0},{"damage":0.0,"enemies":"Snake Plant","floor":20.0,"turns":8.0},{"damage":1.0,"enemies":"Chosen and Byrds","floor":22.0,"turns":8.0},{"damage":2.0,"enemies":"Book of Stabbing","floor":23.0,"turns":9.0},{"damage":4.0,"enemies":"Shelled Parasite and Fungi","floor":27.0,"turns":9.0},{"damage":0.0,"enemies":"3 Cultists","floor":28.0,"turns":4.0},{"damage":1.0,"enemies":"Gremlin Leader","floor":29.0,"turns":5.0},{"damage":0.0,"enemies":"Snake Plant","floor":30.0,"turns":4.0},{"damage":25.0,"enemies":"Champ","floor":33.0,"turns":15.0},{"damage":0.0,"enemies":"Orb Walker","floor":35.0,"turns":4.0},{"damage":17.0,"enemies":"3 Shapes","floor":36.0,"turns":4.0},{"damage":3.0,"enemies":"Writhing Mass","floor":37.0,"turns":8.0},{"damage":0.0,"enemies":"Mind Bloom Boss Battle","floor":39.0,"turns":6.0},{"damage":20.0,"enemies":"Jaw Worm Horde","floor":41.0,"turns":5.0},{"damage":0.0,"enemies":"Transient","floor":44.0,"turns":5.0},{"damage":12.0,"enemies":"Nemesis","floor":46.0,"turns":7.0},{"damage":1.0,"enemies":"Maw","floor":48.0,"turns":8.0},{"damage":21,"enemies":"Awakened One","floor":50,"turns":16}],"seed_played":"4195745571825880365","potions_obtained":[{"floor":0.0,"key":"PowerPotion"},{"floor":0.0,"key":"Poison Potion"},{"floor":0.0,"key":"Regen Potion"},{"floor":2.0,"key":"SkillPotion"},{"floor":6.0,"key":"Dexterity Potion"},{"floor":19.0,"key":"Energy Potion"},{"floor":20.0,"key":"AttackPotion"},{"floor":22.0,"key":"SteroidPotion"},{"floor":29.0,"key":"Weak Potion"},{"floor":33.0,"key":"Weak Potion"},{"floor":41.0,"key":"Regen Potion"}],"is_trial":false,"path_per_floor":["M","M","M","M","M","E","$","R","T","M","R","$","R","M","R","B",null,"M","M","M","$","M","E","?","?","T","M","M","E","M","$","R","B",null,"M","M","M","?","?","R","M","?","T","M","$","E","R","M","R","B",null],"character_chosen":"THE_SILENT","items_purchased":["Malaise","Flying Knee","Noxious Fumes","Footwork","Dash","Regen Potion","Footwork","Boot"],"campfire_rested":0,"item_purchase_floors":[7,12,21,31,31,31,45,45],"current_hp_per_floor":[69,68,66,66,66,58,58,58,58,56,56,56,56,56,56,25,70,70,70,70,70,69,67,51,51,51,47,47,46,46,46,46,21,70,70,53,56,56,56,56,51,51,51,66,66,54,54,53,53,32],"gold":55,"neow_bonus":"THREE_SMALL_POTIONS","is_prod":false,"is_daily":false,"chose_seed":false,"campfire_upgraded":8,"win_rate":0,"timestamp":1551503982,"path_taken":["M","M","?","M","M","E","$","R","T","M","R","$","R","M","R","BOSS","M","?","M","$","M","E","?","?","T","M","M","E","M","$","R","BOSS","M","M","M","?","?","R","M","?","T","M","$","E","R","M","R","BOSS"],"build_version":"2019-01-23","purchased_purges":2,"victory":true,"max_hp_per_floor":[70,70,70,70,70,70,70,70,70,70,70,70,70,70,70,70,70,70,70,70,70,70,70,70,70,70,70,70,70,70,70,70,70,70,70,70,76,76,76,76,76,76,76,76,73,73,73,73,73,73],"card_choices":[{"not_picked":["Deflect","Infinite Blades"],"picked":"Dagger Spray","floor":1.0},{"not_picked":["Acrobatics","Cloak And Dagger","Terror"],"picked":"SKIP","floor":2.0},{"not_picked":["Backflip","Dagger Spray","Prepared"],"picked":"SKIP","floor":3.0},{"not_picked":["Sucker Punch","Calculated Gamble"],"picked":"Cloak And Dagger","floor":4.0},{"not_picked":["PiercingWail","Flying Knee"],"picked":"Skewer","floor":5.0},{"not_picked":["Escape Plan","Quick Slash"],"picked":"Dodge and Roll","floor":6.0},{"not_picked":["Dodge and Roll","Night Terror"],"picked":"PiercingWail","floor":10.0},{"not_picked":["Distraction","Prepared","Outmaneuver"],"picked":"SKIP","floor":14.0},{"not_picked":["Grand Finale","Doppelganger"],"picked":"Adrenaline","floor":16.0},{"not_picked":["Deadly Poison+1","Riddle With Holes","Outmaneuver"],"picked":"SKIP","floor":18.0},{"not_picked":["Calculated Gamble+1","Outmaneuver"],"picked":"Blur","floor":19.0},{"not_picked":["Bane","Underhanded Strike+1"],"picked":"Well Laid Plans+1","floor":20.0},{"not_picked":["Blade Dance","PiercingWail"],"picked":"Malaise","floor":22.0},{"not_picked":["Outmaneuver+1","Slice"],"picked":"Backflip","floor":23.0},{"not_picked":["Backflip","Sucker Punch"],"picked":"Infinite Blades+1","floor":27.0},{"not_picked":["Dodge and Roll","Die Die Die","Slice"],"picked":"SKIP","floor":28.0},{"not_picked":["Infinite Blades","Bouncing Flask"],"picked":"Caltrops","floor":29.0},{"not_picked":["Deflect","Blade Dance","Crippling Poison+1"],"picked":"SKIP","floor":30.0},{"not_picked":["Deflect","Poisoned Stab+1"],"picked":"Cloak And Dagger","floor":35.0},{"not_picked":["All Out Attack","Caltrops"],"picked":"Noxious Fumes","floor":36.0},{"not_picked":["Setup","Bane+1","Underhanded Strike+1"],"picked":"SKIP","floor":37.0},{"not_picked":["Cloak And Dagger","Envenom"],"picked":"Escape Plan+1","floor":41.0},{"not_picked":["Prepared","Flying Knee+1"],"picked":"Deflect+1","floor":44.0},{"not_picked":["Eviscerate+1","Underhanded Strike+1"],"picked":"Masterful Stab+1","floor":46.0},{"not_picked":["Catalyst","Deflect","Acrobatics"],"picked":"SKIP","floor":48.0}],"player_experience":101653,"relics_obtained":[{"floor":6.0,"key":"Centennial Puzzle"},{"floor":9.0,"key":"Darkstone Periapt"},{"floor":23.0,"key":"Anchor"},{"floor":24.0,"key":"Enchiridion"},{"floor":26.0,"key":"Tough Bandages"},{"floor":29.0,"key":"Pocketwatch"},{"floor":39.0,"key":"Unceasing Top"},{"floor":43.0,"key":"Lantern"},{"floor":46.0,"key":"Happy Flower"}],"event_choices":[{"damage_healed":0.0,"max_hp_gain":0.0,"max_hp_loss":0.0,"gold_gain":0.0,"event_name":"Cursed Tome","player_choice":"Obtained Book","floor":24.0,"gold_loss":0.0,"damage_taken":16.0},{"damage_healed":0.0,"max_hp_gain":0.0,"max_hp_loss":0.0,"gold_gain":99.0,"event_name":"Nest","player_choice":"Stole From Cult","floor":25.0,"gold_loss":0.0,"damage_taken":0.0},{"damage_healed":0.0,"max_hp_gain":0.0,"max_hp_loss":0.0,"gold_gain":0.0,"event_name":"SensoryStone","player_choice":"Memory 1","floor":38.0,"gold_loss":0.0,"damage_taken":0.0},{"damage_healed":0.0,"max_hp_gain":0.0,"max_hp_loss":0.0,"gold_gain":0.0,"event_name":"MindBloom","player_choice":"Fight","floor":39.0,"gold_loss":0.0,"damage_taken":0.0},{"damage_healed":0.0,"max_hp_gain":0.0,"max_hp_loss":0.0,"gold_gain":0.0,"event_name":"Tomb of Lord Red Mask","player_choice":"Ignored","floor":42.0,"gold_loss":0.0,"damage_taken":0.0}],"is_beta":false,"boss_relics":[{"not_picked":["HoveringKite","Ectoplasm"],"picked":"Coffee Dripper"},{"not_picked":["Tiny House","Empty Cage"],"picked":"Philosopher\u0027s Stone"}],"items_purged_floors":[21,45],"is_endless":false,"potions_floor_spawned":[2,4,6,10,19,20,22,29,33,36,37,41],"ascension_level":0}