{"gold_per_floor":[119,131,58,133,133,133,149,168,191,207,252,364,391,423,435,549,561,586,614,626,253,266,266,294,194,194,194,3,3,3,3,3,3],"floor_reached":33,"playtime":1114,"items_purged":["Strike_R","Strike_R"],"score":247,"play_id":"c974f827-592c-4cb5-b311-86a8c8d51dbf","local_time":"20181101002806","is_ascension_mode":true,"campfire_choices":[{"data":"Whirlwind","floor":6,"key":"SMITH"},{"data":"Flex","floor":15,"key":"SMITH"},{"data":"Flex","floor":23,"key":"SMITH"},{"data":"True Grit","floor":27,"key":"SMITH"},{"data":"J.A.X.","floor":29,"key":"SMITH"},{"floor":32,"key":"REST"}],"neow_cost":"NONE","seed_source_timestamp":1889989449202406,"circlet_count":0,"master_deck":["Strike_R","Strike_R","Strike_R","Defend_R","Defend_R","Defend_R","Defend_R","Bash","True Grit+1","Flex+1","Whirlwind+1","Flex+1","Shrug It Off","Heavy Blade+1","J.A.X.+1","Heavy Blade+1"],"relics":["Burning Blood","Juzu Bracelet","MawBank","Sozu","FossilizedHelix","Red Mask","Bottled Flame","Chemical X"],"potions_floor_usage":[16,16,24],"damage_taken":[{"damage":10,"enemies":"Jaw Worm","floor":1,"turns":5},{"damage":7,"enemies":"Small Slimes","floor":2,"turns":4},{"damage":7,"enemies":"2 Louse","floor":7,"turns":2},{"damage":14,"enemies":"Lots of Slimes","floor":8,"turns":3},{"damage":0,"enemies":"Exordium Thugs","floor":10,"turns":3},{"damage":0,"enemies":"Gremlin Gang","floor":13,"turns":1},{"damage":9,"enemies":"Red Slaver","floor":14,"turns":3},{"damage":60,"enemies":"The Guardian","floor":16,"turns":11},{"damage":12,"enemies":"Shell Parasite","floor":18,"turns":5},{"damage":30,"enemies":"2 Thieves","floor":19,"turns":3},{"damage":36,"enemies":"Shelled Parasite and Fungi","floor":22,"turns":5},{"damage":0,"enemies":"Masked Bandits","floor":24,"turns":3},{"damage":68,"enemies":"Champ","floor":33,"turns":6}],"seed_played":"1476841993972527976","potions_obtained":[{"floor":1,"key":"AttackPotion"},{"floor":7,"key":"SteroidPotion"},{"floor":8,"key":"AttackPotion"},{"floor":14,"key":"Strength Potion"}],"is_trial":false,"path_per_floor":["M","M","$","?","$","R","M","M","T","M","T","?","M","M","R","B",null,"M","M","?","$","M","R","?","$","T","R","$","R","$","?","R"],"character_chosen":"IRONCLAD","items_purchased":["Whirlwind","FossilizedHelix","Chemical X"],"campfire_rested":1,"item_purchase_floors":[3,21,28],"current_hp_per_floor":[84,83,83,72,72,72,71,63,63,69,69,69,75,72,72,18,88,82,58,58,58,28,28,34,34,34,34,34,34,34,34,60,0],"gold":3,"neow_bonus":"TEN_PERCENT_HP_BONUS","is_prod":false,"is_daily":false,"chose_seed":false,"campfire_upgraded":5,"win_rate":0,"timestamp":1541046486,"path_taken":["M","M","$","?","$","R","?","M","T","M","?","?","M","M","R","BOSS","M","M","?","?","M","R","?","$","T","R","$","R","?","?","R","BOSS"],"build_version":"2018-10-25v2","purchased_purges":2,"victory":false,"max_hp_per_floor":[88,88,88,88,88,88,88,88,88,88,88,88,88,88,88,88,88,88,88,88,88,88,88,88,88,88,88,88,88,88,88,88,88],"card_choices":[{"not_picked":["Combust","Feel No Pain"],"picked":"True Grit","floor":1},{"not_picked":["Bloodletting","Evolve"],"picked":"Flex","floor":2},{"not_picked":["Clothesline","Burning Pact","Body Slam"],"picked":"SKIP","floor":7},{"not_picked":["Headbutt","Searing Blow"],"picked":"Flex","floor":8},{"not_picked":["Iron Wave","Entrench","Power Through"],"picked":"SKIP","floor":10},{"not_picked":["Pommel Strike","Perfected Strike","Body Slam"],"picked":"SKIP","floor":13},{"not_picked":["Sever Soul","Clash"],"picked":"Shrug It Off","floor":14},{"not_picked":["Headbutt","Heavy Blade+1","Wild Strike"],"picked":"SKIP","floor":18},{"not_picked":["Headbutt","Wild Strike"],"picked":"Heavy Blade+1","floor":18},{"not_picked":["Fire Breathing","Ghostly Armor","Wild Strike+1"],"picked":"SKIP","floor":19},{"not_picked":["Ghostly Armor","Wild Strike","Clothesline"],"picked":"SKIP","floor":22},{"not_picked":["Cleave","Exhume"],"picked":"Heavy Blade+1","floor":24}],"player_experience":716974,"relics_obtained":[{"floor":9,"key":"Juzu Bracelet"},{"floor":11,"key":"MawBank"},{"floor":24,"key":"Red Mask"},{"floor":26,"key":"Bottled Flame"}],"event_choices":[{"damage_healed":0,"gold_gain":75,"player_choice":"Gather Gold","damage_taken":11,"max_hp_gain":0,"max_hp_loss":0,"event_name":"World of Goop","floor":4,"gold_loss":0},{"damage_healed":0,"gold_gain":100,"player_choice":"Pray","damage_taken":0,"max_hp_gain":0,"max_hp_loss":0,"event_name":"Golden Shrine","floor":12,"gold_loss":0},{"damage_healed":0,"gold_gain":0,"player_choice":"Obtain J.A.X.","damage_taken":0,"max_hp_gain":0,"max_hp_loss":0,"event_name":"Drug Dealer","floor":20,"gold_loss":0,"cards_obtained":["J.A.X."]},{"damage_healed":0,"gold_gain":0,"player_choice":"Fought Bandits","damage_taken":0,"max_hp_gain":0,"max_hp_loss":0,"event_name":"Masked Bandits","floor":24,"gold_loss":0},{"damage_healed":0,"gold_gain":0,"player_choice":"Ignored","damage_taken":0,"max_hp_gain":0,"max_hp_loss":0,"event_name":"Vampires","floor":31,"gold_loss":0}],"is_beta":false,"boss_relics":[{"not_picked":["Ectoplasm","Mark of Pain"],"picked":"Sozu"}],"items_purged_floors":[21,25],"is_endless":false,"potions_floor_spawned":[1,7,8,14,19],"killed_by":"Champ","ascension_level":1}