{"gold_per_floor":[113,113,126,143,108,108,142,107,107,117,136,148,148,148],"floor_reached":14,"playtime":914,"items_purged":[],"score":175,"play_id":"0aef0def-5ca1-4c4a-89aa-76906b763c28","local_time":"20190303081734","is_ascension_mode":true,"campfire_choices":[{"data":"Sucker Punch","floor":6,"key":"SMITH"},{"floor":13,"key":"REST"}],"neow_cost":"PERCENT_DAMAGE","seed_source_timestamp":127452254667265,"circlet_count":0,"master_deck":["AscendersBane","Defend_G","Defend_G","Defend_G","Defend_G","Defend_G","Strike_G","Strike_G","Strike_G","Strike_G","Survivor","Neutralize","Deflect","Sucker Punch+1","Blade Dance","Dagger Throw","PiercingWail","Leg Sweep"],"relics":["Ring of the Snake","Unceasing Top","The Courier","Happy Flower"],"potions_floor_usage":[11,14],"damage_taken":[{"damage":3,"enemies":"Jaw Worm","floor":1,"turns":7},{"damage":2,"enemies":"Cultist","floor":3,"turns":6},{"damage":0,"enemies":"2 Louse","floor":4,"turns":3},{"damage":47,"enemies":"3 Sentries","floor":7,"turns":17},{"damage":3,"enemies":"Blue Slaver","floor":10,"turns":4},{"damage":4,"enemies":"Exordium Thugs","floor":11,"turns":7},{"damage":0,"enemies":"Red Slaver","floor":12,"turns":5},{"damage":23,"enemies":"Exordium Wildlife","floor":14,"turns":5}],"seed_played":"7373480324498826226","potions_obtained":[{"floor":10,"key":"Explosive Potion"},{"floor":11,"key":"Strength Potion"}],"is_trial":false,"path_per_floor":["M","?","M","M","?","R","E","?","T","M","M","M","R","M"],"character_chosen":"THE_SILENT","items_purchased":[],"campfire_rested":1,"item_purchase_floors":[],"current_hp_per_floor":[41,41,39,39,55,55,8,8,8,5,1,1,20,0],"gold":148,"neow_bonus":"ONE_RARE_RELIC","is_prod":false,"is_daily":false,"chose_seed":false,"campfire_upgraded":1,"win_rate":0,"timestamp":1551593854,"path_taken":["M","?","M","?","?","R","E","?","T","M","M","M","R","?"],"build_version":"2019-01-23","purchased_purges":0,"victory":false,"max_hp_per_floor":[66,66,66,66,66,66,66,66,66,66,66,66,66,66],"card_choices":[{"not_picked":["Flying Knee","Deadly Poison"],"picked":"Deflect","floor":1},{"not_picked":["Poisoned Stab","Blur"],"picked":"Sucker Punch","floor":3},{"not_picked":["Riddle With Holes","Eviscerate"],"picked":"Blade Dance","floor":4},{"not_picked":["Heel Hook","Underhanded Strike"],"picked":"Dagger Throw","floor":7},{"not_picked":["Underhanded Strike","Doppelganger"],"picked":"PiercingWail","floor":10},{"not_picked":["Noxious Fumes","Dagger Throw"],"picked":"Leg Sweep","floor":11},{"not_picked":["Heel Hook","Choke","Skewer"],"picked":"SKIP","floor":12}],"player_experience":345670,"relics_obtained":[{"floor":7,"key":"The Courier"},{"floor":9,"key":"Happy Flower"}],"event_choices":[{"cards_removed":["Strike_G"],"damage_healed":0,"gold_gain":0,"player_choice":"Offered Basic","damage_taken":0,"max_hp_gain":0,"max_hp_loss":0,"event_name":"Bonfire Elementals","floor":2,"gold_loss":0},{"damage_healed":16,"gold_gain":0,"player_choice":"Healed","damage_taken":0,"max_hp_gain":0,"max_hp_loss":0,"event_name":"The Cleric","floor":5,"gold_loss":35},{"damage_healed":0,"gold_gain":0,"player_choice":"Left Gold","damage_taken":0,"max_hp_gain":0,"max_hp_loss":0,"event_name":"World of Goop","floor":8,"gold_loss":35}],"is_beta":false,"boss_relics":[],"items_purged_floors":[],"is_endless":false,"potions_floor_spawned":[10,11],"killed_by":"Exordium Wildlife","ascension_level":18}