{"path_per_floor":["M","M","M","$","?","M","E","R","T","E","R","E","M","M","R","B",null,"M","M","$","?","M","E","R","E","T","M","M","M","R","$","R","B",null,"M","$","?","M","M","R","M","E","T","E","R","?","R","M","R","B"],"character_chosen":"IRONCLAD","items_purchased":["Impervious","Metallicize","War Paint","Bag of Preparation","Havoc"],"gold_per_floor":[212,230,242,24,24,39,74,74,74,105,105,139,156,169,169,240,240,250,264,35,35,52,81,81,114,140,160,172,188,188,35,35,109,109,126,26,26,39,52,52,62,92,118,153,153,153,153,170,170,170],"floor_reached":51,"campfire_rested":1,"playtime":4484,"current_hp_per_floor":[73,75,69,69,69,50,40,40,40,33,33,11,17,13,34,37,63,69,72,72,72,72,72,72,72,72,72,63,69,69,69,69,72,72,72,72,72,72,72,72,72,66,66,70,70,72,72,72,72,72],"items_purged":["Parasite","Strike_R","Strike_R"],"gold":170,"score":1171,"play_id":"b86140e9-29e2-4428-8a13-18ee8790f2bb","is_prod":false,"is_daily":false,"is_ascension_mode":true,"campfire_upgraded":3,"path_taken":["M","M","M","$","?","M","E","R","T","E","R","E","M","M","R","BOSS","M","M","?","?","M","E","R","E","T","?","M","M","R","$","R","BOSS","M","$","?","M","M","R","M","E","T","E","R","?","R","M","R","BOSS"],"build_version":"2018-02-16-BETA2","purchased_purges":4,"victory":true,"master_deck":["Defend_R+1","Bash","Rampage+1","Feel No Pain","Impervious","Flame Barrier+1","Shrug It Off","Shrug It Off","Barricade","True Grit+1","Body Slam+1","Metallicize","Evolve+1","Metallicize+1","Demon Form+1","Clothesline+1","Entrench","Brutality","Exhume","Flame Barrier","Battle Trance+1"],"max_hp_per_floor":[75,75,75,72,72,72,72,72,72,72,72,72,72,72,72,72,72,72,72,72,72,72,72,72,72,72,72,72,72,72,72,72,72,72,72,72,72,72,72,72,72,72,72,72,72,72,72,72,72,72],"relics":["Burning Blood","Prayer Wheel","The Courier","Peace Pipe","Mummified Hand","Snecko Eye","War Paint","Ice Cream","Oddly Smooth Stone","Dream Catcher","Bag of Preparation","Sozu","Bottled Flame","Regal Pillow","Gremlin Horn"],"card_choices":[{"not_picked":["Heavy Blade","Sword Boomerang"],"picked":"Rampage"},{"not_picked":["Anger","Second Wind"],"picked":"Feel No Pain"},{"not_picked":["Pummel","Feel No Pain"],"picked":"Flame Barrier"},{"not_picked":["Clash","True Grit"],"picked":"Shrug It Off"},{"not_picked":["Twin Strike","Armaments"],"picked":"Shrug It Off"},{"not_picked":["Body Slam","Pommel Strike"],"picked":"Barricade"},{"not_picked":["Havoc","Rage"],"picked":"True Grit"},{"not_picked":["Clash","Sentinel"],"picked":"Body Slam"},{"not_picked":["Disarm","Sever Soul"],"picked":"Evolve"},{"not_picked":["Body Slam","Dual Wield"],"picked":"Metallicize"},{"not_picked":["Wild Strike","Anger"],"picked":"Demon Form"},{"not_picked":["Thunderclap","Cleave"],"picked":"Clothesline"},{"not_picked":["Iron Wave","Whirlwind"],"picked":"Entrench"},{"not_picked":["Exhume","Barricade"],"picked":"Brutality"},{"not_picked":["Evolve","Pummel"],"picked":"Exhume"},{"not_picked":["Double Tap","Wild Strike"],"picked":"Flame Barrier"},{"not_picked":["Warcry","Havoc"],"picked":"Battle Trance"}],"player_experience":779094,"potions_floor_usage":[6,7,7,12,18],"damage_taken":[{"damage":1,"enemies":"Cultist","floor":1,"turns":3},{"damage":4,"enemies":"Jaw Worm","floor":2,"turns":5},{"damage":12,"enemies":"Small Slimes","floor":3,"turns":4},{"damage":37,"enemies":"Exordium Thugs","floor":6,"turns":9},{"damage":16,"enemies":"Gremlin Nob","floor":7,"turns":4},{"damage":13,"enemies":"Lagavulin","floor":10,"turns":8},{"damage":28,"enemies":"Gremlin Nob","floor":12,"turns":6},{"damage":0,"enemies":"Gremlin Gang","floor":13,"turns":8},{"damage":10,"enemies":"Exordium Wildlife","floor":14,"turns":11},{"damage":3,"enemies":"Hexaghost","floor":16,"turns":16},{"damage":0,"enemies":"Chosen","floor":18,"turns":7},{"damage":0,"enemies":"3 Byrds","floor":19,"turns":3},{"damage":0,"enemies":"3 Cultists","floor":22,"turns":4},{"damage":1,"enemies":"Book of Stabbing","floor":23,"turns":4},{"damage":0,"enemies":"Gremlin Leader","floor":25,"turns":6},{"damage":3,"enemies":"Cultist and Chosen","floor":27,"turns":7},{"damage":15,"enemies":"Snake Plant","floor":28,"turns":3},{"damage":0,"enemies":"Snecko","floor":29,"turns":4},{"damage":0,"enemies":"Collector","floor":33,"turns":5},{"damage":4,"enemies":"3 Shapes","floor":35,"turns":5},{"damage":0,"enemies":"Orb Walker","floor":38,"turns":1},{"damage":0,"enemies":"Spire Growth","floor":39,"turns":4},{"damage":4,"enemies":"Maw","floor":41,"turns":5},{"damage":12,"enemies":"2 Orb Walkers","floor":42,"turns":9},{"damage":2,"enemies":"Nemesis","floor":44,"turns":3},{"damage":4,"enemies":"4 Shapes","floor":48,"turns":5},{"damage":5,"enemies":"Awakened One","floor":50,"turns":7}],"event_choices":[{"event_name":"The Lab","player_choice":"Got Potions","floor":5,"damage_taken":0},{"event_name":"Addict","player_choice":"Ignored","floor":21,"damage_taken":0},{"event_name":"Transmorgrifier","player_choice":"Transform","floor":37,"damage_taken":0},{"event_name":"Bonfire Elementals","player_choice":"UNCOMMON","floor":46,"damage_taken":0}],"boss_relics":[{"not_picked":["Lizard Tail","Pandora\u0027s Box"],"picked":"Snecko Eye"},{"not_picked":["Tiny House","Philosopher\u0027s Stone"],"picked":"Sozu"}],"potions_floor_spawned":[2,3,10,13,19,23,25,28,35,39,42,48],"seed_played":"-294789449944584939","ascension_level":15,"is_trial":false}