{"gold_per_floor":[111,127,127,48,58,58,85,85,85,111,111,111,125,141,141,261,261,282,282,282,298,318,361,361,246,272,313,327,327],"floor_reached":29,"playtime":2585,"items_purged":[],"score":369,"play_id":"5fae6e49-dfc1-4c78-9be5-166a1bfc56d3","local_time":"20181222093323","is_ascension_mode":true,"campfire_choices":[{"data":"Neutralize","floor":6,"key":"SMITH"},{"data":"All Out Attack","floor":8,"key":"SMITH"},{"data":"Caltrops","floor":11,"key":"SMITH"},{"floor":15,"key":"REST"},{"data":"Crippling Poison","floor":24,"key":"SMITH"}],"neow_cost":"NONE","seed_source_timestamp":140750148464269,"circlet_count":0,"master_deck":["Defend_G+1","Defend_G+1","Defend_G+1","Defend_G+1","Defend_G+1","Strike_G+1","Strike_G+1","Strike_G+1","Strike_G+1","Strike_G+1","Survivor","Neutralize+1","Caltrops+1","All Out Attack+1","Well Laid Plans","Quick Slash","Slice","Choke","Slice","Choke","Die Die Die","Blur","Die Die Die","Cloak And Dagger+1","Finisher","Crippling Poison+1","Footwork","Dash","Parasite","Infinite Blades","Terror"],"relics":["Ring of the Snake","NeowsBlessing","Shuriken","Bottled Tornado","Dead Branch","Golden Idol","Cursed Key","Bag of Preparation","Dream Catcher","Snake Skull"],"potions_floor_usage":[7,18,27,27],"damage_taken":[{"damage":0,"enemies":"2 Louse","floor":1,"turns":1},{"damage":0,"enemies":"Cultist","floor":2,"turns":1},{"damage":0,"enemies":"Jaw Worm","floor":5,"turns":1},{"damage":16,"enemies":"Gremlin Nob","floor":7,"turns":3},{"damage":17,"enemies":"3 Sentries","floor":10,"turns":5},{"damage":8,"enemies":"3 Louse","floor":13,"turns":4},{"damage":1,"enemies":"Exordium Thugs","floor":14,"turns":3},{"damage":8,"enemies":"Slime Boss","floor":16,"turns":8},{"damage":3,"enemies":"Spheric Guardian","floor":18,"turns":3},{"damage":10,"enemies":"3 Byrds","floor":21,"turns":3},{"damage":0,"enemies":"3 Cultists","floor":22,"turns":3},{"damage":3,"enemies":"Book of Stabbing","floor":23,"turns":4},{"damage":20,"enemies":"Gremlin Leader","floor":27,"turns":5},{"damage":11,"enemies":"Cultist and Chosen","floor":28,"turns":4},{"damage":14,"enemies":"Sentry and Sphere","floor":29,"turns":4}],"seed_played":"9100426650144095624","potions_obtained":[{"floor":1,"key":"Dexterity Potion"},{"floor":5,"key":"SteroidPotion"},{"floor":16,"key":"SneckoOil"},{"floor":18,"key":"Ancient Potion"},{"floor":22,"key":"PowerPotion"},{"floor":23,"key":"AttackPotion"},{"floor":27,"key":"Ancient Potion"}],"is_trial":false,"path_per_floor":["M","M","?","$","M","R","E","R","T","E","R","?","M","M","R","B",null,"M","?","?","M","M","E","R","$","T","E","M","M"],"character_chosen":"THE_SILENT","items_purchased":["Well Laid Plans","Footwork","Dash"],"campfire_rested":1,"item_purchase_floors":[4,25,25],"current_hp_per_floor":[63,63,63,63,63,63,47,47,47,30,30,30,22,21,40,32,57,54,54,54,44,44,41,41,41,41,21,10,0],"gold":327,"neow_bonus":"THREE_ENEMY_KILL","is_prod":false,"is_daily":false,"chose_seed":false,"campfire_upgraded":4,"win_rate":0,"timestamp":1545489203,"path_taken":["M","M","?","$","?","R","E","R","T","E","R","?","M","M","R","BOSS","M","?","?","M","M","E","R","$","T","E","M","?"],"build_version":"2018-12-20","purchased_purges":0,"victory":false,"max_hp_per_floor":[70,70,70,70,70,70,70,70,70,70,70,65,65,65,65,65,65,65,65,65,65,65,65,65,65,65,65,65,65],"card_choices":[{"not_picked":["Backflip","Underhanded Strike"],"picked":"Caltrops","floor":1},{"not_picked":["Concentrate","Catalyst"],"picked":"All Out Attack","floor":2},{"not_picked":["Outmaneuver","Flechettes"],"picked":"Quick Slash","floor":5},{"not_picked":["Deadly Poison","Sucker Punch"],"picked":"Slice","floor":7},{"not_picked":["Flechettes","Bane"],"picked":"Choke","floor":10},{"not_picked":["Dodge and Roll","Glass Knife"],"picked":"Slice","floor":13},{"not_picked":["Deflect","Sucker Punch"],"picked":"Choke","floor":14},{"not_picked":["Glass Knife","Grand Finale"],"picked":"Die Die Die","floor":16},{"not_picked":["Heel Hook","Dagger Throw"],"picked":"Blur","floor":18},{"not_picked":["Predator","Reflex"],"picked":"Cloak And Dagger+1","floor":21},{"not_picked":["Quick Slash","Deadly Poison"],"picked":"Finisher","floor":22},{"not_picked":["Flechettes+1","Outmaneuver"],"picked":"Crippling Poison","floor":23},{"not_picked":["Poisoned Stab","Endless Agony"],"picked":"Infinite Blades","floor":27},{"not_picked":["Poisoned Stab","Choke+1"],"picked":"Terror","floor":28}],"player_experience":331405,"relics_obtained":[{"floor":9,"key":"Bottled Tornado"},{"floor":10,"key":"Dead Branch"},{"floor":23,"key":"Bag of Preparation"},{"floor":26,"key":"Dream Catcher"},{"floor":27,"key":"Snake Skull"}],"event_choices":[{"damage_healed":0,"gold_gain":0,"player_choice":"Gave Potion","damage_taken":0,"relics_obtained":["Shuriken"],"max_hp_gain":0,"max_hp_loss":0,"event_name":"WeMeetAgain","floor":3,"gold_loss":0},{"damage_healed":0,"gold_gain":0,"player_choice":"Lose Max HP","damage_taken":0,"relics_obtained":["Golden Idol"],"max_hp_gain":0,"max_hp_loss":5,"event_name":"Golden Idol","floor":12,"gold_loss":0},{"damage_healed":0,"gold_gain":0,"player_choice":"Simplicity","damage_taken":0,"max_hp_gain":0,"max_hp_loss":0,"event_name":"Back to Basics","floor":19,"gold_loss":0,"cards_upgraded":["Defend_G","Defend_G","Defend_G","Defend_G","Defend_G","Strike_G","Strike_G","Strike_G","Strike_G","Strike_G"]},{"damage_healed":0,"gold_gain":0,"player_choice":"Copied","damage_taken":0,"max_hp_gain":0,"max_hp_loss":0,"event_name":"Duplicator","floor":20,"gold_loss":0,"cards_obtained":["Die Die Die"]}],"is_beta":false,"boss_relics":[{"not_picked":["HoveringKite","Runic Dome"],"picked":"Cursed Key"}],"items_purged_floors":[],"is_endless":false,"potions_floor_spawned":[1,5,16,18,22,23,27],"killed_by":"Sentry and Sphere","ascension_level":7}