{"path_per_floor":["M","$","M","M","?","E","?","E","T","?","M","E","R","M","R","B",null,"M","$","?","M","?","E","R","E","T","R","M","M","?","$","R"],"character_chosen":"IRONCLAD","items_purchased":["Bag of Preparation","Shrug It Off","Exhume"],"gold_per_floor":[112,37,48,68,68,101,176,204,259,209,221,247,247,265,265,362,362,373,107,32,45,45,71,71,136,182,182,193,206,206,62,62],"floor_reached":33,"campfire_rested":2,"playtime":3302,"current_hp_per_floor":[79,79,80,80,85,61,50,22,22,22,22,28,28,34,74,13,67,72,72,72,78,78,68,68,32,32,72,59,53,38,38,38],"items_purged":["Strike_R","Strike_R"],"gold":62,"play_id":"a8e6ce56-f75f-46d0-b756-ffe287507fb2","is_prod":false,"is_daily":false,"is_ascension_mode":true,"campfire_upgraded":3,"path_taken":["M","$","M","M","?","E","?","E","T","?","M","E","R","M","R","BOSS","M","$","?","M","?","E","R","E","T","R","M","M","?","$","R","BOSS"],"build_version":"2018-01-25-PROD3","purchased_purges":2,"victory":false,"master_deck":["Defend_R","Defend_R","Defend_R","Defend_R","Bash","Headbutt","Feel No Pain+1","Fiend Fire","Shrug It Off+1","Inflame","Pommel Strike+1","Barricade+1","Shrug It Off","Shrug It Off+1","Battle Trance","Dual Wield","Entrench+1","Exhume"],"max_hp_per_floor":[80,80,80,80,85,85,85,85,85,85,85,85,85,85,85,85,85,85,85,85,85,85,85,85,85,85,85,85,85,90,90,90],"relics":["Burning Blood","Mercury Hourglass","Vajra","Regal Pillow","Lantern","Philosopher\u0027s Stone","Bag of Preparation","Orichalcum","Tiny Chest","Toxic Egg"],"card_choices":[{"not_picked":["Flex","Shockwave"],"picked":"Headbutt"},{"not_picked":["Twin Strike","Warcry"],"picked":"Feel No Pain"},{"not_picked":["Reckless Charge","Havoc"],"picked":"Fiend Fire"},{"not_picked":["Warcry","Perfected Strike"],"picked":"Shrug It Off"},{"not_picked":["Carnage","Pummel"],"picked":"Inflame"},{"not_picked":["Headbutt","Wild Strike"],"picked":"Pommel Strike"},{"not_picked":["Berserk","Impervious"],"picked":"Barricade"},{"not_picked":["Thunderclap","Flex"],"picked":"Shrug It Off"},{"not_picked":["Rage","Fire Breathing"],"picked":"Battle Trance"},{"not_picked":["Battle Trance","Pummel"],"picked":"Dual Wield"},{"not_picked":["Blood for Blood","Clash"],"picked":"Entrench"}],"player_experience":466421,"potions_floor_usage":[6,6,12,23,23,25],"damage_taken":[{"damage":7,"enemies":"Jaw Worm","floor":1,"turns":3},{"damage":0,"enemies":"Small Slimes","floor":3,"turns":2},{"damage":6,"enemies":"Cultist","floor":4,"turns":3},{"damage":30,"enemies":"Lagavulin","floor":6,"turns":5},{"damage":34,"enemies":"3 Sentries","floor":8,"turns":7},{"damage":6,"enemies":"Looter","floor":11,"turns":2},{"damage":0,"enemies":"Gremlin Nob","floor":12,"turns":4},{"damage":0,"enemies":"3 Louse","floor":14,"turns":3},{"damage":67,"enemies":"The Guardian","floor":16,"turns":10},{"damage":1,"enemies":"Chosen","floor":18,"turns":3},{"damage":0,"enemies":"Spheric Guardian","floor":21,"turns":3},{"damage":16,"enemies":"Gremlin Leader","floor":23,"turns":10},{"damage":42,"enemies":"Book of Stabbing","floor":25,"turns":6},{"damage":19,"enemies":"Snake Plant","floor":28,"turns":2},{"damage":12,"enemies":"Chosen and Byrds","floor":29,"turns":4},{"damage":42,"enemies":"Collector","floor":33,"turns":3}],"event_choices":[{"event_name":"Big Fish","player_choice":"Donut","floor":5,"damage_taken":0},{"event_name":"World of Goop","player_choice":"Gather Gold","floor":7,"damage_taken":0},{"event_name":"The Cleric","player_choice":"Card Removal","floor":10,"damage_taken":0},{"event_name":"Beggar","player_choice":"Gave Gold","floor":20,"damage_taken":0},{"event_name":"Back to Basics","player_choice":"Elegance","floor":22,"damage_taken":0},{"event_name":"Forgotten Altar","player_choice":"Shed Blood","floor":30,"damage_taken":0}],"boss_relics":[{"not_picked":["Tiny House","Question Card"],"picked":"Philosopher\u0027s Stone"}],"potions_floor_spawned":[3,4,8,16,18,21],"seed_played":"-3796997700207153680","killed_by":"Collector","ascension_level":5,"is_trial":false}