{"gold_per_floor":[14,26,36,48,48,48,67,67,91,102,102,136,149,169,169,272,272,289,289,303,303,321,321,321],"floor_reached":24,"playtime":2000,"items_purged":[],"score":320,"play_id":"da3598d6-add4-4852-89c8-61dd09a480ed","local_time":"20190217230309","is_ascension_mode":true,"campfire_choices":[{"data":"Neutralize","floor":6,"key":"SMITH"},{"floor":8,"key":"REST"},{"data":"Burst","floor":11,"key":"SMITH"},{"floor":15,"key":"REST"},{"floor":23,"key":"REST"}],"neow_cost":"NO_GOLD","seed_source_timestamp":305487324348100,"circlet_count":0,"master_deck":["AscendersBane","Defend_G+1","Defend_G+1","Defend_G+1","Defend_G+1","Defend_G+1","Strike_G+1","Strike_G+1","Strike_G+1","Strike_G+1","Strike_G+1","Survivor","Neutralize+1","A Thousand Cuts","PiercingWail","Dagger Spray","Poisoned Stab","Noxious Fumes","Noxious Fumes","Deadly Poison","Burst+1","Acrobatics","Caltrops","Corpse Explosion","Deadly Poison","Footwork"],"relics":["Ring of the Snake","Anchor","Regal Pillow","Odd Mushroom","Sozu"],"potions_floor_usage":[12,14,18],"damage_taken":[{"damage":6,"enemies":"Jaw Worm","floor":1,"turns":5},{"damage":1,"enemies":"Cultist","floor":2,"turns":5},{"damage":0,"enemies":"2 Louse","floor":3,"turns":4},{"damage":12,"enemies":"Looter","floor":4,"turns":4},{"damage":14,"enemies":"3 Louse","floor":7,"turns":5},{"damage":9,"enemies":"Exordium Thugs","floor":10,"turns":5},{"damage":25,"enemies":"3 Sentries","floor":12,"turns":7},{"damage":1,"enemies":"Red Slaver","floor":13,"turns":3},{"damage":14,"enemies":"The Mushroom Lair","floor":14,"turns":5},{"damage":29,"enemies":"The Guardian","floor":16,"turns":11},{"damage":7,"enemies":"Spheric Guardian","floor":18,"turns":5},{"damage":18,"enemies":"Chosen","floor":20,"turns":5},{"damage":22,"enemies":"Snake Plant","floor":22,"turns":5},{"damage":51,"enemies":"Gremlin Leader","floor":24,"turns":6}],"seed_played":"4854875597953800101","potions_obtained":[{"floor":3,"key":"LiquidBronze"},{"floor":4,"key":"FearPotion"},{"floor":13,"key":"GamblersBrew"},{"floor":16,"key":"SkillPotion"}],"is_trial":false,"path_per_floor":["M","M","M","M","?","R","M","R","T","M","R","E","M","?","R","B",null,"M","?","M","?","M","R","E"],"character_chosen":"THE_SILENT","items_purchased":[],"campfire_rested":3,"item_purchase_floors":[],"current_hp_per_floor":[57,56,56,44,44,44,30,51,51,42,42,17,16,2,38,9,55,48,48,30,30,8,44,0],"gold":321,"neow_bonus":"THREE_RARE_CARDS","is_prod":false,"is_daily":false,"chose_seed":false,"campfire_upgraded":2,"win_rate":0,"timestamp":1550462589,"path_taken":["M","M","M","M","?","R","?","R","T","?","R","E","M","?","R","BOSS","M","?","M","?","M","R","E"],"build_version":"2019-01-23","purchased_purges":0,"victory":false,"max_hp_per_floor":[70,70,70,70,70,70,70,70,70,70,70,70,70,70,70,70,70,70,70,70,70,70,70,70],"card_choices":[{"not_picked":["Adrenaline","Storm of Steel"],"picked":"A Thousand Cuts","floor":0},{"not_picked":["Sucker Punch","Flying Knee"],"picked":"PiercingWail","floor":1},{"not_picked":["Expertise","Flying Knee"],"picked":"Dagger Spray","floor":2},{"not_picked":["Outmaneuver","Quick Slash"],"picked":"Poisoned Stab","floor":3},{"not_picked":["Underhanded Strike","Skewer"],"picked":"Noxious Fumes","floor":4},{"not_picked":["Blade Dance","Dodge and Roll"],"picked":"Deadly Poison","floor":7},{"not_picked":["Dodge and Roll","Deadly Poison"],"picked":"Burst","floor":10},{"not_picked":["Underhanded Strike","Tactician"],"picked":"Acrobatics","floor":12},{"not_picked":["Bane","Acrobatics","Dagger Spray"],"picked":"SKIP","floor":13},{"not_picked":["Bane","Outmaneuver"],"picked":"Caltrops","floor":14},{"not_picked":["Grand Finale","Glass Knife"],"picked":"Corpse Explosion","floor":16},{"not_picked":["Blade Dance","Dagger Throw"],"picked":"Deadly Poison","floor":18},{"not_picked":["Crippling Poison","Dagger Throw"],"picked":"Footwork","floor":20},{"not_picked":["Expertise","Flechettes","Concentrate+1"],"picked":"SKIP","floor":22}],"player_experience":1219696,"relics_obtained":[{"floor":9,"key":"Anchor"},{"floor":12,"key":"Regal Pillow"},{"floor":14,"key":"Odd Mushroom"}],"event_choices":[{"damage_healed":0,"gold_gain":0,"player_choice":"1 cards matched","damage_taken":0,"max_hp_gain":0,"max_hp_loss":0,"event_name":"Match and Keep!","floor":5,"gold_loss":0,"cards_obtained":["Noxious Fumes"]},{"damage_healed":0,"gold_gain":0,"player_choice":"Fought Mushrooms","damage_taken":0,"max_hp_gain":0,"max_hp_loss":0,"event_name":"Mushrooms","floor":14,"gold_loss":0},{"damage_healed":0,"gold_gain":0,"player_choice":"Ignored","damage_taken":0,"max_hp_gain":0,"max_hp_loss":0,"event_name":"Vampires","floor":19,"gold_loss":0},{"damage_healed":0,"gold_gain":0,"player_choice":"Simplicity","damage_taken":0,"max_hp_gain":0,"max_hp_loss":0,"event_name":"Back to Basics","floor":21,"gold_loss":0,"cards_upgraded":["Defend_G","Defend_G","Defend_G","Defend_G","Defend_G","Strike_G","Strike_G","Strike_G","Strike_G","Strike_G"]}],"is_beta":false,"boss_relics":[{"not_picked":["Ectoplasm","Orrery"],"picked":"Sozu"}],"items_purged_floors":[],"is_endless":false,"potions_floor_spawned":[3,4,13,16,22],"killed_by":"Gremlin Leader","ascension_level":12}