{"gold_per_floor":[114,114,137,212,38,38,74,74,74,95,110,110,149,173,173,293,293,313,337,103,118,131,171,185,185,185,185,185,185,199,219,219,343,406,419,544,569,569,584,584,599,599,674,674,203,203,229,248,248,248],"floor_reached":51,"playtime":4068,"items_purged":["Strike_G","Strike_G"],"score":679,"play_id":"a95a2852-721c-4d37-8b5b-1f03b0522a06","local_time":"20181118215307","is_ascension_mode":false,"campfire_choices":[{"data":"Apotheosis","floor":6,"key":"SMITH"},{"data":"Neutralize","floor":8,"key":"SMITH"},{"floor":12,"key":"REST"},{"floor":15,"key":"REST"},{"floor":27,"key":"REST"},{"floor":29,"key":"REST"},{"floor":32,"key":"REST"},{"floor":40,"key":"REST"},{"data":"Leg Sweep","floor":42,"key":"SMITH"},{"data":"Adrenaline","floor":49,"key":"SMITH"}],"neow_cost":"NONE","seed_source_timestamp":357168903013459,"circlet_count":0,"master_deck":["Defend_G","Defend_G","Defend_G","Defend_G","Defend_G","Strike_G","Survivor","Neutralize+1","Slice","Blade Dance","Apotheosis+1","Deflect","Dagger Spray","Caltrops","Finisher+1","Envenom","Choke+1","Cloak And Dagger","Adrenaline+1","Setup+1","After Image+1","Leg Sweep+1","Malaise","Expertise","Slice+1","After Image+1","Outmaneuver+1","Expertise","Blur","Slice","Deep Breath","Accuracy+1"],"relics":["Ring of the Snake","NeowsBlessing","Golden Idol","Pocketwatch","Mummified Hand","Bottled Lightning","Lizard Tail","Frozen Egg 2","Shuriken","Tiny House","Calipers","Ninja Scroll","Membership Card","Snake Skull","Bronze Scales"],"potions_floor_usage":[13,13,23,23,39,50,50],"damage_taken":[{"damage":0,"enemies":"Jaw Worm","floor":1,"turns":1},{"damage":0,"enemies":"Small Slimes","floor":3,"turns":1},{"damage":0,"enemies":"3 Sentries","floor":7,"turns":1},{"damage":0,"enemies":"Cultist","floor":10,"turns":3},{"damage":1,"enemies":"Exordium Thugs","floor":11,"turns":6},{"damage":6,"enemies":"Lagavulin","floor":13,"turns":7},{"damage":6,"enemies":"Exordium Wildlife","floor":14,"turns":2},{"damage":31,"enemies":"The Guardian","floor":16,"turns":12},{"damage":11,"enemies":"2 Thieves","floor":18,"turns":4},{"damage":3,"enemies":"Chosen","floor":19,"turns":5},{"damage":3,"enemies":"Centurion and Healer","floor":21,"turns":5},{"damage":23,"enemies":"Sentry and Sphere","floor":22,"turns":6},{"damage":6,"enemies":"Slavers","floor":23,"turns":4},{"damage":4,"enemies":"Snecko","floor":24,"turns":5},{"damage":10,"enemies":"Centurion and Healer","floor":30,"turns":5},{"damage":1,"enemies":"Shelled Parasite and Fungi","floor":31,"turns":4},{"damage":16,"enemies":"Automaton","floor":33,"turns":10},{"damage":8,"enemies":"Orb Walker","floor":35,"turns":6},{"damage":3,"enemies":"Mind Bloom Boss Battle","floor":36,"turns":8},{"damage":0,"enemies":"3 Darklings","floor":37,"turns":7},{"damage":10,"enemies":"Transient","floor":39,"turns":5},{"damage":0,"enemies":"Maw","floor":41,"turns":7},{"damage":0,"enemies":"3 Darklings","floor":48,"turns":4},{"damage":9,"enemies":"Time Eater","floor":50,"turns":12}],"seed_played":"-1128624108305514666","potions_obtained":[{"floor":3,"key":"SteroidPotion"},{"floor":11,"key":"EssenceOfSteel"},{"floor":16,"key":"FearPotion"},{"floor":22,"key":"SpeedPotion"},{"floor":23,"key":"Poison Potion"},{"floor":24,"key":"Strength Potion"},{"floor":30,"key":"LiquidBronze"},{"floor":33,"key":"Dexterity Potion"},{"floor":35,"key":"SteroidPotion"},{"floor":37,"key":"GhostInAJar"}],"is_trial":false,"path_per_floor":["M","?","M","?","$","R","E","R","T","M","M","R","E","M","R","B",null,"M","M","$","M","M","E","M","?","T","R","?","R","M","M","R","B",null,"M","?","M","?","M","R","M","R","T","?","$","?","T","M","R","B",null],"character_chosen":"THE_SILENT","items_purchased":["Apotheosis","Adrenaline","Membership Card","Snake Skull","Slice","Finisher","Ancient Potion","Deep Breath"],"campfire_rested":6,"item_purchase_floors":[5,20,45,45,45,45,45,45],"current_hp_per_floor":[70,53,53,42,42,42,42,42,42,42,41,62,56,50,70,39,70,59,56,56,53,30,24,20,20,20,41,41,62,52,51,70,54,75,67,64,64,64,54,75,75,75,75,71,71,71,71,71,71,62],"gold":248,"neow_bonus":"THREE_ENEMY_KILL","is_prod":false,"is_daily":false,"chose_seed":false,"campfire_upgraded":4,"win_rate":0,"timestamp":1542577987,"path_taken":["M","?","M","?","?","R","E","R","T","?","M","R","E","M","R","BOSS","M","M","$","M","?","E","M","?","T","R","?","R","M","M","R","BOSS","M","?","M","?","M","R","M","R","T","?","$","?","?","?","R","BOSS"],"build_version":"2018-11-15","purchased_purges":2,"victory":true,"max_hp_per_floor":[70,70,70,70,70,70,70,70,70,70,70,70,70,70,70,70,70,70,70,70,70,70,70,70,70,70,70,70,70,70,70,70,70,75,75,75,75,75,75,75,75,75,75,71,71,71,71,71,71,71],"card_choices":[{"not_picked":["PiercingWail","Underhanded Strike"],"picked":"Slice","floor":1},{"not_picked":["Reflex","Skewer"],"picked":"Blade Dance","floor":3},{"not_picked":["Deadly Poison","Dagger Spray"],"picked":"Deflect","floor":7},{"not_picked":["Grand Finale","Reflex","PiercingWail"],"picked":"SKIP","floor":10},{"not_picked":["Skewer","Dash"],"picked":"Dagger Spray","floor":11},{"not_picked":["All Out Attack","Masterful Stab"],"picked":"Caltrops","floor":13},{"not_picked":["Outmaneuver","Crippling Poison"],"picked":"Finisher","floor":14},{"not_picked":["Unload","Phantasmal Killer"],"picked":"Envenom","floor":16},{"not_picked":["Concentrate+1","Noxious Fumes"],"picked":"Choke+1","floor":18},{"not_picked":["Endless Agony","Heel Hook+1"],"picked":"Cloak And Dagger","floor":19},{"not_picked":["Quick Slash+1","Cloak And Dagger+1","Poisoned Stab"],"picked":"SKIP","floor":21},{"not_picked":["Acrobatics","Underhanded Strike"],"picked":"Setup+1","floor":22},{"not_picked":["Dagger Spray","Eviscerate+1"],"picked":"After Image","floor":23},{"not_picked":["Backstab","Setup+1"],"picked":"Leg Sweep","floor":24},{"not_picked":["Leg Sweep","Eviscerate+1"],"picked":"Slice+1","floor":30},{"not_picked":["Leg Sweep","Noxious Fumes+1","Tactician+1"],"picked":"SKIP","floor":31},{"not_picked":["A Thousand Cuts+1","Storm of Steel"],"picked":"After Image+1","floor":33},{"not_picked":["Poisoned Stab","Quick Slash"],"picked":"Outmaneuver+1","floor":34},{"not_picked":["Calculated Gamble","Expertise","Cloak And Dagger+1"],"picked":"SKIP","floor":35},{"not_picked":["Infinite Blades+1","Finisher"],"picked":"Expertise","floor":37},{"not_picked":["Poisoned Stab","Footwork+1"],"picked":"Blur","floor":39},{"not_picked":["Slice","Backflip","Dodge and Roll"],"picked":"SKIP","floor":41},{"not_picked":["Outmaneuver","Bane+1"],"picked":"Accuracy+1","floor":48}],"player_experience":252825,"relics_obtained":[{"floor":7,"key":"Pocketwatch"},{"floor":9,"key":"Mummified Hand"},{"floor":13,"key":"Bottled Lightning"},{"floor":23,"key":"Frozen Egg 2"},{"floor":26,"key":"Shuriken"},{"floor":36,"key":"Calipers"},{"floor":43,"key":"Ninja Scroll"},{"floor":47,"key":"Bronze Scales"}],"event_choices":[{"damage_healed":0,"gold_gain":0,"player_choice":"Take Damage","damage_taken":17,"relics_obtained":["Golden Idol"],"max_hp_gain":0,"max_hp_loss":0,"event_name":"Golden Idol","floor":2,"gold_loss":0},{"damage_healed":0,"gold_gain":75,"player_choice":"Gather Gold","damage_taken":11,"max_hp_gain":0,"max_hp_loss":0,"event_name":"World of Goop","floor":4,"gold_loss":0},{"damage_healed":0,"gold_gain":0,"cards_transformed":["Strike_G","Strike_G"],"player_choice":"Became Test Subject","damage_taken":0,"max_hp_gain":0,"max_hp_loss":0,"event_name":"Drug Dealer","floor":25,"gold_loss":0,"cards_obtained":["Malaise","Expertise"]},{"damage_healed":0,"gold_gain":0,"player_choice":"Ignored","damage_taken":0,"max_hp_gain":0,"max_hp_loss":0,"event_name":"Cursed Tome","floor":28,"gold_loss":0},{"damage_healed":0,"gold_gain":0,"player_choice":"Fight","damage_taken":0,"max_hp_gain":0,"max_hp_loss":0,"event_name":"MindBloom","floor":36,"gold_loss":0},{"damage_healed":0,"gold_gain":0,"player_choice":"Ignored","damage_taken":0,"max_hp_gain":0,"max_hp_loss":0,"event_name":"Mysterious Sphere","floor":38,"gold_loss":0},{"damage_healed":0,"gold_gain":0,"player_choice":"Max HP","damage_taken":0,"max_hp_gain":0,"max_hp_loss":4,"event_name":"Winding Halls","floor":44,"gold_loss":0},{"cards_removed":["Finisher"],"damage_healed":0,"gold_gain":0,"player_choice":"Removed Attack","damage_taken":0,"max_hp_gain":0,"max_hp_loss":0,"event_name":"Falling","floor":46,"gold_loss":0}],"is_beta":false,"boss_relics":[{"not_picked":["Ectoplasm","Snecko Eye"],"picked":"Lizard Tail"},{"not_picked":["Eternal Feather","Astrolabe"],"picked":"Tiny House"}],"items_purged_floors":[20,45],"is_endless":false,"potions_floor_spawned":[3,11,16,22,23,24,30,33,35,37,48],"ascension_level":0}