{"gold_per_floor":[112,44,44,63,63,63,97,108,108,137,137,152,171,190,190,286,286,303,303,303,578,200,226,241,251,251,267,292,217,230,264,264,369,369,389,403,403,416,416,416,449,19,19,39,55,1,29,45,45,45],"floor_reached":51,"playtime":4661,"items_purged":["Regret","Decay"],"score":879,"play_id":"403da31a-3e5f-4d4e-910c-bb08fda9dc8d","local_time":"20181201212755","is_ascension_mode":true,"campfire_choices":[{"data":"Footwork","floor":6,"key":"SMITH"},{"data":"Distraction","floor":15,"key":"SMITH"},{"data":"Bullet Time","floor":32,"key":"SMITH"},{"data":"Footwork","floor":40,"key":"SMITH"},{"data":"Choke","floor":49,"key":"SMITH"}],"neow_cost":"NONE","seed_source_timestamp":684865757929371,"circlet_count":0,"master_deck":["Defend_G+1","Defend_G+1","Defend_G+1","Defend_G+1","Defend_G+1","Strike_G+1","Strike_G+1","Strike_G+1","Strike_G+1","Survivor","Neutralize+1","Footwork+1","Poisoned Stab+1","Crippling Poison","Distraction+1","Die Die Die","Prepared","Footwork+1","Bullet Time+1","Predator+1","Acrobatics+1","Dash+1","Expertise+1","A Thousand Cuts+1","Outmaneuver+1","Parasite","Panache","Expertise+1","Blade Dance+1","Tools of the Trade+1","Dodge and Roll+1","Choke+1"],"relics":["Ring of the Snake","NeowsBlessing","Incense Burner","Singing Bowl","Tingsha","Orichalcum","Lizard Tail","Snake Skull","Blood Vial","The Courier","Toxic Egg 2","Blue Candle","Ornamental Fan","Busted Crown","Meat on the Bone","Lantern","Frozen Egg 2","Kunai"],"potions_floor_usage":[16,16,23,24,28,30,33,35,38,41,48],"damage_taken":[{"damage":0,"enemies":"Cultist","floor":1,"turns":1},{"damage":0,"enemies":"Jaw Worm","floor":4,"turns":1},{"damage":0,"enemies":"Gremlin Nob","floor":7,"turns":1},{"damage":1,"enemies":"2 Louse","floor":8,"turns":3},{"damage":12,"enemies":"3 Sentries","floor":10,"turns":11},{"damage":3,"enemies":"Lots of Slimes","floor":12,"turns":6},{"damage":2,"enemies":"2 Fungi Beasts","floor":13,"turns":3},{"damage":0,"enemies":"Exordium Wildlife","floor":14,"turns":2},{"damage":6,"enemies":"Hexaghost","floor":16,"turns":11},{"damage":7,"enemies":"Spheric Guardian","floor":18,"turns":4},{"damage":10,"enemies":"Book of Stabbing","floor":23,"turns":6},{"damage":0,"enemies":"Chosen","floor":24,"turns":5},{"damage":15,"enemies":"Snecko","floor":25,"turns":5},{"damage":0,"enemies":"Snake Plant","floor":27,"turns":4},{"damage":13,"enemies":"Gremlin Leader","floor":28,"turns":6},{"damage":6,"enemies":"3 Cultists","floor":30,"turns":5},{"damage":13,"enemies":"Book of Stabbing","floor":31,"turns":7},{"damage":46,"enemies":"Collector","floor":33,"turns":11},{"damage":4,"enemies":"3 Shapes","floor":35,"turns":4},{"damage":0,"enemies":"Orb Walker","floor":36,"turns":3},{"damage":17,"enemies":"Writhing Mass","floor":38,"turns":6},{"damage":13,"enemies":"Giant Head","floor":41,"turns":9},{"damage":14,"enemies":"Sphere and 2 Shapes","floor":44,"turns":5},{"damage":3,"enemies":"Spire Growth","floor":45,"turns":5},{"damage":19,"enemies":"Nemesis","floor":47,"turns":5},{"damage":2,"enemies":"Transient","floor":48,"turns":5},{"damage":43,"enemies":"Time Eater","floor":50,"turns":13}],"seed_played":"-7547743577532515868","potions_obtained":[{"floor":1,"key":"GhostInAJar"},{"floor":7,"key":"SpeedPotion"},{"floor":12,"key":"Weak Potion"},{"floor":16,"key":"Strength Potion"},{"floor":18,"key":"SmokeBomb"},{"floor":27,"key":"Fire Potion"},{"floor":28,"key":"Energy Potion"},{"floor":31,"key":"Fire Potion"},{"floor":33,"key":"Energy Potion"},{"floor":35,"key":"GhostInAJar"},{"floor":38,"key":"Fire Potion"},{"floor":47,"key":"FearPotion"}],"is_trial":false,"path_per_floor":["M","$","?","M","?","R","E","M","T","E","?","M","M","M","R","B",null,"M","?","?","?","$","E","M","M","T","M","E","?","M","E","R","B",null,"M","M","?","M","?","R","E","$","T","M","M","$","E","M","R","B",null],"character_chosen":"THE_SILENT","items_purchased":["Footwork","Snake Skull","Blood Vial","Panache","Lantern","Expertise+1","Blade Dance+1","Tools of the Trade+1"],"campfire_rested":0,"item_purchase_floors":[2,22,22,42,42,42,42,46],"current_hp_per_floor":[70,70,70,70,67,67,67,68,68,58,58,55,53,55,55,49,76,69,55,55,55,55,47,49,38,38,40,29,29,25,14,14,27,83,81,83,83,70,70,70,61,61,61,51,52,52,47,47,47,18],"gold":45,"neow_bonus":"THREE_ENEMY_KILL","is_prod":false,"is_daily":false,"chose_seed":false,"campfire_upgraded":5,"win_rate":0,"timestamp":1543717675,"path_taken":["M","$","?","M","?","R","E","M","T","E","?","M","?","?","R","BOSS","M","?","?","?","$","E","M","?","T","M","E","?","M","E","R","BOSS","M","M","?","?","?","R","E","$","T","?","M","?","E","M","R","BOSS"],"build_version":"2018-11-15","purchased_purges":2,"victory":true,"max_hp_per_floor":[70,70,70,70,70,70,70,72,72,74,74,74,74,76,76,76,76,76,81,81,81,81,81,81,83,83,83,83,83,83,83,83,83,83,85,85,85,87,87,87,89,89,89,91,93,93,93,93,93,93],"card_choices":[{"not_picked":["Endless Agony","Leg Sweep","Outmaneuver"],"picked":"SKIP","floor":1},{"not_picked":["Endless Agony","Deflect","Finisher"],"picked":"SKIP","floor":4},{"not_picked":["Dagger Throw","PiercingWail"],"picked":"Poisoned Stab","floor":7},{"not_picked":["Quick Slash","Cloak And Dagger","Blade Dance"],"picked":"Singing Bowl","floor":8},{"not_picked":["Dodge and Roll","Wraith Form v2","Outmaneuver"],"picked":"Singing Bowl","floor":10},{"not_picked":["Skewer","Expertise"],"picked":"Crippling Poison","floor":12},{"not_picked":["PiercingWail","Backflip"],"picked":"Distraction","floor":13},{"not_picked":["Masterful Stab","Backflip","Tactician"],"picked":"Singing Bowl","floor":14},{"not_picked":["Unload","Malaise"],"picked":"Die Die Die","floor":16},{"not_picked":["Slice","Quick Slash"],"picked":"Prepared","floor":18},{"not_picked":["Slice","Quick Slash"],"picked":"Footwork","floor":23},{"not_picked":["Slice","Acrobatics"],"picked":"Bullet Time","floor":24},{"not_picked":["Cloak And Dagger","Endless Agony","Prepared"],"picked":"Singing Bowl","floor":25},{"not_picked":["Heel Hook","Setup+1"],"picked":"Predator+1","floor":27},{"not_picked":["Dash","Poisoned Stab"],"picked":"Acrobatics+1","floor":28},{"not_picked":["Dagger Spray","Accuracy"],"picked":"Dash+1","floor":30},{"not_picked":["Dagger Throw","Backstab"],"picked":"Expertise+1","floor":31},{"not_picked":["Glass Knife","Malaise+1"],"picked":"A Thousand Cuts","floor":33},{"not_picked":["Flechettes"],"picked":"Singing Bowl","floor":35},{"not_picked":[],"picked":"Outmaneuver+1","floor":36},{"not_picked":["Slice"],"picked":"Singing Bowl","floor":38},{"not_picked":["Endless Agony"],"picked":"Singing Bowl","floor":41},{"not_picked":["Eviscerate+1"],"picked":"Singing Bowl","floor":44},{"not_picked":["Dagger Throw"],"picked":"Singing Bowl","floor":45},{"not_picked":[],"picked":"Dodge and Roll+1","floor":47},{"not_picked":[],"picked":"Choke","floor":48}],"player_experience":224633,"relics_obtained":[{"floor":7,"key":"Singing Bowl"},{"floor":9,"key":"Tingsha"},{"floor":10,"key":"Orichalcum"},{"floor":23,"key":"The Courier"},{"floor":26,"key":"Toxic Egg 2"},{"floor":28,"key":"Blue Candle"},{"floor":31,"key":"Ornamental Fan"},{"floor":41,"key":"Meat on the Bone"},{"floor":43,"key":"Frozen Egg 2"},{"floor":47,"key":"Kunai"}],"event_choices":[{"damage_healed":0,"gold_gain":0,"player_choice":"Grow","damage_taken":0,"max_hp_gain":0,"max_hp_loss":0,"event_name":"Living Wall","floor":3,"gold_loss":0,"cards_upgraded":["Neutralize"]},{"damage_healed":0,"gold_gain":0,"player_choice":"Success","damage_taken":3,"relics_obtained":["Incense Burner"],"max_hp_gain":0,"max_hp_loss":0,"event_name":"Scrap Ooze","floor":5,"gold_loss":0},{"damage_healed":0,"gold_gain":0,"player_choice":"Upgraded","damage_taken":0,"max_hp_gain":0,"max_hp_loss":0,"event_name":"Upgrade Shrine","floor":11,"gold_loss":0,"cards_upgraded":["Poisoned Stab"]},{"damage_healed":0,"gold_gain":0,"player_choice":"Shed Blood","damage_taken":19,"max_hp_gain":5,"max_hp_loss":0,"event_name":"Forgotten Altar","floor":19,"gold_loss":0},{"damage_healed":0,"gold_gain":0,"player_choice":"Simplicity","damage_taken":0,"max_hp_gain":0,"max_hp_loss":0,"event_name":"Back to Basics","floor":20,"gold_loss":0,"cards_upgraded":["Defend_G","Defend_G","Defend_G","Defend_G","Defend_G","Strike_G","Strike_G","Strike_G","Strike_G","Strike_G"]},{"damage_healed":0,"gold_gain":275,"player_choice":"Desecrate","damage_taken":0,"max_hp_gain":0,"max_hp_loss":0,"event_name":"Golden Shrine","floor":21,"gold_loss":0,"cards_obtained":["Regret"]},{"cards_removed":["Strike_G"],"damage_healed":0,"gold_gain":0,"player_choice":"Gave Gold","damage_taken":0,"max_hp_gain":0,"max_hp_loss":0,"event_name":"Beggar","floor":29,"gold_loss":75},{"damage_healed":0,"gold_gain":0,"player_choice":"Forge","damage_taken":0,"max_hp_gain":0,"max_hp_loss":0,"event_name":"Accursed Blacksmith","floor":37,"gold_loss":0,"cards_upgraded":["A Thousand Cuts"]},{"damage_healed":0,"gold_gain":0,"player_choice":"Cursed","damage_taken":0,"max_hp_gain":0,"max_hp_loss":0,"event_name":"Wheel of Change","floor":39,"gold_loss":0,"cards_obtained":["Decay"]}],"is_beta":false,"boss_relics":[{"not_picked":["HoveringKite","White Beast Statue"],"picked":"Lizard Tail"},{"not_picked":["Velvet Choker","Calling Bell"],"picked":"Busted Crown"}],"items_purged_floors":[22,42],"is_endless":false,"potions_floor_spawned":[1,7,12,16,18,27,28,31,33,35,38,47],"ascension_level":2}