{"gold_per_floor":[118,118,131,142,68,99,99,99,181,261,261,284,284,88,88,88],"floor_reached":16,"playtime":719,"items_purged":[],"score":113,"play_id":"806af713-4852-440a-a31d-2412591b3bf6","local_time":"20181201220558","is_ascension_mode":true,"campfire_choices":[{"data":"Noxious Fumes","floor":7,"key":"SMITH"},{"data":"Neutralize","floor":11,"key":"SMITH"},{"data":"Acrobatics","floor":15,"key":"SMITH"}],"neow_cost":"NONE","seed_source_timestamp":691116658645110,"circlet_count":0,"master_deck":["Defend_G","Defend_G","Defend_G","Defend_G","Defend_G","Strike_G","Strike_G","Strike_G","Strike_G","Strike_G","Survivor","Neutralize+1","Slice","Well Laid Plans","Noxious Fumes+1","Acrobatics+1","Backstab","A Thousand Cuts+1","Noxious Fumes+1"],"relics":["Ring of the Snake","NeowsBlessing","Bag of Marbles","Golden Idol","Bottled Flame","Centennial Puzzle","DollysMirror"],"potions_floor_usage":[6,10,16,16],"damage_taken":[{"damage":0,"enemies":"Jaw Worm","floor":1,"turns":1},{"damage":0,"enemies":"Cultist","floor":3,"turns":1},{"damage":0,"enemies":"2 Louse","floor":4,"turns":1},{"damage":26,"enemies":"3 Sentries","floor":6,"turns":9},{"damage":14,"enemies":"3 Sentries","floor":10,"turns":7},{"damage":4,"enemies":"Blue Slaver","floor":12,"turns":2},{"damage":45,"enemies":"Slime Boss","floor":16,"turns":6}],"seed_played":"-8739924998536204352","potions_obtained":[{"floor":1,"key":"FearPotion"},{"floor":2,"key":"Fire Potion"},{"floor":2,"key":"SpeedPotion"},{"floor":3,"key":"GhostInAJar"},{"floor":6,"key":"Regen Potion"}],"is_trial":false,"path_per_floor":["M","?","M","M","$","E","R","?","T","?","R","M","?","$","R","B"],"character_chosen":"THE_SILENT","items_purchased":["Noxious Fumes","DollysMirror"],"campfire_rested":0,"item_purchase_floors":[5,14],"current_hp_per_floor":[70,70,70,70,70,44,44,44,44,30,30,26,26,26,26,0],"gold":88,"neow_bonus":"THREE_ENEMY_KILL","is_prod":false,"is_daily":false,"chose_seed":false,"campfire_upgraded":3,"win_rate":0,"timestamp":1543719958,"path_taken":["M","?","M","?","?","E","R","?","T","?","R","M","?","$","R","BOSS"],"build_version":"2018-11-15","purchased_purges":0,"victory":false,"max_hp_per_floor":[70,70,70,70,70,70,70,65,65,65,65,65,65,65,65,65],"card_choices":[{"not_picked":["Tactician","Heel Hook","Flying Knee"],"picked":"SKIP","floor":1},{"not_picked":["Dagger Throw","Prepared"],"picked":"Slice","floor":3},{"not_picked":["Slice","Dagger Throw"],"picked":"Well Laid Plans","floor":4},{"not_picked":["Underhanded Strike","Outmaneuver"],"picked":"Acrobatics","floor":6},{"not_picked":["Underhanded Strike","Escape Plan"],"picked":"Backstab","floor":10},{"not_picked":["Backflip","Prepared"],"picked":"A Thousand Cuts","floor":12}],"player_experience":229980,"relics_obtained":[{"floor":6,"key":"Bag of Marbles"},{"floor":9,"key":"Bottled Flame"},{"floor":10,"key":"Centennial Puzzle"}],"event_choices":[{"damage_healed":0,"gold_gain":0,"player_choice":"Got Potions","damage_taken":0,"max_hp_gain":0,"max_hp_loss":0,"event_name":"Lab","floor":2,"gold_loss":0},{"damage_healed":0,"gold_gain":0,"player_choice":"Lose Max HP","damage_taken":0,"relics_obtained":["Golden Idol"],"max_hp_gain":0,"max_hp_loss":5,"event_name":"Golden Idol","floor":8,"gold_loss":0},{"damage_healed":0,"gold_gain":0,"player_choice":"Searched \u00272\u0027 times","damage_taken":0,"max_hp_gain":0,"max_hp_loss":0,"event_name":"Dead Adventurer","floor":10,"gold_loss":0},{"damage_healed":0,"gold_gain":0,"player_choice":"Grow","damage_taken":0,"max_hp_gain":0,"max_hp_loss":0,"event_name":"Living Wall","floor":13,"gold_loss":0,"cards_upgraded":["A Thousand Cuts"]}],"is_beta":false,"boss_relics":[],"items_purged_floors":[],"is_endless":false,"potions_floor_spawned":[1,3,4,6],"killed_by":"Slime Boss","ascension_level":3}