{"path_per_floor":["M","$","?","?","M","R","?","R","T","R","$","M","?","$","R","B",null,"M","?","?","$","?","R","M","M","T","R","$","M","T","M","R"],"character_chosen":"IRONCLAD","items_purchased":["Flex","Inflame","Flex","Flex"],"gold_per_floor":[110,61,26,26,39,39,39,39,93,93,22,42,42,42,42,146,146,164,89,89,43,43,43,57,73,73,73,19,38,38,57,57],"floor_reached":33,"campfire_rested":1,"playtime":937,"current_hp_per_floor":[28,28,48,48,54,54,54,54,54,54,54,60,60,60,60,26,80,51,51,43,43,43,43,35,35,35,35,35,31,31,35,59],"items_purged":[],"gold":57,"score":303,"play_id":"ff5c764e-777d-4ea4-8d32-2a788e3256d4","local_time":"20180320235137","is_prod":false,"is_daily":false,"is_ascension_mode":true,"campfire_upgraded":6,"timestamp":1521604297,"path_taken":["M","$","?","?","M","R","?","R","T","R","$","?","?","$","R","BOSS","M","?","?","$","?","R","M","M","T","R","$","?","?","?","R","BOSS"],"build_version":"2018-03-15v3","purchased_purges":0,"victory":false,"master_deck":["Bash+1","Flex+1","Flex+1","Anger+1","Inflame+1","Regret","Demon Form+1","Armaments","Fire Breathing","Sentinel","Twin Strike","Shockwave","Thunderclap","Feel No Pain","Heavy Blade+1","Thunderclap","Flex+1","Dropkick+1","Pummel+1","Flex","Inflame"],"max_hp_per_floor":[80,80,80,80,80,80,80,80,80,80,80,80,80,80,80,80,80,80,80,80,80,80,80,80,80,80,80,80,80,80,80,80],"relics":["Burning Blood","Unceasing Top","Happy Flower","Paper Frog","Pandora\u0027s Box","Red Skull","Gambling Chip"],"card_choices":[{"not_picked":["Wild Strike","Clash"],"picked":"Flex"},{"not_picked":["Searing Blow","Sword Boomerang"],"picked":"Anger"},{"not_picked":["Bludgeon","Berserk"],"picked":"Demon Form"},{"not_picked":["Iron Wave","Headbutt"],"picked":"Thunderclap"},{"not_picked":["Heavy Blade","Body Slam"],"picked":"Dropkick"},{"not_picked":["Shrug It Off","Pommel Strike"],"picked":"Pummel"},{"not_picked":["Thunderclap","Corruption"],"picked":"Inflame"}],"player_experience":307550,"potions_floor_usage":[16,16,16,25,31],"damage_taken":[{"damage":18,"enemies":"Jaw Worm","floor":1,"turns":4},{"damage":0,"enemies":"Small Slimes","floor":5,"turns":3},{"damage":0,"enemies":"2 Louse","floor":12,"turns":1},{"damage":40,"enemies":"The Guardian","floor":16,"turns":6},{"damage":35,"enemies":"3 Byrds","floor":18,"turns":5},{"damage":14,"enemies":"Chosen","floor":24,"turns":3},{"damage":15,"enemies":"Snecko","floor":25,"turns":3},{"damage":10,"enemies":"Centurion and Healer","floor":29,"turns":2},{"damage":2,"enemies":"3 Cultists","floor":31,"turns":2},{"damage":99,"enemies":"Automaton","floor":33,"turns":6}],"event_choices":[{"event_name":"The Cleric","player_choice":"Healed","floor":3,"damage_taken":0},{"event_name":"Living Wall","player_choice":"Grow","floor":4,"damage_taken":0},{"event_name":"The Lab","player_choice":"Got Potions","floor":7,"damage_taken":0},{"event_name":"Big Fish","player_choice":"Box","floor":13,"damage_taken":0},{"event_name":"Beggar","player_choice":"Gave Gold","floor":19,"damage_taken":0},{"event_name":"Knowing Skull","player_choice":"","floor":20,"damage_taken":0},{"event_name":"Upgrade Shrine","player_choice":"Upgraded","floor":22,"damage_taken":0}],"boss_relics":[{"not_picked":["Runic Dome","Question Card"],"picked":"Pandora\u0027s Box"}],"potions_floor_spawned":[18,24,29],"seed_played":"-8597959301526159109","killed_by":"Automaton","ascension_level":4,"is_trial":false}