{"gold_per_floor":[117,117,134,150,104,104,119,131,131,131,151,164,178,41,41,143,143,162,177,15,25,25,25,25,45,45,45,63,63,63,63],"floor_reached":31,"playtime":1361,"items_purged":[],"score":266,"play_id":"c577d8cc-fef5-4c52-afd5-41da332de83f","local_time":"20181024213643","is_ascension_mode":true,"campfire_choices":[{"data":"Streamline","floor":6,"key":"SMITH"},{"floor":10,"key":"REST"},{"floor":15,"key":"REST"},{"floor":23,"key":"REST"},{"floor":29,"key":"REST"}],"neow_cost":"NONE","seed_source_timestamp":1274663777847950,"circlet_count":0,"master_deck":["Strike_B","Defend_B","Defend_B","Defend_B","Defend_B","Zap","Dualcast","Deep Breath","Streamline","Cold Snap","Streamline+1","Gash","Go for the Eyes","BootSequence","Beam Cell","Beam Cell","Seek","All For One","Gash","Leap","All For One","White Noise","J.A.X.","Coolheaded","Gash"],"relics":["Cracked Core","Letter Opener","Empty Cage","Question Card"],"potions_floor_usage":[16,22,28,28],"damage_taken":[{"damage":1,"enemies":"Cultist","floor":1,"turns":3},{"damage":18,"enemies":"Small Slimes","floor":3,"turns":3},{"damage":0,"enemies":"2 Louse","floor":4,"turns":2},{"damage":8,"enemies":"Blue Slaver","floor":7,"turns":2},{"damage":11,"enemies":"2 Fungi Beasts","floor":8,"turns":3},{"damage":3,"enemies":"Large Slime","floor":11,"turns":4},{"damage":0,"enemies":"Looter","floor":12,"turns":2},{"damage":7,"enemies":"2 Fungi Beasts","floor":13,"turns":3},{"damage":31,"enemies":"The Guardian","floor":16,"turns":8},{"damage":0,"enemies":"Chosen","floor":18,"turns":4},{"damage":9,"enemies":"Shell Parasite","floor":19,"turns":5},{"damage":52,"enemies":"Snecko","floor":21,"turns":6},{"damage":12,"enemies":"Colosseum Slavers","floor":22,"turns":4},{"damage":34,"enemies":"Shelled Parasite and Fungi","floor":25,"turns":4},{"damage":0,"enemies":"Cultist and Chosen","floor":28,"turns":4},{"damage":38,"enemies":"Sentry and Sphere","floor":31,"turns":3}],"seed_played":"5435109545394423737","potions_obtained":[{"floor":4,"key":"Regen Potion"},{"floor":11,"key":"Fire Potion"},{"floor":12,"key":"Regen Potion"},{"floor":25,"key":"Swift Potion"}],"is_trial":false,"path_per_floor":["M","?","M","M","$","R","M","M","T","R","M","M","M","$","R","B",null,"M","M","$","M","?","R","?","M","T","$","M","R","?"],"character_chosen":"DEFECT","items_purchased":["Go for the Eyes","Seek","All For One"],"campfire_rested":4,"item_purchase_floors":[5,14,20],"current_hp_per_floor":[74,74,56,56,56,56,48,37,37,59,56,56,49,49,71,40,75,75,66,66,14,14,36,36,2,2,2,14,36,36,0],"gold":63,"neow_bonus":"RANDOM_COLORLESS","is_prod":false,"is_daily":false,"chose_seed":false,"campfire_upgraded":1,"win_rate":0,"timestamp":1540431403,"path_taken":["M","?","M","M","$","R","M","M","T","R","M","M","M","$","R","BOSS","M","M","$","M","?","R","?","M","T","$","M","R","?","M"],"build_version":"2018-10-18","purchased_purges":0,"victory":false,"max_hp_per_floor":[75,75,75,75,75,75,75,75,75,75,75,75,75,75,75,75,75,75,75,75,75,75,75,75,75,75,75,75,75,75,75],"card_choices":[{"not_picked":["Compile Driver","Doom and Gloom"],"picked":"Streamline","floor":1},{"not_picked":["Coolheaded","Hologram"],"picked":"Streamline","floor":3},{"not_picked":["Doom and Gloom","Hello World"],"picked":"Gash","floor":4},{"not_picked":["Consume","Ball Lightning","Steam"],"picked":"SKIP","floor":7},{"not_picked":["Sweeping Beam","Steam Power"],"picked":"BootSequence","floor":8},{"not_picked":["Steam","Defragment"],"picked":"Beam Cell","floor":11},{"not_picked":["Barrage","Coolheaded"],"picked":"Beam Cell","floor":12},{"not_picked":["Sweeping Beam","Leap","Storm"],"picked":"SKIP","floor":13},{"not_picked":["Buffer","Echo Form"],"picked":"All For One","floor":16},{"not_picked":["Conserve Battery","Redo"],"picked":"Gash","floor":18},{"not_picked":["Heatsinks","Sweeping Beam"],"picked":"Leap","floor":19},{"not_picked":["Ball Lightning","Amplify"],"picked":"White Noise","floor":21},{"not_picked":["Scrape","Cold Snap"],"picked":"Coolheaded","floor":25},{"not_picked":["Double Energy+1","Blizzard","Redo"],"picked":"Gash","floor":28}],"player_experience":680542,"relics_obtained":[{"floor":9,"key":"Letter Opener"},{"floor":26,"key":"Question Card"}],"event_choices":[{"damage_healed":0,"gold_gain":0,"cards_transformed":["Strike_B"],"player_choice":"Transformed","damage_taken":0,"max_hp_gain":0,"max_hp_loss":0,"event_name":"Transmorgrifier","floor":2,"gold_loss":0,"cards_obtained":["Cold Snap"]},{"damage_healed":0,"gold_gain":0,"player_choice":"Fight","damage_taken":0,"max_hp_gain":0,"max_hp_loss":0,"event_name":"Colosseum","floor":22,"gold_loss":0},{"damage_healed":0,"gold_gain":0,"player_choice":"Fled From Nobs","damage_taken":0,"max_hp_gain":0,"max_hp_loss":0,"event_name":"Colosseum","floor":22,"gold_loss":0},{"damage_healed":0,"gold_gain":0,"player_choice":"Obtain J.A.X.","damage_taken":0,"max_hp_gain":0,"max_hp_loss":0,"event_name":"Drug Dealer","floor":24,"gold_loss":0,"cards_obtained":["J.A.X."]},{"damage_healed":0,"gold_gain":0,"player_choice":"Ignored","damage_taken":0,"max_hp_gain":0,"max_hp_loss":0,"event_name":"Ghosts","floor":30,"gold_loss":0}],"is_beta":false,"boss_relics":[{"not_picked":["Inserter","Pandora\u0027s Box"],"picked":"Empty Cage"}],"items_purged_floors":[],"is_endless":false,"potions_floor_spawned":[4,11,12,22,25],"killed_by":"Sentry and Sphere","ascension_level":3}