{"gold_per_floor":[99,99,99,99,99,99,99,99,99,99,99,99,99],"floor_reached":13,"playtime":462,"items_purged":[],"score":162,"play_id":"f6157039-a912-4145-8465-7b20bacbcb6a","local_time":"20190302142619","is_ascension_mode":true,"campfire_choices":[{"data":"Searing Blow","floor":6,"key":"SMITH"},{"data":"Searing Blow+1","floor":8,"key":"SMITH"},{"data":"Searing Blow+2","floor":11,"key":"SMITH"}],"neow_cost":"NONE","seed_source_timestamp":61711641564985,"circlet_count":0,"master_deck":["AscendersBane","Strike_R","Strike_R","Strike_R","Strike_R+1","Strike_R+1","Defend_R","Defend_R","Defend_R","Defend_R","Bash","Searing Blow+3"],"relics":["Ectoplasm","Question Card","Whetstone","Regal Pillow"],"potions_floor_usage":[],"damage_taken":[{"damage":4,"enemies":"Jaw Worm","floor":1,"turns":3},{"damage":0,"enemies":"2 Louse","floor":5,"turns":3},{"damage":4,"enemies":"Small Slimes","floor":7,"turns":3},{"damage":35,"enemies":"3 Sentries","floor":10,"turns":8},{"damage":13,"enemies":"Blue Slaver","floor":12,"turns":2},{"damage":30,"enemies":"Lagavulin","floor":13,"turns":4}],"seed_played":"-7036382945909202663","potions_obtained":[{"floor":5,"key":"Weak Potion"},{"floor":10,"key":"LiquidBronze"},{"floor":12,"key":"Ancient Potion"}],"is_trial":false,"path_per_floor":["M","?","?","$","M","R","M","R","T","E","R","M","E"],"character_chosen":"IRONCLAD","items_purchased":[],"campfire_rested":0,"item_purchase_floors":[],"current_hp_per_floor":[64,38,63,63,63,63,59,59,59,24,24,11,0],"gold":99,"neow_bonus":"BOSS_RELIC","is_prod":false,"is_daily":false,"chose_seed":false,"campfire_upgraded":3,"win_rate":0,"timestamp":1551504379,"path_taken":["M","?","?","?","M","R","M","R","T","E","R","M","E"],"build_version":"2019-01-23","purchased_purges":0,"victory":false,"max_hp_per_floor":[75,75,75,75,75,75,75,75,75,75,75,75,75],"card_choices":[{"not_picked":["Anger","Rupture","Clash"],"picked":"SKIP","floor":1},{"not_picked":["Second Wind","Inflame","Shrug It Off"],"picked":"Searing Blow","floor":5},{"not_picked":["Anger","Evolve","Flex","Clothesline"],"picked":"SKIP","floor":7},{"not_picked":["Uppercut","Infernal Blade","Searing Blow","Rage"],"picked":"SKIP","floor":10},{"not_picked":["True Grit","Sword Boomerang","Clothesline","Pummel"],"picked":"SKIP","floor":12}],"player_experience":983078,"relics_obtained":[{"floor":9,"key":"Whetstone"},{"floor":10,"key":"Regal Pillow"}],"event_choices":[{"damage_healed":0,"gold_gain":0,"player_choice":"Success","damage_taken":26,"relics_obtained":["Question Card"],"max_hp_gain":0,"max_hp_loss":0,"event_name":"Scrap Ooze","floor":2,"gold_loss":0},{"damage_healed":25,"gold_gain":0,"player_choice":"Banana","damage_taken":0,"max_hp_gain":0,"max_hp_loss":0,"event_name":"Big Fish","floor":3,"gold_loss":0}],"is_beta":false,"boss_relics":[],"items_purged_floors":[],"is_endless":false,"potions_floor_spawned":[5,10,12],"killed_by":"Lagavulin","ascension_level":19}