{"gold_per_floor":[110,110,60,74,21,52,52,52,52,127,127,33,49,11,11,110,110,122,134,154,48,48,48,67,67,149,149,249,267,49,66,66,66],"floor_reached":33,"playtime":1736,"items_purged":["Injury"],"score":335,"play_id":"93e2c717-1a99-4ae5-8e22-173936884424","local_time":"20181128011537","is_ascension_mode":true,"campfire_choices":[{"data":"Redo","floor":7,"key":"SMITH"},{"data":"Coolheaded","floor":11,"key":"SMITH"},{"data":"Sunder","floor":15,"key":"SMITH"},{"data":"Capacitor","floor":23,"key":"SMITH"},{"data":"Hello World","floor":25,"key":"SMITH"},{"data":"Zap","floor":27,"key":"SMITH"},{"floor":32,"key":"REST"}],"neow_cost":"NONE","seed_source_timestamp":1200872564247617,"circlet_count":0,"master_deck":["Strike_B","Strike_B","Defend_B+1","Defend_B","Defend_B","Defend_B","Zap+1","Dualcast","Cold Snap","Coolheaded+1","Redo+1","BootSequence+1","Cold Snap","Hello World+1","FTL","Sunder+1","Electrodynamics","BootSequence","Genetic Algorithm+1","Conserve Battery","Capacitor+1","Ball Lightning","Ball Lightning","Redo","Storm","Redo","Cold Snap","FTL+1"],"relics":["Cracked Core","NeowsBlessing","Boot","Gambling Chip","Cursed Key","Tiny Chest"],"potions_floor_usage":[33,33,33],"damage_taken":[{"damage":0,"enemies":"2 Louse","floor":1,"turns":1},{"damage":0,"enemies":"Small Slimes","floor":4,"turns":1},{"damage":0,"enemies":"3 Sentries","floor":6,"turns":1},{"damage":0,"enemies":"Cultist","floor":13,"turns":4},{"damage":3,"enemies":"Hexaghost","floor":16,"turns":11},{"damage":0,"enemies":"Shell Parasite","floor":18,"turns":4},{"damage":6,"enemies":"Spheric Guardian","floor":19,"turns":3},{"damage":6,"enemies":"Snecko","floor":20,"turns":4},{"damage":2,"enemies":"Shelled Parasite and Fungi","floor":24,"turns":5},{"damage":14,"enemies":"Cultist and Chosen","floor":29,"turns":6},{"damage":18,"enemies":"Centurion and Healer","floor":31,"turns":5},{"damage":70,"enemies":"Champ","floor":33,"turns":11}],"seed_played":"-6270760357010443730","potions_obtained":[{"floor":1,"key":"Swift Potion"},{"floor":16,"key":"AttackPotion"},{"floor":18,"key":"Swift Potion"},{"floor":24,"key":"AttackPotion"}],"is_trial":false,"path_per_floor":["M","?","?","M","$","E","R","?","T","?","R","$","M","$","R","B",null,"M","M","M","$","?","R","M","R","T","R","?","M","$","M","R","B"],"character_chosen":"DEFECT","items_purchased":["Redo","Cold Snap","Hello World","Sunder","Capacitor","Ball Lightning","Storm","Redo","Cold Snap"],"campfire_rested":1,"item_purchase_floors":[5,12,12,14,21,21,30,30,30],"current_hp_per_floor":[75,68,68,68,68,68,68,53,53,42,42,42,42,42,42,39,66,66,60,54,54,54,54,52,52,52,52,52,38,38,20,42,0],"gold":66,"neow_bonus":"THREE_ENEMY_KILL","is_prod":false,"is_daily":false,"chose_seed":false,"campfire_upgraded":6,"win_rate":0,"timestamp":1543385737,"path_taken":["M","?","?","M","$","E","R","?","T","?","R","$","M","?","R","BOSS","M","M","M","$","?","R","M","R","T","R","?","M","$","M","R","BOSS"],"build_version":"2018-11-15","purchased_purges":1,"victory":false,"max_hp_per_floor":[75,75,75,75,75,75,75,75,75,75,75,75,75,75,75,75,75,75,75,75,75,75,75,75,75,75,75,75,75,75,75,75,75],"card_choices":[{"not_picked":["Double Energy","Rebound"],"picked":"Cold Snap","floor":1},{"not_picked":["Conserve Battery","Go for the Eyes"],"picked":"Coolheaded","floor":4},{"not_picked":["Force Field","Recycle"],"picked":"BootSequence","floor":6},{"not_picked":["Static Discharge","Double Energy"],"picked":"FTL","floor":13},{"not_picked":["Thunder Strike","Rainbow"],"picked":"Electrodynamics","floor":16},{"not_picked":["Streamline","Leap"],"picked":"BootSequence","floor":18},{"not_picked":["Compile Driver","Stack+1"],"picked":"Genetic Algorithm+1","floor":19},{"not_picked":["Aggregate","Beam Cell"],"picked":"Conserve Battery","floor":20},{"not_picked":["Hologram","All For One"],"picked":"Ball Lightning","floor":24},{"not_picked":["Rebound+1","Steam Power"],"picked":"Redo","floor":29},{"not_picked":["Ball Lightning","Leap"],"picked":"FTL+1","floor":31}],"player_experience":834129,"relics_obtained":[{"floor":6,"key":"Boot"},{"floor":9,"key":"Gambling Chip"},{"floor":26,"key":"Tiny Chest"}],"event_choices":[{"cards_removed":["Strike_B"],"damage_healed":0,"gold_gain":0,"player_choice":"Card Removal","damage_taken":7,"max_hp_gain":0,"max_hp_loss":0,"event_name":"Golden Wing","floor":2,"gold_loss":0},{"cards_removed":["Strike_B"],"damage_healed":0,"gold_gain":0,"player_choice":"Card Removal","damage_taken":0,"max_hp_gain":0,"max_hp_loss":0,"event_name":"The Cleric","floor":3,"gold_loss":50},{"damage_healed":0,"gold_gain":0,"player_choice":"Entered Light","damage_taken":15,"max_hp_gain":0,"max_hp_loss":0,"event_name":"Shining Light","floor":8,"gold_loss":0,"cards_upgraded":["Defend_B","BootSequence"]},{"damage_healed":0,"gold_gain":75,"player_choice":"Gather Gold","damage_taken":11,"max_hp_gain":0,"max_hp_loss":0,"event_name":"World of Goop","floor":10,"gold_loss":0},{"damage_healed":0,"gold_gain":0,"player_choice":"Ignored","damage_taken":0,"max_hp_gain":0,"max_hp_loss":0,"event_name":"Beggar","floor":22,"gold_loss":0},{"damage_healed":0,"gold_gain":100,"player_choice":"Pray","damage_taken":0,"max_hp_gain":0,"max_hp_loss":0,"event_name":"Golden Shrine","floor":28,"gold_loss":0}],"is_beta":false,"boss_relics":[{"not_picked":["Runic Dome","Coffee Dripper"],"picked":"Cursed Key"}],"items_purged_floors":[30],"is_endless":false,"potions_floor_spawned":[1,16,18,24,31],"killed_by":"Champ","ascension_level":5}