{"path_per_floor":["M","?","?","$","M","R","M","?","T","?","M","M","R","$","R","B",null,"M","M","$","?","M","R","?","$","T","M","M","M","?","M","R"],"character_chosen":"THE_SILENT","items_purchased":["Footwork","Blood Vial","Backflip","Infinite Blades","Accuracy","Acrobatics","PiercingWail"],"gold_per_floor":[115,290,290,47,66,66,80,80,137,137,154,171,171,20,20,118,118,129,144,22,22,39,39,39,15,15,29,43,58,58,70,70,70],"floor_reached":33,"campfire_rested":2,"playtime":2158,"current_hp_per_floor":[60,60,60,60,62,62,64,50,50,50,51,51,51,51,51,21,58,49,41,41,41,29,50,50,50,50,27,45,38,25,19,41,0],"items_purged":["Normality"],"gold":70,"score":361,"play_id":"5b94be5f-89f9-4ddf-9dc4-6bcbcd3a33ca","local_time":"20180419152641","is_prod":false,"is_daily":false,"chose_seed":false,"is_ascension_mode":true,"campfire_upgraded":3,"timestamp":1524166001,"path_taken":["M","?","?","$","M","R","M","?","T","?","M","M","R","$","R","BOSS","M","M","?","?","M","R","?","$","T","M","M","M","?","M","R","BOSS"],"build_version":"2018-04-12","seed_source_timestamp":434709026575636,"purchased_purges":1,"victory":false,"master_deck":["Defend_G","Defend_G+1","Defend_G","Defend_G","Defend_G+1","Survivor","Neutralize","Choke+1","Doubt","Footwork+1","Backflip","Cloak And Dagger+1","Concentrate","Dodge and Roll","Caltrops","Infinite Blades+1","A Thousand Cuts","Cloak And Dagger","Accuracy","Acrobatics","Cloak And Dagger","Quick Slash+1","Bite+1","Bite+1","Bite+1","Bite+1","Bite+1","PiercingWail","Cloak And Dagger","Blur","Choke+1"],"max_hp_per_floor":[70,70,70,70,70,70,70,70,70,70,70,70,70,70,70,70,70,70,70,70,70,70,70,70,70,70,70,70,70,75,75,75,75],"relics":["Ring of the Snake","Tiny Chest","Molten Egg 2","Philosopher\u0027s Stone","Question Card"],"card_choices":[{"not_picked":["Underhanded Strike","Prepared"],"picked":"Choke","floor":1},{"not_picked":["Dagger Throw","Dagger Spray"],"picked":"Cloak And Dagger","floor":5},{"not_picked":["Outmaneuver","Bane"],"picked":"Concentrate","floor":7},{"not_picked":["Dagger Throw","Underhanded Strike"],"picked":"Dodge and Roll","floor":11},{"not_picked":["Wraith Form v2","PiercingWail"],"picked":"Caltrops","floor":12},{"not_picked":["Unload","Venomology"],"picked":"A Thousand Cuts","floor":16},{"not_picked":["Sucker Punch","Deflect"],"picked":"Cloak And Dagger","floor":18},{"not_picked":["Catalyst","Slice"],"picked":"Quick Slash","floor":22},{"not_picked":["Deadly Poison","Acrobatics","Poisoned Stab"],"picked":"Cloak And Dagger","floor":27},{"not_picked":["Dagger Spray","Cloak And Dagger","Phantasmal Killer"],"picked":"Blur","floor":28},{"not_picked":["Bane","Malaise","Dodge and Roll"],"picked":"Choke","floor":29}],"player_experience":473753,"potions_floor_usage":[16,16,22,22,29,31,31],"damage_taken":[{"damage":3,"enemies":"Cultist","floor":1,"turns":4},{"damage":0,"enemies":"Small Slimes","floor":5,"turns":4},{"damage":0,"enemies":"Jaw Worm","floor":7,"turns":4},{"damage":1,"enemies":"Large Slime","floor":11,"turns":11},{"damage":2,"enemies":"Exordium Wildlife","floor":12,"turns":9},{"damage":32,"enemies":"Slime Boss","floor":16,"turns":9},{"damage":11,"enemies":"Shell Parasite","floor":18,"turns":5},{"damage":10,"enemies":"Chosen","floor":19,"turns":5},{"damage":14,"enemies":"Snake Plant","floor":22,"turns":4},{"damage":44,"enemies":"Snecko","floor":27,"turns":6},{"damage":6,"enemies":"Centurion and Healer","floor":28,"turns":8},{"damage":16,"enemies":"Snake Plant","floor":29,"turns":5},{"damage":12,"enemies":"Snecko","floor":31,"turns":4},{"damage":66,"enemies":"Collector","floor":33,"turns":7}],"event_choices":[{"event_name":"Liars Game","player_choice":"agreed","floor":2,"damage_taken":0},{"event_name":"Living Wall","player_choice":"Grow","floor":3,"damage_taken":0},{"event_name":"Shining Light","player_choice":"Entered Light","floor":8,"damage_taken":0},{"event_name":"Accursed Blacksmith","player_choice":"Rummage","floor":10,"damage_taken":0},{"event_name":"The Library","player_choice":"Read","floor":21,"damage_taken":0},{"event_name":"Vampires","player_choice":"Became a vampire (Vial)","floor":24,"damage_taken":0},{"event_name":"Forgotten Altar","player_choice":"Shed Blood","floor":30,"damage_taken":0}],"boss_relics":[{"not_picked":["Calling Bell","Black Star"],"picked":"Philosopher\u0027s Stone"}],"potions_floor_spawned":[1,11,12,19,27,28,29],"seed_played":"6877895904034784484","killed_by":"Collector","ascension_level":6,"is_trial":false}