{"gold_per_floor":[110,120,120,138,157,157,188,188,256,267,283,283,283,39,39,139,139,153,178,70,70,84,84,97,97,97,108,126,126,26,57,57,158,458,469,273,324,174,396,396,496,510,510,510,510,530,565,575,575,575],"floor_reached":51,"playtime":4120,"items_purged":["Strike_R","Strike_R","Decay","Doubt"],"score":845,"play_id":"ce2335f2-d851-4f36-87e2-df24dcf7c83f","local_time":"20190127212635","is_ascension_mode":false,"campfire_choices":[{"data":"True Grit","floor":6,"key":"SMITH"},{"data":"Clothesline","floor":8,"key":"SMITH"},{"data":"Uppercut","floor":13,"key":"SMITH"},{"data":"Feed","floor":15,"key":"SMITH"},{"data":"Limit Break","floor":23,"key":"SMITH"},{"data":"Flame Barrier","floor":25,"key":"SMITH"},{"floor":29,"key":"REST"},{"data":"Spot Weakness","floor":32,"key":"SMITH"},{"data":"Exhume","floor":40,"key":"SMITH"},{"floor":49,"key":"REST"}],"neow_cost":"NONE","seed_source_timestamp":637753375121862,"circlet_count":0,"master_deck":["Strike_R","Strike_R","Defend_R","Defend_R","Defend_R","Defend_R+1","Bash+1","Disarm","Heavy Blade","True Grit+1","Clothesline+1","Reaper+1","Uppercut+1","Feed+1","Pommel Strike","Limit Break+1","Rage","Flex+1","Spot Weakness+1","Flame Barrier+1","Necronomicurse","Pummel+1","Dropkick","Armaments+1","Inflame","Exhume+1","Clumsy","Cleave+1","Battle Trance","Headbutt+1"],"relics":["Burning Blood","Nunchaku","Darkstone Periapt","Black Star","Red Mask","Necronomicon","Anchor","Vajra","Mango","Calling Bell","Red Skull","Kunai","Old Coin","Ginger","Unceasing Top","Mummified Hand","Bird Faced Urn"],"potions_floor_usage":[7,19,27,31,33,50,50],"damage_taken":[{"damage":6,"enemies":"Jaw Worm","floor":1,"turns":6},{"damage":0,"enemies":"2 Louse","floor":2,"turns":3},{"damage":5,"enemies":"Small Slimes","floor":4,"turns":4},{"damage":20,"enemies":"Gremlin Gang","floor":5,"turns":8},{"damage":10,"enemies":"Gremlin Nob","floor":7,"turns":3},{"damage":10,"enemies":"Blue Slaver","floor":10,"turns":4},{"damage":14,"enemies":"2 Fungi Beasts","floor":11,"turns":5},{"damage":15,"enemies":"The Guardian","floor":16,"turns":18},{"damage":12,"enemies":"Chosen","floor":18,"turns":5},{"damage":58,"enemies":"Masked Bandits","floor":19,"turns":8},{"damage":1,"enemies":"Spheric Guardian","floor":22,"turns":3},{"damage":3,"enemies":"Snake Plant","floor":24,"turns":3},{"damage":0,"enemies":"Shelled Parasite and Fungi","floor":27,"turns":3},{"damage":49,"enemies":"Snecko","floor":28,"turns":10},{"damage":49,"enemies":"Slavers","floor":31,"turns":5},{"damage":40,"enemies":"Collector","floor":33,"turns":9},{"damage":14,"enemies":"Orb Walker","floor":35,"turns":4},{"damage":99,"enemies":"2 Orb Walkers","floor":37,"turns":7},{"damage":35,"enemies":"3 Shapes","floor":42,"turns":5},{"damage":54,"enemies":"Sphere and 2 Shapes","floor":46,"turns":6},{"damage":89,"enemies":"Reptomancer","floor":47,"turns":5},{"damage":20,"enemies":"Transient","floor":48,"turns":5},{"damage":104,"enemies":"Donu and Deca","floor":50,"turns":7}],"seed_played":"-5187623838800259374","potions_obtained":[{"floor":1,"key":"SteroidPotion"},{"floor":7,"key":"Ancient Potion"},{"floor":22,"key":"Block Potion"},{"floor":24,"key":"LiquidBronze"},{"floor":27,"key":"FearPotion"},{"floor":37,"key":"Ancient Potion"},{"floor":48,"key":"BloodPotion"}],"is_trial":false,"path_per_floor":["M","M","?","M","M","R","E","R","T","M","M","?","R","$","R","B",null,"M","?","$","?","M","R","M","R","T","M","M","R","$","E","R","B",null,"M","$","?","$","?","R","?","M","T","?","?","M","E","M","R","B",null],"character_chosen":"IRONCLAD","items_purchased":["Feed","Pommel Strike","Spot Weakness","Flame Barrier","Battle Trance"],"campfire_rested":2,"item_purchase_floors":[14,14,20,20,36],"current_hp_per_floor":[80,80,80,80,66,66,62,62,62,64,60,44,44,44,44,46,84,88,52,52,42,51,51,54,54,54,64,31,62,62,67,67,67,142,134,134,65,65,65,65,65,36,36,128,128,84,37,23,62,47],"gold":575,"neow_bonus":"REMOVE_CARD","is_prod":false,"is_daily":false,"chose_seed":false,"campfire_upgraded":8,"win_rate":0,"timestamp":1548624395,"path_taken":["M","M","?","M","M","R","E","R","T","M","M","?","R","$","R","BOSS","M","?","$","?","M","R","M","R","T","M","M","R","$","E","R","BOSS","M","$","?","$","?","R","?","?","T","?","?","M","E","M","R","BOSS"],"build_version":"2019-01-23","purchased_purges":4,"victory":true,"max_hp_per_floor":[80,80,80,80,80,80,80,80,80,80,80,80,80,80,80,84,84,88,92,92,98,102,102,102,102,102,106,106,106,106,124,124,124,142,142,142,146,146,146,146,146,146,146,128,128,132,132,132,132,140],"card_choices":[{"not_picked":["Sword Boomerang","Clash"],"picked":"Disarm","floor":1},{"not_picked":["Infernal Blade","Combust"],"picked":"Heavy Blade","floor":2},{"not_picked":["Iron Wave","Twin Strike"],"picked":"True Grit","floor":4},{"not_picked":["Havoc","Flex"],"picked":"Clothesline","floor":5},{"not_picked":["Battle Trance","Heavy Blade"],"picked":"Reaper","floor":7},{"not_picked":["Power Through","Rage"],"picked":"Uppercut","floor":10},{"not_picked":["Blood for Blood","Heavy Blade","Body Slam"],"picked":"SKIP","floor":11},{"not_picked":["Bludgeon","Brutality"],"picked":"Limit Break","floor":16},{"not_picked":["Thunderclap","Uppercut"],"picked":"Rage","floor":18},{"not_picked":["Infernal Blade","Heavy Blade"],"picked":"Flex+1","floor":19},{"not_picked":["Pommel Strike","Fire Breathing"],"picked":"Pummel+1","floor":22},{"not_picked":["Armaments","Perfected Strike"],"picked":"Dropkick","floor":24},{"not_picked":["True Grit","Reckless Charge"],"picked":"Armaments+1","floor":27},{"not_picked":["Heavy Blade","Intimidate","Reckless Charge"],"picked":"SKIP","floor":28},{"not_picked":["Dropkick","Pummel+1"],"picked":"Inflame","floor":31},{"not_picked":["Offering","Double Tap"],"picked":"Exhume","floor":33},{"not_picked":["Pummel+1","Havoc"],"picked":"Cleave+1","floor":35},{"not_picked":["True Grit+1","Wild Strike","Perfected Strike"],"picked":"SKIP","floor":42},{"not_picked":["Warcry","Inflame","Cleave"],"picked":"SKIP","floor":46},{"not_picked":["Havoc+1","Flame Barrier+1"],"picked":"Headbutt+1","floor":47},{"not_picked":["Hemokinesis","Perfected Strike","Thunderclap+1"],"picked":"SKIP","floor":48}],"player_experience":371751,"relics_obtained":[{"floor":7,"key":"Nunchaku"},{"floor":9,"key":"Darkstone Periapt"},{"floor":19,"key":"Red Mask"},{"floor":21,"key":"Necronomicon"},{"floor":26,"key":"Anchor"},{"floor":31,"key":"Vajra"},{"floor":31,"key":"Mango"},{"floor":34,"key":"Red Skull"},{"floor":34,"key":"Kunai"},{"floor":34,"key":"Old Coin"},{"floor":37,"key":"Ginger"},{"floor":43,"key":"Unceasing Top"},{"floor":47,"key":"Mummified Hand"},{"floor":47,"key":"Bird Faced Urn"}],"event_choices":[{"damage_healed":0,"gold_gain":0,"player_choice":"Grow","damage_taken":0,"max_hp_gain":0,"max_hp_loss":0,"event_name":"Living Wall","floor":3,"gold_loss":0,"cards_upgraded":["Bash"]},{"damage_healed":0,"gold_gain":0,"player_choice":"Entered Light","damage_taken":16,"max_hp_gain":0,"max_hp_loss":0,"event_name":"Shining Light","floor":12,"gold_loss":0,"cards_upgraded":["Defend_R","Reaper"]},{"damage_healed":0,"gold_gain":0,"player_choice":"Fought Bandits","damage_taken":0,"max_hp_gain":0,"max_hp_loss":0,"event_name":"Masked Bandits","floor":19,"gold_loss":0},{"damage_healed":0,"gold_gain":0,"player_choice":"Obtained Book","damage_taken":16,"max_hp_gain":0,"max_hp_loss":0,"event_name":"Cursed Tome","floor":21,"gold_loss":0},{"damage_healed":0,"gold_gain":0,"player_choice":"Fight","damage_taken":0,"max_hp_gain":0,"max_hp_loss":0,"event_name":"Mysterious Sphere","floor":37,"gold_loss":0},{"damage_healed":0,"gold_gain":222,"player_choice":"Wore Mask","damage_taken":0,"max_hp_gain":0,"max_hp_loss":0,"event_name":"Tomb of Lord Red Mask","floor":39,"gold_loss":0},{"damage_healed":0,"gold_gain":100,"player_choice":"Pray","damage_taken":0,"max_hp_gain":0,"max_hp_loss":0,"event_name":"Golden Shrine","floor":41,"gold_loss":0},{"damage_healed":128,"gold_gain":0,"player_choice":"Heal","damage_taken":0,"max_hp_gain":0,"max_hp_loss":18,"event_name":"The Moai Head","floor":44,"gold_loss":0},{"damage_healed":0,"gold_gain":0,"player_choice":"Ignored","damage_taken":0,"max_hp_gain":0,"max_hp_loss":0,"event_name":"SecretPortal","floor":45,"gold_loss":0}],"is_beta":false,"boss_relics":[{"not_picked":["Runic Pyramid","Pandora\u0027s Box"],"picked":"Black Star"},{"not_picked":["Runic Dome","Busted Crown"],"picked":"Calling Bell"}],"items_purged_floors":[14,30,36,38],"is_endless":false,"potions_floor_spawned":[1,7,22,24,27,37,48],"ascension_level":0}