{"path_per_floor":["M","$","?","?","M","R","M","M","T","R","M","?","M","E","R"],"character_chosen":"THE_SILENT","items_purchased":["Accuracy","Dash"],"gold_per_floor":[110,4,4,4,24,24,40,59,84,84,100,175,190,224,224],"floor_reached":16,"campfire_rested":2,"playtime":952,"current_hp_per_floor":[62,62,55,49,48,48,41,41,41,59,58,47,47,22,40],"items_purged":[],"gold":224,"score":102,"play_id":"29a9d6bf-71cd-46dd-be3b-1fe2930c9c8a","is_prod":false,"is_daily":false,"is_ascension_mode":false,"campfire_upgraded":1,"path_taken":["M","$","?","?","?","R","M","M","T","R","M","?","M","E","R","BOSS"],"build_version":"2018-02-08-PROD1","purchased_purges":0,"victory":false,"master_deck":["Defend_G","Defend_G","Defend_G","Defend_G","Defend_G","Strike_G","Strike_G","Strike_G","Strike_G","Strike_G","Survivor","Neutralize","Flechettes","Accuracy+1","Dash","Finisher","Quick Slash","Cloak And Dagger","Sucker Punch","Dagger Spray","Accuracy","Backstab","Slice"],"max_hp_per_floor":[63,63,63,63,63,63,63,63,63,63,63,63,63,63,63],"relics":["Ring of the Snake","Du-Vu Doll","Paper Crane","Dream Catcher","Shovel"],"card_choices":[{"not_picked":["Distraction","Blur"],"picked":"Flechettes"},{"not_picked":["Bane","Acrobatics"],"picked":"Finisher"},{"not_picked":["Catalyst","Outmaneuver"],"picked":"Quick Slash"},{"not_picked":["Poisoned Stab","Reflex"],"picked":"Cloak And Dagger"},{"not_picked":["Quick Slash","Dodge and Roll"],"picked":"Sucker Punch"},{"not_picked":["Malaise","PiercingWail"],"picked":"Dagger Spray"},{"not_picked":["Riddle With Holes","Underhanded Strike"],"picked":"Accuracy"},{"not_picked":["Quick Slash","Bullet Time"],"picked":"Backstab"},{"not_picked":["Acrobatics","Deflect"],"picked":"Slice"}],"player_experience":65697,"potions_floor_usage":[14],"damage_taken":[{"damage":1,"enemies":"Jaw Worm","floor":1,"turns":7},{"damage":1,"enemies":"2 Louse","floor":5,"turns":3},{"damage":7,"enemies":"Blue Slaver","floor":7,"turns":4},{"damage":0,"enemies":"3 Louse","floor":8,"turns":3},{"damage":1,"enemies":"Exordium Thugs","floor":11,"turns":6},{"damage":0,"enemies":"2 Fungi Beasts","floor":13,"turns":3},{"damage":25,"enemies":"Lagavulin","floor":14,"turns":9},{"damage":45,"enemies":"Slime Boss","floor":16,"turns":7}],"event_choices":[{"event_name":"Scrap Ooze","player_choice":"success","floor":3,"damage_taken":7},{"event_name":"Wheel of Change","player_choice":"Damage","floor":4,"damage_taken":0},{"event_name":"World of Goop","player_choice":"Gather Gold","floor":12,"damage_taken":0}],"boss_relics":[],"potions_floor_spawned":[1,13],"seed_played":"2302762357134352723","killed_by":"Slime Boss","ascension_level":0,"is_trial":false}