{"path_per_floor":["M","T","$","?","M","E","R","E","T","M","R","M","M","M","R","B",null,"M","?","$","?","?","R","M","R","T"],"character_chosen":"IRONCLAD","items_purchased":["True Grit","Shuriken"],"gold_per_floor":[118,118,20,20,39,69,69,103,103,116,116,133,143,154,154,256,256,272,272,10,10,10,10,27,27,50],"floor_reached":27,"campfire_rested":0,"playtime":2204,"current_hp_per_floor":[59,59,59,59,65,43,43,16,16,22,22,28,34,29,29,16,62,49,74,74,74,59,59,36,36,36],"items_purged":["Parasite"],"gold":50,"play_id":"de46b53f-7b95-445a-8f06-43968af5c261","is_prod":false,"is_daily":false,"is_ascension_mode":true,"campfire_upgraded":1,"path_taken":["M","?","$","?","M","E","R","E","T","?","R","?","M","M","R","BOSS","M","?","?","?","?","R","M","R","T","M"],"build_version":"2018-02-01-PROD3","purchased_purges":1,"victory":false,"master_deck":["Bash+1","True Grit+1","Fire Breathing","Dark Embrace","Havoc+1","Rampage","Warcry","Clash","Offering","Flex","Warcry","Iron Wave","Combust","Dual Wield+1","Sword Boomerang","Warcry","True Grit"],"max_hp_per_floor":[80,80,77,77,77,77,77,77,77,77,77,77,77,77,77,77,77,77,77,77,77,82,82,82,82,82],"relics":["Burning Blood","Happy Flower","Omamori","Dodecahedron","Peace Pipe","Pandora\u0027s Box","Shuriken","War Paint"],"card_choices":[{"not_picked":["Anger","Dual Wield"],"picked":"Wild Strike"},{"not_picked":["Flex","Uppercut"],"picked":"Fire Breathing"},{"not_picked":["Power Through","Cleave"],"picked":"Dark Embrace"},{"not_picked":["Sentinel","Thunderclap"],"picked":"Havoc"},{"not_picked":["Battle Trance","Warcry"],"picked":"Rampage"},{"not_picked":["Inflame","Anger"],"picked":"Warcry"},{"not_picked":["Wild Strike","Sword Boomerang"],"picked":"Clash"},{"not_picked":["Juggernaut","Barricade"],"picked":"Offering"},{"not_picked":["Anger","Headbutt"],"picked":"Warcry"},{"not_picked":["Anger","Cleave"],"picked":"True Grit"}],"player_experience":610121,"potions_floor_usage":[6,12,13,16,16,24,27],"damage_taken":[{"damage":19,"enemies":"Blue Slaver","floor":1,"turns":5},{"damage":0,"enemies":"Small Slimes","floor":5,"turns":4},{"damage":28,"enemies":"Lagavulin","floor":6,"turns":5},{"damage":33,"enemies":"Gremlin Nob","floor":8,"turns":5},{"damage":0,"enemies":"Cultist","floor":10,"turns":3},{"damage":9,"enemies":"Red Slaver","floor":12,"turns":4},{"damage":0,"enemies":"Lots of Slimes","floor":13,"turns":2},{"damage":11,"enemies":"Looter","floor":14,"turns":3},{"damage":34,"enemies":"Hexaghost","floor":16,"turns":9},{"damage":19,"enemies":"Spheric Guardian","floor":18,"turns":5},{"damage":29,"enemies":"2 Thieves","floor":24,"turns":4},{"damage":43,"enemies":"Snecko","floor":27,"turns":5}],"event_choices":[{"event_name":"Upgrade Shrine","player_choice":"Upgraded","floor":4,"damage_taken":0},{"event_name":"The Library","player_choice":"Heal","floor":19,"damage_taken":0},{"event_name":"Vampires","player_choice":"Ignored","floor":21,"damage_taken":0},{"event_name":"Forgotten Altar","player_choice":"Shed Blood","floor":22,"damage_taken":0}],"boss_relics":[{"not_picked":["Lizard Tail","Black Blood"],"picked":"Pandora\u0027s Box"}],"potions_floor_spawned":[5,12,14,16,24],"seed_played":"-4123960267767573479","killed_by":"Snecko","ascension_level":10,"is_trial":false}