{"gold_per_floor":[119,130,150,150,164,164,196,213,213,213,238,90,90,15,15,88,88,100,100,115,40,40,40,58,58,58,93,93,113,128,143,143,217,217,236,236,250,264,264,298,298,298],"floor_reached":42,"playtime":6886,"items_purged":["Strike_R"],"score":829,"play_id":"249163dc-086d-44b5-a6bc-a5bbd43f1ac1","local_time":"20190224001446","is_ascension_mode":true,"campfire_choices":[{"data":"Armaments","floor":6,"key":"SMITH"},{"data":"Armaments","floor":10,"key":"SMITH"},{"floor":13,"key":"REST"},{"data":"Feel No Pain","floor":15,"key":"SMITH"},{"floor":23,"key":"REST"},{"data":"Metallicize","floor":25,"key":"SMITH"},{"floor":28,"key":"REST"},{"floor":32,"key":"REST"},{"floor":41,"key":"REST"}],"neow_cost":"NONE","seed_source_timestamp":75984748018200,"circlet_count":0,"master_deck":["AscendersBane","Defend_R","Defend_R","Defend_R","Defend_R","Bash","Armaments+1","Anger","Flame Barrier","Armaments+1","Battle Trance","Feel No Pain+1","Disarm","Immolate","Cleave+1","Pommel Strike+1","Limit Break+1","Intimidate","Metallicize+1","Battle Trance","Uppercut+1","Flame Barrier","Feed","Thinking Ahead","Headbutt"],"relics":["Burning Blood","Vajra","Matryoshka","Singing Bowl","Centennial Puzzle","Astrolabe","Nilry\u0027s Codex","Strawberry","Pear","Kunai","Busted Crown","Frozen Egg 2"],"potions_floor_usage":[7,11,16,16,24,33,38,38,42],"damage_taken":[{"damage":3,"enemies":"Small Slimes","floor":1,"turns":5},{"damage":1,"enemies":"Cultist","floor":2,"turns":4},{"damage":7,"enemies":"2 Louse","floor":3,"turns":3},{"damage":3,"enemies":"Looter","floor":5,"turns":5},{"damage":37,"enemies":"Lagavulin","floor":7,"turns":7},{"damage":6,"enemies":"3 Louse","floor":8,"turns":5},{"damage":24,"enemies":"3 Sentries","floor":11,"turns":11},{"damage":41,"enemies":"Slime Boss","floor":16,"turns":12},{"damage":2,"enemies":"3 Byrds","floor":18,"turns":4},{"damage":16,"enemies":"Spheric Guardian","floor":20,"turns":6},{"damage":12,"enemies":"Snake Plant","floor":24,"turns":6},{"damage":51,"enemies":"Slavers","floor":27,"turns":6},{"damage":5,"enemies":"3 Cultists","floor":29,"turns":3},{"damage":9,"enemies":"Shelled Parasite and Fungi","floor":30,"turns":5},{"damage":8,"enemies":"Centurion and Healer","floor":31,"turns":6},{"damage":84,"enemies":"Automaton","floor":33,"turns":12},{"damage":0,"enemies":"3 Shapes","floor":35,"turns":11},{"damage":0,"enemies":"Orb Walker","floor":37,"turns":7},{"damage":15,"enemies":"Transient","floor":38,"turns":5},{"damage":52,"enemies":"Nemesis","floor":40,"turns":13},{"damage":109,"enemies":"Giant Head","floor":42,"turns":10}],"seed_played":"-2425705840759265221","potions_obtained":[{"floor":0,"key":"BloodPotion"},{"floor":0,"key":"SteroidPotion"},{"floor":3,"key":"PowerPotion"},{"floor":7,"key":"GamblersBrew"},{"floor":11,"key":"SpeedPotion"},{"floor":16,"key":"SneckoOil"},{"floor":29,"key":"BloodPotion"},{"floor":33,"key":"Block Potion"},{"floor":37,"key":"Energy Potion"},{"floor":40,"key":"AttackPotion"}],"is_trial":false,"path_per_floor":["M","M","M","?","M","R","E","M","T","R","E","$","R","$","R","B",null,"M","?","M","$","?","R","M","R","T","E","R","M","M","M","R","B",null,"M","?","M","M","?","E","R","E"],"character_chosen":"IRONCLAD","items_purchased":["Centennial Puzzle","Metallicize"],"campfire_rested":5,"item_purchase_floors":[12,21],"current_hp_per_floor":[71,75,74,74,75,75,51,51,51,51,35,35,58,58,58,23,64,68,52,44,44,29,54,50,50,67,22,52,55,52,50,81,13,82,94,88,96,89,89,47,83,0],"gold":298,"neow_bonus":"THREE_SMALL_POTIONS","is_prod":false,"is_daily":false,"chose_seed":false,"campfire_upgraded":4,"win_rate":0,"timestamp":1550985286,"path_taken":["M","M","M","?","?","R","E","M","T","R","E","$","R","$","R","BOSS","M","?","M","$","?","R","M","R","T","E","R","M","M","M","R","BOSS","M","?","M","M","?","E","R","E"],"build_version":"2019-01-23","purchased_purges":1,"victory":false,"max_hp_per_floor":[75,75,75,75,75,75,75,75,75,75,77,77,77,77,77,77,77,77,77,79,79,84,84,86,86,103,103,103,105,105,105,105,105,105,111,115,117,119,119,123,123,123],"card_choices":[{"not_picked":["Twin Strike","Headbutt"],"picked":"Armaments","floor":1},{"not_picked":["Infernal Blade","Havoc"],"picked":"Anger","floor":2},{"not_picked":["Intimidate","Seeing Red"],"picked":"Flame Barrier","floor":3},{"not_picked":["Warcry","Clothesline"],"picked":"Battle Trance","floor":5},{"not_picked":["Iron Wave","Thunderclap"],"picked":"Feel No Pain","floor":7},{"not_picked":["Clothesline","Brutality"],"picked":"Disarm","floor":8},{"not_picked":["Warcry","Twin Strike","Clash"],"picked":"Singing Bowl","floor":11},{"not_picked":["Barricade","Berserk"],"picked":"Immolate","floor":16},{"not_picked":["Seeing Red","Pummel"],"picked":"Intimidate","floor":18},{"not_picked":["Sentinel","Flex","Pummel"],"picked":"Singing Bowl","floor":20},{"not_picked":["Flex","Twin Strike","Carnage+1"],"picked":"Singing Bowl","floor":24},{"not_picked":["Perfected Strike","Thunderclap"],"picked":"Battle Trance","floor":27},{"not_picked":["Hemokinesis","Anger","Body Slam"],"picked":"Singing Bowl","floor":29},{"not_picked":["Clothesline","Flame Barrier+1"],"picked":"Uppercut+1","floor":30},{"not_picked":["Combust","Uppercut"],"picked":"Flame Barrier","floor":31},{"not_picked":["Dark Embrace","Double Tap"],"picked":"Feed","floor":33},{"not_picked":["Dual Wield"],"picked":"Singing Bowl","floor":35},{"not_picked":[],"picked":"Thinking Ahead","floor":36},{"not_picked":["Deep Breath"],"picked":"Singing Bowl","floor":36},{"not_picked":["Enlightenment"],"picked":"Singing Bowl","floor":36},{"not_picked":["Power Through"],"picked":"Singing Bowl","floor":37},{"not_picked":["Heavy Blade"],"picked":"Singing Bowl","floor":38},{"not_picked":[],"picked":"Headbutt","floor":40}],"player_experience":1316779,"relics_obtained":[{"floor":7,"key":"Vajra"},{"floor":9,"key":"Matryoshka"},{"floor":11,"key":"Singing Bowl"},{"floor":19,"key":"Nilry\u0027s Codex"},{"floor":26,"key":"Strawberry"},{"floor":26,"key":"Pear"},{"floor":27,"key":"Kunai"},{"floor":40,"key":"Frozen Egg 2"}],"event_choices":[{"damage_healed":0,"gold_gain":0,"cards_transformed":["Strike_R"],"player_choice":"Transformed","damage_taken":0,"max_hp_gain":0,"max_hp_loss":0,"event_name":"Transmorgrifier","floor":4,"gold_loss":0,"cards_obtained":["Armaments"]},{"damage_healed":0,"gold_gain":0,"player_choice":"Obtained Book","damage_taken":16,"max_hp_gain":0,"max_hp_loss":0,"event_name":"Cursed Tome","floor":19,"gold_loss":0},{"damage_healed":0,"gold_gain":0,"player_choice":"Shed Blood","damage_taken":20,"max_hp_gain":5,"max_hp_loss":0,"event_name":"Forgotten Altar","floor":22,"gold_loss":0},{"damage_healed":0,"gold_gain":0,"player_choice":"Memory 3","damage_taken":10,"max_hp_gain":0,"max_hp_loss":0,"event_name":"SensoryStone","floor":36,"gold_loss":0},{"damage_healed":0,"gold_gain":0,"player_choice":"Ignored","damage_taken":0,"max_hp_gain":0,"max_hp_loss":0,"event_name":"Tomb of Lord Red Mask","floor":39,"gold_loss":0}],"is_beta":false,"boss_relics":[{"not_picked":["Calling Bell","Black Blood"],"picked":"Astrolabe"},{"not_picked":["Empty Cage","Fusion Hammer"],"picked":"Busted Crown"}],"items_purged_floors":[14],"is_endless":false,"potions_floor_spawned":[3,7,11,16,29,33,37,40],"killed_by":"Giant Head","ascension_level":14}