{"gold_per_floor":[218,230,244,255,79,79,107,107,107,120,120,120,152,170,170,269,269,283,102,17,17,37,37,47,47,130,140,150,150,167,42,42,147,147,162,180,65,65,165,165,179,212,235,282,282,301,321,334,334,334],"floor_reached":51,"playtime":5691,"items_purged":["Defend_B","Amplify","All For One"],"score":705,"play_id":"ba1a2423-e0c4-4249-868d-1a8aca6b95a0","local_time":"20190203001728","is_ascension_mode":true,"campfire_choices":[{"data":"Zap","floor":6,"key":"SMITH"},{"floor":8,"key":"REST"},{"floor":12,"key":"REST"},{"data":"Machine Learning","floor":15,"key":"SMITH"},{"data":"Capacitor","floor":23,"key":"SMITH"},{"data":"Dualcast","floor":25,"key":"SMITH"},{"floor":32,"key":"REST"},{"data":"Capacitor","floor":40,"key":"SMITH"},{"data":"Defragment","floor":45,"key":"SMITH"},{"data":"Buffer","floor":49,"key":"SMITH"}],"neow_cost":"NONE","seed_source_timestamp":1164856827898192,"circlet_count":0,"master_deck":["Zap+1","Dualcast+1","Sweeping Beam","Redo","Conserve Battery","Leap","Self Repair","Machine Learning+1","Genetic Algorithm","Reinforced Body","Electrodynamics","Skim","Capacitor+1","Seek","Cold Snap","Cold Snap","Auto Shields","Steam","Barrage+1","Reinforced Body","Seek","Machine Learning","Barrage","Capacitor+1","Deep Breath","Barrage","Defragment+1","Buffer+1"],"relics":["FrozenCore","Vajra","Pen Nib","Letter Opener","Pandora\u0027s Box","Singing Bowl","Tiny Chest","Bird Faced Urn","Peace Pipe","PreservedInsect","Anchor"],"potions_floor_usage":[13,13,24,28,33,41,42,47,50],"damage_taken":[{"damage":13,"enemies":"Jaw Worm","floor":1,"turns":4},{"damage":8,"enemies":"2 Louse","floor":2,"turns":2},{"damage":0,"enemies":"Small Slimes","floor":3,"turns":3},{"damage":11,"enemies":"Blue Slaver","floor":4,"turns":4},{"damage":16,"enemies":"Lagavulin","floor":7,"turns":6},{"damage":9,"enemies":"3 Louse","floor":10,"turns":2},{"damage":27,"enemies":"3 Sentries","floor":13,"turns":6},{"damage":0,"enemies":"2 Fungi Beasts","floor":14,"turns":3},{"damage":23,"enemies":"The Guardian","floor":16,"turns":13},{"damage":7,"enemies":"Chosen","floor":18,"turns":5},{"damage":17,"enemies":"Spheric Guardian","floor":22,"turns":6},{"damage":1,"enemies":"Snecko","floor":24,"turns":9},{"damage":27,"enemies":"Snake Plant","floor":27,"turns":5},{"damage":1,"enemies":"Centurion and Healer","floor":28,"turns":5},{"damage":16,"enemies":"Sentry and Sphere","floor":30,"turns":5},{"damage":38,"enemies":"Champ","floor":33,"turns":11},{"damage":13,"enemies":"3 Darklings","floor":35,"turns":6},{"damage":16,"enemies":"3 Shapes","floor":36,"turns":5},{"damage":0,"enemies":"Mind Bloom Boss Battle","floor":39,"turns":11},{"damage":9,"enemies":"Sphere and 2 Shapes","floor":41,"turns":7},{"damage":18,"enemies":"Nemesis","floor":42,"turns":11},{"damage":0,"enemies":"3 Darklings","floor":46,"turns":6},{"damage":14,"enemies":"4 Shapes","floor":47,"turns":4},{"damage":0,"enemies":"Spire Growth","floor":48,"turns":8},{"damage":3,"enemies":"Time Eater","floor":50,"turns":9}],"seed_played":"-5930893569077712967","potions_obtained":[{"floor":4,"key":"Strength Potion"},{"floor":7,"key":"Strength Potion"},{"floor":14,"key":"Block Potion"},{"floor":16,"key":"Block Potion"},{"floor":24,"key":"GamblersBrew"},{"floor":28,"key":"LiquidBronze"},{"floor":33,"key":"Ancient Potion"},{"floor":39,"key":"GamblersBrew"},{"floor":42,"key":"EssenceOfSteel"},{"floor":46,"key":"Block Potion"},{"floor":47,"key":"FearPotion"}],"is_trial":false,"path_per_floor":["M","M","M","M","$","R","E","R","T","M","?","R","E","M","R","B",null,"M","$","?","?","M","R","M","R","T","M","M","?","M","$","R","B",null,"M","M","$","?","?","R","M","E","T","T","R","M","M","M","R","B",null],"character_chosen":"DEFECT","items_purchased":["Leap","Self Repair","Auto Shields","Barrage","Capacitor"],"campfire_rested":3,"item_purchase_floors":[5,5,19,37,37],"current_hp_per_floor":[62,54,54,43,43,43,27,49,49,40,40,62,42,42,42,26,75,68,68,68,68,60,60,59,59,59,39,47,47,38,38,61,30,79,68,61,61,61,68,68,78,76,76,76,76,85,78,89,89,89],"gold":334,"neow_bonus":"HUNDRED_GOLD","is_prod":false,"is_daily":false,"chose_seed":false,"campfire_upgraded":7,"win_rate":0,"timestamp":1549153048,"path_taken":["M","M","M","M","$","R","E","R","T","M","?","R","E","M","R","BOSS","M","$","?","?","M","R","M","R","T","M","M","?","M","?","R","BOSS","M","M","$","?","?","R","M","E","T","?","R","?","M","M","R","BOSS"],"build_version":"2019-01-23","purchased_purges":3,"victory":true,"max_hp_per_floor":[75,75,75,75,75,75,75,75,75,75,75,75,75,75,75,75,75,75,75,75,75,77,77,77,77,77,77,79,79,79,79,79,79,79,81,83,83,83,83,83,85,85,85,85,85,85,87,89,89,89],"card_choices":[{"not_picked":["Coolheaded","Self Repair"],"picked":"Sweeping Beam","floor":1},{"not_picked":["Compile Driver","FTL"],"picked":"Redo","floor":2},{"not_picked":["Consume","Heatsinks","Hologram"],"picked":"SKIP","floor":3},{"not_picked":["Doom and Gloom","Redo"],"picked":"Conserve Battery","floor":4},{"not_picked":["Gash","Rebound"],"picked":"Machine Learning","floor":7},{"not_picked":["Turbo","Redo"],"picked":"Genetic Algorithm","floor":10},{"not_picked":["Beam Cell","Rebound"],"picked":"Reinforced Body","floor":13},{"not_picked":["Hologram","Go for the Eyes","Streamline"],"picked":"SKIP","floor":14},{"not_picked":["Biased Cognition","Rainbow"],"picked":"Electrodynamics","floor":16},{"not_picked":["Turbo+1","Steam Power"],"picked":"Cold Snap","floor":18},{"not_picked":["Cold Snap","Go for the Eyes+1","Sweeping Beam"],"picked":"Singing Bowl","floor":22},{"not_picked":["Redo","Aggregate"],"picked":"Barrage+1","floor":24},{"not_picked":["Double Energy","Steam Power"],"picked":"Reinforced Body","floor":27},{"not_picked":["Leap","Aggregate","Compile Driver+1"],"picked":"Singing Bowl","floor":28},{"not_picked":["Hello World","Genetic Algorithm"],"picked":"Seek","floor":30},{"not_picked":["Meteor Strike","Hyperbeam"],"picked":"Machine Learning","floor":33},{"not_picked":["Hologram","Rebound","Hello World"],"picked":"Singing Bowl","floor":35},{"not_picked":["Hello World+1","Cold Snap+1","Genetic Algorithm+1"],"picked":"Singing Bowl","floor":36},{"not_picked":["Thinking Ahead","Apotheosis"],"picked":"Deep Breath","floor":38},{"not_picked":["Rip and Tear+1","Storm"],"picked":"Barrage","floor":39},{"not_picked":["Coolheaded","Genetic Algorithm","Leap+1"],"picked":"Singing Bowl","floor":41},{"not_picked":["Streamline+1","Rebound+1"],"picked":"Defragment","floor":42},{"not_picked":["Coolheaded+1","Reprogram"],"picked":"Buffer","floor":46},{"not_picked":["Hologram+1","Reinforced Body","Cold Snap"],"picked":"Singing Bowl","floor":47},{"not_picked":["BootSequence+1","Chaos","Beam Cell+1"],"picked":"Singing Bowl","floor":48}],"player_experience":434267,"relics_obtained":[{"floor":7,"key":"Vajra"},{"floor":9,"key":"Pen Nib"},{"floor":13,"key":"Letter Opener"},{"floor":26,"key":"Tiny Chest"},{"floor":39,"key":"Bird Faced Urn"},{"floor":42,"key":"Peace Pipe"},{"floor":43,"key":"PreservedInsect"},{"floor":44,"key":"Anchor"}],"event_choices":[{"damage_healed":0,"gold_gain":0,"player_choice":"Ignored","damage_taken":0,"max_hp_gain":0,"max_hp_loss":0,"event_name":"Golden Wing","floor":11,"gold_loss":0},{"damage_healed":0,"gold_gain":0,"player_choice":"Obtained Relic","damage_taken":0,"relics_obtained":["Singing Bowl"],"max_hp_gain":0,"max_hp_loss":0,"event_name":"Addict","floor":20,"gold_loss":85},{"damage_healed":0,"gold_gain":0,"cards_transformed":["Static Discharge","Rebound"],"player_choice":"Became Test Subject","damage_taken":0,"max_hp_gain":0,"max_hp_loss":0,"event_name":"Drug Dealer","floor":21,"gold_loss":0,"cards_obtained":["Steam","All For One"]},{"damage_healed":0,"gold_gain":0,"player_choice":"Ignored","damage_taken":0,"max_hp_gain":0,"max_hp_loss":0,"event_name":"Ghosts","floor":29,"gold_loss":0},{"damage_healed":0,"gold_gain":0,"player_choice":"Memory 1","damage_taken":0,"max_hp_gain":0,"max_hp_loss":0,"event_name":"SensoryStone","floor":38,"gold_loss":0},{"damage_healed":0,"gold_gain":0,"player_choice":"Fight","damage_taken":0,"max_hp_gain":0,"max_hp_loss":0,"event_name":"MindBloom","floor":39,"gold_loss":0}],"is_beta":false,"boss_relics":[{"not_picked":["Black Star","Runic Dome"],"picked":"Pandora\u0027s Box"},{"not_picked":["Snecko Eye","Busted Crown"],"picked":"FrozenCore"}],"items_purged_floors":[5,19,31],"is_endless":false,"potions_floor_spawned":[4,7,14,16,24,28,33,39,42,46,47,48],"ascension_level":2}