{"gold_per_floor":[14,24,37,49,60,60,95,95,122,134,144,174,154,41,41,120,120,135,154,54,54,65,65,99,99,173,0,0,0,18,36,36,113,113,128,128,145,165,165,165],"floor_reached":40,"playtime":4885,"items_purged":["Strike_R","Strike_R"],"score":735,"play_id":"21535ef4-ed3f-4e99-82d0-a85d23285fb6","local_time":"20190228222422","is_ascension_mode":true,"campfire_choices":[{"data":"True Grit","floor":6,"key":"SMITH"},{"floor":8,"key":"REST"},{"floor":15,"key":"REST"},{"data":"Sentinel","floor":23,"key":"SMITH"},{"floor":28,"key":"REST"},{"data":"Ghostly","floor":32,"key":"SMITH"}],"neow_cost":"NO_GOLD","seed_source_timestamp":1979628788800,"circlet_count":0,"master_deck":["AscendersBane","Strike_R","Strike_R","Strike_R","Defend_R","Defend_R","Defend_R","Defend_R","Bash","True Grit+1","Twin Strike","Uppercut","Disarm","Pommel Strike","Flame Barrier","Shrug It Off","Inflame","Feed","Sentinel+1","Demon Form","Inflame","Demon Form","Ghostly+1","Ghostly","Ghostly","Flame Barrier","Impervious","Intimidate","Madness","Madness","Metallicize"],"relics":["Burning Blood","Nunchaku","Centennial Puzzle","Red Skull","Sozu","Boot","Kunai","Matryoshka","Runic Pyramid"],"potions_floor_usage":[11,30,33],"damage_taken":[{"damage":15,"enemies":"Cultist","floor":1,"turns":5},{"damage":7,"enemies":"Jaw Worm","floor":2,"turns":6},{"damage":9,"enemies":"2 Louse","floor":3,"turns":2},{"damage":20,"enemies":"Large Slime","floor":4,"turns":6},{"damage":2,"enemies":"Looter","floor":5,"turns":4},{"damage":31,"enemies":"Lagavulin","floor":7,"turns":7},{"damage":17,"enemies":"2 Fungi Beasts","floor":10,"turns":5},{"damage":0,"enemies":"3 Louse","floor":11,"turns":3},{"damage":39,"enemies":"Gremlin Nob","floor":12,"turns":5},{"damage":45,"enemies":"Slime Boss","floor":16,"turns":11},{"damage":1,"enemies":"Chosen","floor":18,"turns":8},{"damage":0,"enemies":"3 Byrds","floor":19,"turns":7},{"damage":13,"enemies":"Snecko","floor":22,"turns":5},{"damage":66,"enemies":"Slavers","floor":24,"turns":7},{"damage":9,"enemies":"Cultist and Chosen","floor":30,"turns":10},{"damage":19,"enemies":"Centurion and Healer","floor":31,"turns":15},{"damage":9,"enemies":"Champ","floor":33,"turns":11},{"damage":23,"enemies":"3 Darklings","floor":35,"turns":7},{"damage":0,"enemies":"3 Shapes","floor":37,"turns":12},{"damage":29,"enemies":"Spire Growth","floor":38,"turns":10},{"damage":82,"enemies":"Giant Head","floor":40,"turns":10}],"seed_played":"-1373111922008793681","potions_obtained":[{"floor":3,"key":"Fruit Juice"},{"floor":4,"key":"Ancient Potion"},{"floor":11,"key":"Dexterity Potion"},{"floor":13,"key":"PowerPotion"}],"is_trial":false,"path_per_floor":["M","M","M","M","M","R","E","R","T","M","M","E","?","$","R","B",null,"M","M","$","?","M","R","E","?","T","?","R","T","M","M","R","B",null,"M","?","M","M","?","E"],"character_chosen":"IRONCLAD","items_purchased":["Inflame"],"campfire_rested":3,"item_purchase_floors":[14],"current_hp_per_floor":[73,72,69,55,59,59,34,60,60,49,60,27,27,27,55,16,75,80,89,89,89,85,85,28,28,28,28,43,43,40,30,30,30,50,36,25,34,14,54,0],"gold":165,"neow_bonus":"TWENTY_PERCENT_HP_BONUS","is_prod":false,"is_daily":false,"chose_seed":false,"campfire_upgraded":3,"win_rate":0,"timestamp":1551410662,"path_taken":["M","M","M","M","M","R","E","R","T","M","?","E","?","$","R","BOSS","M","?","$","?","M","R","E","?","T","?","R","?","M","M","R","BOSS","M","?","M","M","?","E"],"build_version":"2019-01-23","purchased_purges":2,"victory":false,"max_hp_per_floor":[89,89,89,89,89,89,89,89,89,89,94,94,94,94,94,94,94,94,97,97,97,100,100,103,51,51,51,51,51,51,54,54,57,57,60,60,63,66,54,54],"card_choices":[{"not_picked":["Sword Boomerang","Headbutt"],"picked":"True Grit","floor":1},{"not_picked":["Pommel Strike","Sword Boomerang"],"picked":"Twin Strike","floor":2},{"not_picked":["Brutality","Iron Wave"],"picked":"Uppercut","floor":3},{"not_picked":["Searing Blow","Perfected Strike"],"picked":"Disarm","floor":4},{"not_picked":["Body Slam","Dropkick"],"picked":"Pommel Strike","floor":5},{"not_picked":["True Grit","Rupture","Flex"],"picked":"SKIP","floor":7},{"not_picked":["Perfected Strike","Flex","Dual Wield"],"picked":"SKIP","floor":10},{"not_picked":["Fiend Fire","Spot Weakness"],"picked":"Flame Barrier","floor":11},{"not_picked":["Warcry","Rage"],"picked":"Shrug It Off","floor":12},{"not_picked":["Bludgeon","Reaper"],"picked":"Feed","floor":16},{"not_picked":["Sword Boomerang","Pommel Strike"],"picked":"Sentinel","floor":18},{"not_picked":["Sentinel","Clash","Perfected Strike"],"picked":"SKIP","floor":19},{"not_picked":["Twin Strike","Headbutt"],"picked":"Inflame","floor":22},{"not_picked":["Flex","Carnage"],"picked":"Demon Form","floor":24},{"not_picked":["Bloodletting","Shrug It Off"],"picked":"Flame Barrier","floor":30},{"not_picked":["Warcry","Feel No Pain+1","Reckless Charge"],"picked":"SKIP","floor":31},{"not_picked":["Immolate","Bludgeon"],"picked":"Impervious","floor":33},{"not_picked":["Sword Boomerang","Whirlwind"],"picked":"Intimidate","floor":35},{"not_picked":["Clash","Thunderclap+1","Entrench"],"picked":"SKIP","floor":37},{"not_picked":["Feel No Pain","Cleave+1"],"picked":"Metallicize","floor":38}],"player_experience":1424823,"relics_obtained":[{"floor":7,"key":"Nunchaku"},{"floor":9,"key":"Centennial Puzzle"},{"floor":12,"key":"Red Skull"},{"floor":24,"key":"Boot"},{"floor":26,"key":"Kunai"},{"floor":29,"key":"Matryoshka"}],"event_choices":[{"damage_healed":0,"gold_gain":0,"player_choice":"Bought 1 Potion","damage_taken":0,"max_hp_gain":0,"max_hp_loss":0,"event_name":"The Woman in Blue","floor":13,"gold_loss":0},{"damage_healed":0,"gold_gain":0,"player_choice":"Read","damage_taken":0,"max_hp_gain":0,"max_hp_loss":0,"event_name":"The Library","floor":21,"gold_loss":0,"cards_obtained":["Demon Form"]},{"damage_healed":0,"gold_gain":0,"player_choice":"Became a Ghost","damage_taken":0,"max_hp_gain":0,"max_hp_loss":52,"event_name":"Ghosts","floor":25,"gold_loss":0,"cards_obtained":["Ghostly","Ghostly","Ghostly"]},{"damage_healed":0,"gold_gain":0,"player_choice":"Paid Fearfully","damage_taken":0,"max_hp_gain":0,"max_hp_loss":0,"event_name":"Masked Bandits","floor":27,"gold_loss":173},{"damage_healed":0,"gold_gain":0,"player_choice":"Embrace Madness","damage_taken":11,"max_hp_gain":0,"max_hp_loss":0,"event_name":"Winding Halls","floor":36,"gold_loss":0,"cards_obtained":["Madness","Madness"]},{"damage_healed":54,"gold_gain":0,"player_choice":"Heal","damage_taken":0,"max_hp_gain":0,"max_hp_loss":12,"event_name":"The Moai Head","floor":39,"gold_loss":0}],"is_beta":false,"boss_relics":[{"not_picked":["Coffee Dripper","Calling Bell"],"picked":"Sozu"},{"not_picked":["Velvet Choker","Eternal Feather"],"picked":"Runic Pyramid"}],"items_purged_floors":[14,20],"is_endless":false,"potions_floor_spawned":[3,4,11,16,19,30,31,37,38],"killed_by":"Giant Head","ascension_level":15}