{"gold_per_floor":[214,177,177,32,53,91,91,91,91,91,167,203,228,7,7,126,126,150,150,249,199,215,253,75,75,75,21,55,55,55,80,80,203,203,226,251,127,0,0,40,40,83,83,83,103,103,138,162,162,162],"floor_reached":51,"playtime":3086,"items_purged":[],"score":1231,"play_id":"7c95e9fe-24a4-4b74-b8f6-0ec8591b60dd","local_time":"20181223091211","is_ascension_mode":true,"campfire_choices":[{"floor":7,"key":"REST"},{"data":"Neutralize","floor":10,"key":"SMITH"},{"floor":15,"key":"REST"},{"data":"Footwork","floor":25,"key":"SMITH"},{"data":"Catalyst","floor":29,"key":"SMITH"},{"data":"Venomology","floor":32,"key":"SMITH"},{"floor":41,"key":"REST"},{"data":"Bullet Time","floor":46,"key":"SMITH"},{"data":"Envenom","floor":49,"key":"SMITH"}],"neow_cost":"NONE","seed_source_timestamp":225360371769646,"circlet_count":0,"master_deck":["Defend_G+1","Defend_G","Defend_G","Defend_G","Defend_G","Strike_G","Strike_G+1","Survivor","Neutralize+1","Sucker Punch","Noxious Fumes","Backstab","Blur","Acrobatics","Deflect","Footwork+1","Unload","Bouncing Flask","Blur","Noxious Fumes","Noxious Fumes","Catalyst+1","Venomology+1","After Image","Acrobatics","Bandage Up","Bouncing Flask+1","Acrobatics","Bullet Time+1","Noxious Fumes","Envenom+1"],"relics":["Ring of the Snake","Golden Idol","Omamori","Matryoshka","Anchor","Tough Bandages","The Courier","TwistedFunnel","Busted Crown","Pen Nib","Dream Catcher","Bag of Marbles","PreservedInsect","Darkstone Periapt","Mercury Hourglass","Paper Crane","Empty Cage","Oddly Smooth Stone","Red Mask","Molten Egg 2","Snake Skull","Sundial","Art of War"],"potions_floor_usage":[6,16,28,28,31,31,31,33,35,35,40,42,45,45,47,48,50,50],"damage_taken":[{"damage":4,"enemies":"2 Louse","floor":1,"turns":3},{"damage":4,"enemies":"Jaw Worm","floor":5,"turns":6},{"damage":29,"enemies":"3 Sentries","floor":6,"turns":9},{"damage":19,"enemies":"Gremlin Nob","floor":12,"turns":5},{"damage":0,"enemies":"Small Slimes","floor":13,"turns":2},{"damage":9,"enemies":"Hexaghost","floor":16,"turns":12},{"damage":3,"enemies":"Shell Parasite","floor":18,"turns":6},{"damage":0,"enemies":"Chosen","floor":22,"turns":5},{"damage":10,"enemies":"Slavers","floor":23,"turns":7},{"damage":0,"enemies":"Gremlin Leader","floor":28,"turns":5},{"damage":0,"enemies":"Snecko","floor":31,"turns":2},{"damage":0,"enemies":"Champ","floor":33,"turns":11},{"damage":12,"enemies":"3 Darklings","floor":35,"turns":3},{"damage":0,"enemies":"Orb Walker","floor":36,"turns":4},{"damage":3,"enemies":"Nemesis","floor":40,"turns":7},{"damage":0,"enemies":"Giant Head","floor":42,"turns":6},{"damage":13,"enemies":"3 Darklings","floor":45,"turns":3},{"damage":0,"enemies":"Nemesis","floor":47,"turns":5},{"damage":3,"enemies":"Spire Growth","floor":48,"turns":4},{"damage":2,"enemies":"Time Eater","floor":50,"turns":10}],"seed_played":"1708460112845371381","potions_obtained":[{"floor":5,"key":"GamblersBrew"},{"floor":13,"key":"FearPotion"},{"floor":16,"key":"Swift Potion"},{"floor":22,"key":"Weak Potion"},{"floor":23,"key":"Dexterity Potion"},{"floor":28,"key":"EntropicBrew"},{"floor":36,"key":"Energy Potion"},{"floor":40,"key":"PowerPotion"},{"floor":45,"key":"AttackPotion"},{"floor":48,"key":"Swift Potion"}],"is_trial":false,"path_per_floor":["M","$","?","$","M","E","R","?","T","R","?","E","M","$","R","B",null,"M","?","?","?","M","E","$","R","T","$","E","R","?","M","R","B",null,"M","M","$","?","?","E","R","E","T","?","M","R","E","M","R","B",null],"character_chosen":"THE_SILENT","items_purchased":["Noxious Fumes","Omamori","TwistedFunnel","Footwork","Bag of Marbles","Noxious Fumes","Catalyst","Oddly Smooth Stone"],"campfire_rested":3,"item_purchase_floors":[2,4,14,14,24,24,27,37],"current_hp_per_floor":[59,59,59,59,55,26,45,32,32,32,32,13,13,13,32,23,55,52,52,52,52,52,42,42,42,42,42,42,42,42,42,42,42,59,47,47,47,47,47,48,65,65,65,65,56,56,60,61,61,63],"gold":162,"neow_bonus":"HUNDRED_GOLD","is_prod":false,"is_daily":false,"chose_seed":false,"campfire_upgraded":6,"win_rate":0,"timestamp":1545574331,"path_taken":["M","$","?","$","M","E","R","?","T","R","?","E","M","$","R","BOSS","M","?","?","?","?","E","$","R","T","$","E","R","?","?","R","BOSS","M","?","$","?","?","E","R","E","T","?","?","R","E","M","R","BOSS"],"build_version":"2018-12-20","purchased_purges":0,"victory":true,"max_hp_per_floor":[70,70,65,65,65,65,65,65,65,65,65,65,65,65,65,65,65,65,65,65,65,65,65,65,65,65,65,65,65,65,65,65,65,65,65,65,65,65,65,65,65,65,65,65,65,65,65,65,65,65],"card_choices":[{"not_picked":["Slice","Crippling Poison"],"picked":"Sucker Punch","floor":1},{"not_picked":["Expertise","Outmaneuver"],"picked":"Backstab","floor":5},{"not_picked":["Backflip","Bouncing Flask"],"picked":"Blur","floor":6},{"not_picked":["Blade Dance","Slice"],"picked":"Acrobatics","floor":12},{"not_picked":["Slice","Corpse Explosion"],"picked":"Deflect","floor":13},{"not_picked":["Phantasmal Killer","Doppelganger"],"picked":"Unload","floor":16},{"not_picked":[],"picked":"Bouncing Flask","floor":18},{"not_picked":[],"picked":"Blur","floor":22},{"not_picked":[],"picked":"Noxious Fumes","floor":23},{"not_picked":[],"picked":"Venomology","floor":28},{"not_picked":["Deflect"],"picked":"SKIP","floor":31},{"not_picked":[],"picked":"After Image","floor":33},{"not_picked":[],"picked":"Acrobatics","floor":35},{"not_picked":["Sucker Punch+1"],"picked":"SKIP","floor":36},{"not_picked":[],"picked":"Bandage Up","floor":39},{"not_picked":[],"picked":"Bouncing Flask+1","floor":40},{"not_picked":[],"picked":"Acrobatics","floor":41},{"not_picked":[],"picked":"Bullet Time","floor":42},{"not_picked":["Quick Slash+1"],"picked":"SKIP","floor":45},{"not_picked":[],"picked":"Envenom","floor":47},{"not_picked":["Deflect+1"],"picked":"SKIP","floor":48}],"player_experience":353109,"relics_obtained":[{"floor":6,"key":"Matryoshka"},{"floor":9,"key":"Anchor"},{"floor":9,"key":"Tough Bandages"},{"floor":12,"key":"The Courier"},{"floor":23,"key":"Dream Catcher"},{"floor":26,"key":"PreservedInsect"},{"floor":26,"key":"Darkstone Periapt"},{"floor":28,"key":"Mercury Hourglass"},{"floor":40,"key":"Molten Egg 2"},{"floor":42,"key":"Snake Skull"},{"floor":43,"key":"Sundial"},{"floor":47,"key":"Art of War"}],"event_choices":[{"damage_healed":0,"gold_gain":0,"player_choice":"Lose Max HP","damage_taken":0,"relics_obtained":["Golden Idol"],"max_hp_gain":0,"max_hp_loss":5,"event_name":"Golden Idol","floor":3,"gold_loss":0},{"damage_healed":0,"gold_gain":0,"player_choice":"Entered Light","damage_taken":13,"max_hp_gain":0,"max_hp_loss":0,"event_name":"Shining Light","floor":8,"gold_loss":0,"cards_upgraded":["Strike_G","Defend_G"]},{"damage_healed":0,"gold_gain":76,"player_choice":"Gained Gold","damage_taken":0,"max_hp_gain":0,"max_hp_loss":0,"event_name":"Golden Wing","floor":11,"gold_loss":0},{"damage_healed":0,"gold_gain":0,"player_choice":"Opened","damage_taken":0,"relics_obtained":["Pen Nib"],"max_hp_gain":0,"max_hp_loss":0,"event_name":"The Mausoleum","floor":19,"gold_loss":0},{"damage_healed":0,"gold_gain":99,"player_choice":"Stole From Cult","damage_taken":0,"max_hp_gain":0,"max_hp_loss":0,"event_name":"Nest","floor":20,"gold_loss":0},{"damage_healed":0,"gold_gain":0,"player_choice":"Bet on Murderer","damage_taken":0,"max_hp_gain":0,"max_hp_loss":0,"event_name":"The Joust","floor":21,"gold_loss":50},{"damage_healed":0,"gold_gain":0,"player_choice":"Gave Potion","damage_taken":0,"relics_obtained":["Paper Crane"],"max_hp_gain":0,"max_hp_loss":0,"event_name":"WeMeetAgain","floor":30,"gold_loss":0},{"damage_healed":0,"gold_gain":0,"player_choice":"Paid","damage_taken":0,"relics_obtained":["Red Mask"],"max_hp_gain":0,"max_hp_loss":0,"event_name":"Tomb of Lord Red Mask","floor":38,"gold_loss":127},{"damage_healed":0,"gold_gain":0,"player_choice":"Memory 1","damage_taken":0,"max_hp_gain":0,"max_hp_loss":0,"event_name":"SensoryStone","floor":39,"gold_loss":0},{"damage_healed":0,"gold_gain":0,"cards_transformed":["Strike_G"],"player_choice":"Transformed","damage_taken":0,"max_hp_gain":0,"max_hp_loss":0,"event_name":"Transmorgrifier","floor":44,"gold_loss":0,"cards_obtained":["Noxious Fumes"]}],"is_beta":false,"boss_relics":[{"not_picked":["Runic Dome","Ectoplasm"],"picked":"Busted Crown"},{"not_picked":["HoveringKite","White Beast Statue"],"picked":"Empty Cage"}],"items_purged_floors":[],"is_endless":false,"potions_floor_spawned":[5,13,16,22,23,28,36,40,42,45,48],"ascension_level":7}