{"gold_per_floor":[115,131,149,149,166,166,0,75,125,140,152,187,198,208,208,305,305,324,305,255,255,24,24,40,60,86,98,98,98,16,30,30,128,128,139,139,139],"floor_reached":37,"playtime":2454,"items_purged":["Strike_G"],"score":400,"play_id":"5c22fd16-6c98-4f0e-b3e9-b81a72e4fff2","local_time":"20181006011903","is_ascension_mode":false,"campfire_choices":[{"data":"Cloak And Dagger","floor":6,"key":"SMITH"},{"data":"Noxious Fumes","floor":15,"key":"SMITH"},{"data":"After Image","floor":23,"key":"SMITH"},{"data":"Crippling Poison","floor":29,"key":"SMITH"},{"floor":32,"key":"REST"}],"neow_cost":"NONE","seed_source_timestamp":1977910917842789,"circlet_count":0,"master_deck":["Defend_G","Defend_G","Defend_G","Defend_G","Defend_G","Strike_G","Strike_G","Survivor","Neutralize","Cloak And Dagger+1","Blade Dance","Escape Plan","Noxious Fumes+1","Acrobatics","Backstab","Dash","Dodge and Roll","Noxious Fumes","After Image+1","Cloak And Dagger","Crippling Poison+1","Noxious Fumes+1","Acrobatics","Prepared","Normality","Noxious Fumes+1","Noxious Fumes","Adrenaline","Dodge and Roll"],"relics":["Ring of the Snake","Bronze Scales","Art of War","Cursed Key","DollysMirror","Vajra","Sozu"],"potions_floor_usage":[16,19,33,33,37],"damage_taken":[{"damage":1,"enemies":"Cultist","floor":1,"turns":4},{"damage":0,"enemies":"Jaw Worm","floor":2,"turns":4},{"damage":0,"enemies":"2 Louse","floor":3,"turns":2},{"damage":1,"enemies":"Blue Slaver","floor":5,"turns":4},{"damage":0,"enemies":"Red Slaver","floor":10,"turns":4},{"damage":0,"enemies":"Exordium Thugs","floor":11,"turns":3},{"damage":11,"enemies":"3 Sentries","floor":12,"turns":6},{"damage":3,"enemies":"Gremlin Gang","floor":13,"turns":4},{"damage":5,"enemies":"3 Louse","floor":14,"turns":3},{"damage":5,"enemies":"Hexaghost","floor":16,"turns":9},{"damage":2,"enemies":"Shell Parasite","floor":18,"turns":5},{"damage":2,"enemies":"2 Thieves","floor":19,"turns":4},{"damage":4,"enemies":"Shelled Parasite and Fungi","floor":24,"turns":5},{"damage":2,"enemies":"Cultist and Chosen","floor":25,"turns":6},{"damage":8,"enemies":"Centurion and Healer","floor":27,"turns":6},{"damage":8,"enemies":"Sentry and Sphere","floor":31,"turns":5},{"damage":5,"enemies":"Champ","floor":33,"turns":11},{"damage":8,"enemies":"3 Darklings","floor":35,"turns":5},{"damage":73,"enemies":"Time Eater","floor":37,"turns":10}],"seed_played":"-5334995120620028903","potions_obtained":[{"floor":2,"key":"SpeedPotion"},{"floor":3,"key":"SpeedPotion"},{"floor":12,"key":"Swift Potion"},{"floor":16,"key":"GhostInAJar"},{"floor":19,"key":"SkillPotion"},{"floor":24,"key":"EssenceOfSteel"}],"is_trial":false,"path_per_floor":["M","M","M","?","M","R","$","?","T","M","M","E","M","M","R","B",null,"M","M","?","?","$","R","M","M","T","M","$","R","$","M","R","B",null,"M","?"],"character_chosen":"THE_SILENT","items_purchased":["Noxious Fumes","Acrobatics","DollysMirror","Acrobatics","Noxious Fumes"],"campfire_rested":1,"item_purchase_floors":[7,7,22,22,30],"current_hp_per_floor":[69,69,69,69,68,68,68,57,57,57,57,46,43,38,38,33,70,68,66,66,66,66,66,62,60,60,52,52,52,52,44,65,60,70,62,62,0],"gold":139,"neow_bonus":"REMOVE_CARD","is_prod":false,"is_daily":false,"chose_seed":false,"campfire_upgraded":4,"win_rate":0,"timestamp":1538803143,"path_taken":["M","M","?","?","?","R","$","?","T","M","?","E","M","M","R","BOSS","M","?","?","?","$","R","?","M","T","M","$","R","?","M","R","BOSS","M","?","BOSS"],"build_version":"2018-10-04v2","purchased_purges":1,"victory":false,"max_hp_per_floor":[70,70,70,70,70,70,70,70,70,70,70,70,70,70,70,70,70,70,70,70,70,70,70,70,70,70,70,70,70,70,70,70,70,70,70,70,70],"card_choices":[{"not_picked":["Dagger Throw","Prepared"],"picked":"Cloak And Dagger","floor":1},{"not_picked":["Calculated Gamble","Slice"],"picked":"Blade Dance","floor":2},{"not_picked":["Underhanded Strike","Setup"],"picked":"Escape Plan","floor":3},{"not_picked":["Underhanded Strike","Expertise","Dagger Throw"],"picked":"SKIP","floor":5},{"not_picked":["Slice","Deflect"],"picked":"Backstab","floor":10},{"not_picked":["Prepared","Riddle With Holes"],"picked":"Dash","floor":11},{"not_picked":["Sucker Punch","Phantasmal Killer"],"picked":"Dodge and Roll","floor":12},{"not_picked":["Deadly Poison","Dagger Spray","Flying Knee"],"picked":"SKIP","floor":13},{"not_picked":["Blade Dance","Tactician"],"picked":"Noxious Fumes","floor":14},{"not_picked":["Phantasmal Killer","Glass Knife"],"picked":"After Image","floor":16},{"not_picked":["Bane","Distraction"],"picked":"Cloak And Dagger","floor":18},{"not_picked":["Flying Knee","Dagger Throw"],"picked":"Crippling Poison","floor":19},{"not_picked":["Riddle With Holes+1","Bane","Setup+1"],"picked":"SKIP","floor":24},{"not_picked":["Blade Dance","Outmaneuver"],"picked":"Prepared","floor":25},{"not_picked":["Infinite Blades","Dagger Spray+1"],"picked":"Noxious Fumes+1","floor":27},{"not_picked":["Reflex","Poisoned Stab","Cloak And Dagger"],"picked":"SKIP","floor":31},{"not_picked":["Venomology","Wraith Form v2"],"picked":"Adrenaline","floor":33},{"not_picked":["Backstab","Deadly Poison+1"],"picked":"Dodge and Roll","floor":35}],"player_experience":579211,"relics_obtained":[{"floor":9,"key":"Bronze Scales"},{"floor":12,"key":"Art of War"},{"floor":26,"key":"Vajra"}],"event_choices":[{"event_name":"Purifier","player_choice":"One Purge","floor":4,"damage_taken":0},{"event_name":"World of Goop","player_choice":"Gather Gold","floor":8,"damage_taken":0},{"event_name":"The Joust","player_choice":"Bet on Murderer","floor":20,"damage_taken":0},{"event_name":"Ghosts","player_choice":"Ignored","floor":21,"damage_taken":0},{"event_name":"SecretPortal","player_choice":"Took Portal.","floor":36,"damage_taken":0}],"is_beta":false,"boss_relics":[{"not_picked":["White Beast Statue","Eternal Feather"],"picked":"Cursed Key"},{"not_picked":["Busted Crown","Ring of the Serpent"],"picked":"Sozu"}],"items_purged_floors":[7],"is_endless":false,"potions_floor_spawned":[2,3,12,13,16,19,24,27,31],"killed_by":"Time Eater","ascension_level":0}