{"path_per_floor":["M","M","$","?","?","E","T","R","T","R","$","E","M","M","R","B",null,"M","M","?","?","M","R","?","M","T","$","M","R","M","M","R","B",null,"M","?","?","M","$","R","M","M","T","M","M","R","?","M","R"],"character_chosen":"IRONCLAD","items_purchased":["Thunderclap","Lantern","Reaper","Toolbox"],"gold_per_floor":[114,133,6,6,6,41,66,66,134,134,34,60,79,93,93,188,188,205,217,217,217,236,236,236,249,549,126,145,145,159,172,172,270,270,283,336,336,355,109,109,120,134,134,152,167,167,167,186,186],"floor_reached":50,"campfire_rested":3,"playtime":1239,"current_hp_per_floor":[80,80,80,80,80,80,80,80,80,80,80,80,80,80,80,26,80,77,73,73,73,79,79,79,80,80,80,80,80,80,80,80,38,80,68,43,43,43,43,69,63,42,42,36,27,53,75,62,88],"items_purged":["Defend_R","Defend_R","Corruption"],"gold":186,"score":431,"play_id":"ceb433c6-75e0-4438-b4a5-3fab04f4335a","is_prod":false,"is_daily":false,"is_ascension_mode":false,"campfire_upgraded":6,"path_taken":["M","M","$","?","?","E","?","R","T","R","?","E","M","M","R","BOSS","M","M","?","?","M","R","?","M","T","$","M","R","?","M","R","BOSS","M","?","?","M","$","R","?","?","T","M","M","R","?","M","R","BOSS"],"build_version":"2018-02-15-PROD1","purchased_purges":3,"victory":false,"master_deck":["Strike_R","Strike_R","Strike_R","Uppercut+1","Thunderclap","Evolve+1","Cleave","Clash+1","Berserk+1","Flex+1","Whirlwind+1","Pommel Strike+1","Reaper","Feed+1","Shockwave+1","Exhume","Flex","Clash+1","Clash","Writhe"],"max_hp_per_floor":[80,80,80,80,80,80,80,80,80,80,80,80,80,80,80,80,80,80,80,80,80,80,80,80,80,80,80,80,80,80,80,80,80,80,84,88,88,88,88,88,88,88,88,88,88,88,88,88,88],"relics":["Burning Blood","NeowsBlessing","Frozen Eye","Orichalcum","Frozen Egg 2","Ancient Tea Set","Astrolabe","Mercury Hourglass","Old Coin","Lantern","Peace Pipe","Toolbox","Gambling Chip"],"card_choices":[{"not_picked":["Metallicize","Sword Boomerang"],"picked":"Uppercut"},{"not_picked":["Sever Soul","Corruption"],"picked":"Cleave"},{"not_picked":["Perfected Strike","Clothesline"],"picked":"Clash"},{"not_picked":["Burning Pact","Sword Boomerang"],"picked":"Whirlwind"},{"not_picked":["Feel No Pain","Dual Wield"],"picked":"Pommel Strike"},{"not_picked":["Warcry","True Grit"],"picked":"Feed"},{"not_picked":["Perfected Strike","Corruption"],"picked":"Shockwave"},{"not_picked":["Juggernaut","Immolate"],"picked":"Exhume"},{"not_picked":["Wild Strike","Iron Wave"],"picked":"Flex"},{"not_picked":["Burning Pact","Twin Strike"],"picked":"Clash"},{"not_picked":["Bludgeon","Fire Breathing"],"picked":"Clash"}],"player_experience":267065,"potions_floor_usage":[],"damage_taken":[{"damage":0.0,"enemies":"2 Louse","floor":1.0,"turns":1.0},{"damage":0.0,"enemies":"Cultist","floor":2.0,"turns":1.0},{"damage":0.0,"enemies":"Lagavulin","floor":6.0,"turns":1.0},{"damage":6.0,"enemies":"3 Sentries","floor":12.0,"turns":5.0},{"damage":2.0,"enemies":"Jaw Worm","floor":13.0,"turns":2.0},{"damage":0.0,"enemies":"2 Fungi Beasts","floor":14.0,"turns":2.0},{"damage":60.0,"enemies":"Hexaghost","floor":16.0,"turns":10.0},{"damage":9.0,"enemies":"3 Byrds","floor":18.0,"turns":2.0},{"damage":10.0,"enemies":"Chosen","floor":19.0,"turns":4.0},{"damage":0.0,"enemies":"3 Cultists","floor":22.0,"turns":4.0},{"damage":3.0,"enemies":"Cultist and Chosen","floor":25.0,"turns":4.0},{"damage":4.0,"enemies":"Sentry and Sphere","floor":28.0,"turns":3.0},{"damage":1.0,"enemies":"Chosen and Byrds","floor":30.0,"turns":2.0},{"damage":2.0,"enemies":"Centurion and Healer","floor":31.0,"turns":4.0},{"damage":48.0,"enemies":"Automaton","floor":33.0,"turns":7.0},{"damage":22.0,"enemies":"3 Shapes","floor":35.0,"turns":3.0},{"damage":35.0,"enemies":"Mysterious Sphere","floor":36.0,"turns":4.0},{"damage":32.0,"enemies":"3 Darklings","floor":38.0,"turns":3.0},{"damage":12.0,"enemies":"4 Shapes","floor":41.0,"turns":1.0},{"damage":27.0,"enemies":"Maw","floor":42.0,"turns":8.0},{"damage":24.0,"enemies":"3 Darklings","floor":44.0,"turns":2.0},{"damage":15.0,"enemies":"Sphere and 2 Shapes","floor":45.0,"turns":3.0},{"damage":27.0,"enemies":"Maw","floor":48.0,"turns":6.0},{"damage":94,"enemies":"Time Eater","floor":50,"turns":10}],"event_choices":[{"event_name":"Transmorgrifier","player_choice":"Transform","floor":4.0,"damage_taken":0.0},{"event_name":"Liars Game","player_choice":"disagreed","floor":5.0,"damage_taken":0.0},{"event_name":"The Lab","player_choice":"Got Potions","floor":20.0,"damage_taken":0.0},{"event_name":"The Mausoleum","player_choice":"Yes","floor":21.0,"damage_taken":0.0},{"event_name":"Vampires","player_choice":"Ignored","floor":24.0,"damage_taken":0.0},{"event_name":"Mysterious Sphere","player_choice":"Fight","floor":36.0,"damage_taken":0.0},{"event_name":"Winding Halls","player_choice":"Writhe","floor":47.0,"damage_taken":0.0}],"boss_relics":[],"potions_floor_spawned":[1,12,14,19,22,31,33,35,38,42,48],"seed_played":"1690978207242455054","killed_by":"Time Eater","ascension_level":0,"is_trial":false}