{"gold_per_floor":[118,132,146,192,267,267,285,27,27,56,56,90,90,125,125,220,220,233,233,247,247,265,297,297,297,323,323,333,345,356,110,110,205,205,217,1216,602,602,602,602,619,619,619,638,638,658,318,0,0,0],"floor_reached":51,"playtime":3284,"items_purged":["Normality","Normality"],"score":1095,"play_id":"2795ce05-d5cf-43ec-a865-1833b1dadf4f","local_time":"20190114122830","is_ascension_mode":true,"campfire_choices":[{"data":"Survivor","floor":6.0,"key":"SMITH"},{"floor":11.0,"key":"REST"},{"floor":13.0,"key":"REST"},{"data":"Neutralize","floor":15.0,"key":"SMITH"},{"floor":25.0,"key":"REST"},{"data":"Dodge and Roll","floor":27.0,"key":"SMITH"},{"floor":32.0,"key":"REST"},{"data":"Madness","floor":40.0,"key":"SMITH"},{"data":"Cloak And Dagger","floor":42.0,"key":"SMITH"},{"data":"Madness","floor":45.0,"key":"SMITH"},{"data":"Finesse","floor":49.0,"key":"SMITH"}],"neow_cost":"NONE","seed_source_timestamp":169356430912688,"circlet_count":0,"master_deck":["AscendersBane","Defend_G","Defend_G","Defend_G","Defend_G","Defend_G","Strike_G","Strike_G","Strike_G","Strike_G","Strike_G","Survivor+1","Neutralize+1","Quick Slash","All Out Attack","Backflip","Poisoned Stab","Choke","All Out Attack","Bouncing Flask","Corpse Explosion","Caltrops+1","Terror","Outmaneuver+1","Dodge and Roll+1","Escape Plan+1","Predator","Unload","Cloak And Dagger+1","Madness+1","Madness+1","Dagger Throw+1","Prepared+1","Blur+1","Finesse+1"],"special_seed":0,"relics":["Ring of the Snake","Ancient Tea Set","Strawberry","Pantograph","The Courier","Paper Crane","Bag of Preparation","Torii","Sozu","Gremlin Horn","Bronze Scales","Blood Vial","Thread and Needle","Eternal Feather","Mercury Hourglass","PreservedInsect","StoneCalendar","Shuriken","Ice Cream","Bottled Lightning","Red Mask"],"potions_floor_usage":[],"damage_taken":[{"damage":1.0,"enemies":"Cultist","floor":1.0,"turns":5.0},{"damage":0.0,"enemies":"Jaw Worm","floor":2.0,"turns":4.0},{"damage":0.0,"enemies":"2 Louse","floor":3.0,"turns":5.0},{"damage":0.0,"enemies":"Red Slaver","floor":7.0,"turns":4.0},{"damage":25.0,"enemies":"3 Sentries","floor":10.0,"turns":7.0},{"damage":18.0,"enemies":"Gremlin Nob","floor":12.0,"turns":4.0},{"damage":5.0,"enemies":"3 Sentries","floor":14.0,"turns":5.0},{"damage":23.0,"enemies":"The Guardian","floor":16.0,"turns":9.0},{"damage":8.0,"enemies":"Shell Parasite","floor":18.0,"turns":5.0},{"damage":1.0,"enemies":"3 Byrds","floor":20.0,"turns":2.0},{"damage":2.0,"enemies":"Cultist and Chosen","floor":22.0,"turns":4.0},{"damage":33.0,"enemies":"Book of Stabbing","floor":23.0,"turns":6.0},{"damage":7.0,"enemies":"Chosen and Byrds","floor":28.0,"turns":3.0},{"damage":14.0,"enemies":"Shelled Parasite and Fungi","floor":29.0,"turns":3.0},{"damage":17.0,"enemies":"Snake Plant","floor":30.0,"turns":4.0},{"damage":44.0,"enemies":"Collector","floor":33.0,"turns":10.0},{"damage":1.0,"enemies":"3 Shapes","floor":35.0,"turns":7.0},{"damage":1.0,"enemies":"Orb Walker","floor":41.0,"turns":3.0},{"damage":42.0,"enemies":"Spire Growth","floor":44.0,"turns":6.0},{"damage":8.0,"enemies":"Jaw Worm Horde","floor":46.0,"turns":3.0},{"damage":53,"enemies":"Donu and Deca","floor":50,"turns":6}],"seed_played":"2913302360939962399","potions_obtained":[{"floor":7.0,"key":"SkillPotion"},{"floor":10.0,"key":"Weak Potion"},{"floor":14.0,"key":"Block Potion"},{"floor":16.0,"key":"GamblersBrew"}],"is_trial":false,"path_per_floor":["M","M","M","T","?","R","M","$","T","E","R","E","R","E","R","B",null,"M","?","M","?","M","E","?","R","T","R","M","M","M","$","R","B",null,"M","?","$","?","T","R","M","R","T","M","R","M","$","?","R","B",null],"character_chosen":"THE_SILENT","items_purchased":["Pantograph","Thread and Needle","Mercury Hourglass","PreservedInsect","StoneCalendar","Bottled Lightning","Finesse"],"campfire_rested":4,"item_purchase_floors":[8,31,37,37,37,47,47],"current_hp_per_floor":[62,62,62,69,58,58,58,58,58,33,56,38,61,56,56,54,71,63,63,62,62,60,27,27,50,50,50,45,33,18,18,41,24,64,65,65,65,55,55,73,74,77,77,35,53,47,47,47,68,24],"gold":0,"neow_bonus":"RANDOM_COMMON_RELIC","is_prod":false,"is_daily":false,"chose_seed":false,"campfire_upgraded":7,"win_rate":0,"timestamp":1547461710,"path_taken":["M","?","M","?","?","R","M","$","T","E","R","E","R","E","R","BOSS","M","?","M","?","?","E","?","R","T","R","M","M","?","$","R","BOSS","M","?","$","?","?","R","M","R","T","M","R","M","?","?","R","BOSS"],"build_version":"2019-01-10","purchased_purges":2,"victory":true,"max_hp_per_floor":[70,70,70,77,77,77,77,77,77,77,77,77,77,77,77,77,77,77,77,77,77,77,77,77,77,77,77,77,77,77,77,77,77,77,77,77,77,77,77,77,77,77,77,77,77,77,77,77,77,77],"card_choices":[{"not_picked":["Acrobatics","Riddle With Holes"],"picked":"Quick Slash","floor":1.0},{"not_picked":["Tactician","Setup"],"picked":"All Out Attack","floor":2.0},{"not_picked":["Calculated Gamble","Quick Slash"],"picked":"Backflip","floor":3.0},{"not_picked":["Outmaneuver","Setup"],"picked":"Poisoned Stab","floor":7.0},{"not_picked":["Eviscerate","Dodge and Roll"],"picked":"Choke","floor":10.0},{"not_picked":["Deadly Poison","Flechettes"],"picked":"All Out Attack","floor":12.0},{"not_picked":["Dagger Spray","Cloak And Dagger"],"picked":"Bouncing Flask","floor":14.0},{"not_picked":["Malaise","After Image"],"picked":"Corpse Explosion","floor":16.0},{"not_picked":["Underhanded Strike","Setup"],"picked":"Caltrops+1","floor":18.0},{"not_picked":["Infinite Blades","Quick Slash"],"picked":"Terror","floor":20.0},{"not_picked":["Dagger Spray","Accuracy"],"picked":"Outmaneuver+1","floor":22.0},{"not_picked":["Reflex","Blade Dance"],"picked":"Dodge and Roll","floor":23.0},{"not_picked":["Sucker Punch","Tactician+1"],"picked":"Escape Plan+1","floor":28.0},{"not_picked":["Slice","Prepared","Outmaneuver"],"picked":"SKIP","floor":29.0},{"not_picked":["Calculated Gamble","Dagger Spray"],"picked":"Predator","floor":30.0},{"not_picked":["Bullet Time","Grand Finale"],"picked":"Unload","floor":33.0},{"not_picked":["Dagger Throw","Poisoned Stab"],"picked":"Cloak And Dagger","floor":35.0},{"not_picked":["Blade Dance+1","Tactician+1"],"picked":"Dagger Throw+1","floor":41.0},{"not_picked":["Acrobatics","Blade Dance"],"picked":"Prepared+1","floor":44.0},{"not_picked":["Noxious Fumes","Distraction"],"picked":"Blur+1","floor":46.0}],"player_experience":263331,"relics_obtained":[{"floor":4.0,"key":"Strawberry"},{"floor":9.0,"key":"The Courier"},{"floor":10.0,"key":"Paper Crane"},{"floor":12.0,"key":"Bag of Preparation"},{"floor":14.0,"key":"Torii"},{"floor":23.0,"key":"Bronze Scales"},{"floor":26.0,"key":"Blood Vial"},{"floor":39.0,"key":"Shuriken"},{"floor":43.0,"key":"Ice Cream"}],"event_choices":[{"damage_healed":0.0,"max_hp_gain":0.0,"max_hp_loss":0.0,"gold_gain":75.0,"event_name":"World of Goop","player_choice":"Gather Gold","floor":5.0,"gold_loss":0.0,"damage_taken":11.0},{"damage_healed":0.0,"max_hp_gain":0.0,"max_hp_loss":0.0,"gold_gain":0.0,"event_name":"The Mausoleum","player_choice":"Opened","floor":19.0,"gold_loss":0.0,"damage_taken":0.0,"relics_obtained":["Gremlin Horn"]},{"damage_healed":0.0,"max_hp_gain":0.0,"max_hp_loss":0.0,"gold_gain":0.0,"event_name":"The Woman in Blue","player_choice":"Bought 0 Potions","floor":21.0,"gold_loss":0.0,"damage_taken":0.0},{"damage_healed":0.0,"max_hp_gain":0.0,"max_hp_loss":0.0,"gold_gain":0.0,"event_name":"N\u0027loth","player_choice":"Ignored","floor":24.0,"gold_loss":0.0,"damage_taken":0.0},{"damage_healed":0.0,"max_hp_gain":0.0,"max_hp_loss":0.0,"gold_gain":999.0,"event_name":"MindBloom","player_choice":"Gold","floor":36.0,"gold_loss":0.0,"damage_taken":0.0,"cards_obtained":["Normality","Normality"]},{"damage_healed":0.0,"max_hp_gain":0.0,"max_hp_loss":0.0,"gold_gain":0.0,"event_name":"Winding Halls","player_choice":"Embrace Madness","floor":38.0,"gold_loss":0.0,"damage_taken":10.0,"cards_obtained":["Madness","Madness"]},{"damage_healed":0.0,"max_hp_gain":0.0,"max_hp_loss":0.0,"gold_gain":0.0,"event_name":"Tomb of Lord Red Mask","player_choice":"Paid","floor":48.0,"gold_loss":318.0,"damage_taken":0.0,"relics_obtained":["Red Mask"]}],"is_beta":false,"boss_relics":[{"not_picked":["Astrolabe","Busted Crown"],"picked":"Sozu"},{"not_picked":["WristBlade","Coffee Dripper"],"picked":"Eternal Feather"}],"items_purged_floors":[37,47],"is_endless":false,"potions_floor_spawned":[7,10,14,16,18,29,30,33,35,41,46],"ascension_level":11}