{"gold_per_floor":[212,231,241,261,261,261,261,261,261,275,275,79,111,128,128,232,232,244,244,244,244,255,255,355,101,126,145,145,172,172,32,32,128,128,142,102,120,71,84,113,131,131,131,0,17,17,45,59,59,59,59,59,32,64,64],"floor_reached":56,"playtime":2214,"items_purged":["Strike_G+1","Strike_G+1"],"score":1355,"play_id":"be44dc38-06cf-41ea-a0d7-77a275535ec8","local_time":"20181201170441","is_ascension_mode":false,"campfire_choices":[{"data":"Footwork","floor":6,"key":"SMITH"},{"data":"Neutralize","floor":8,"key":"SMITH"},{"data":"Predator","floor":15,"key":"SMITH"},{"data":"After Image","floor":23,"key":"SMITH"},{"data":"Accuracy","floor":28,"key":"SMITH"},{"data":"Cloak And Dagger","floor":30,"key":"SMITH"},{"data":"Cloak And Dagger","floor":32,"key":"SMITH"},{"floor":46,"key":"REST"},{"floor":49,"key":"RECALL"},{"data":"Poisoned Stab","floor":52,"key":"SMITH"}],"neow_cost":"NONE","seed_source_timestamp":16684571960679,"circlet_count":0,"master_deck":["Defend_G+1","Defend_G+1","Defend_G+1","Defend_G+1","Defend_G+1","Strike_G+1","Strike_G+1","Strike_G+1","Survivor+1","Neutralize+1","Cloak And Dagger+1","Poisoned Stab+1","Footwork+1","Infinite Blades+1","Cloak And Dagger+1","Poisoned Stab+1","Predator+1","After Image+1","Blur+1","PiercingWail","Accuracy+1","Poisoned Stab+1","Backflip","Poisoned Stab+1","Well Laid Plans","Envenom+1","PiercingWail+1","Acrobatics+1","Magnetism","Parasite","Acrobatics+1","Finisher+1","Backflip+1","Quick Slash","Backflip+1"],"relics":["Ring of the Snake","Happy Flower","Oddly Smooth Stone","Boot","Philosopher\u0027s Stone","Tingsha","Letter Opener","Whetstone","Toxic Egg 2","Busted Crown","Juzu Bracelet","Mummified Hand","Red Mask","War Paint","Vajra"],"potions_floor_usage":[22,24,24,24,35,50,55],"damage_taken":[{"damage":1,"enemies":"Cultist","floor":1,"turns":3},{"damage":0,"enemies":"2 Louse","floor":2,"turns":3},{"damage":2,"enemies":"Small Slimes","floor":3,"turns":4},{"damage":6,"enemies":"Exordium Wildlife","floor":4,"turns":4},{"damage":0,"enemies":"Looter","floor":10,"turns":4},{"damage":0,"enemies":"Lagavulin","floor":13,"turns":10},{"damage":0,"enemies":"3 Louse","floor":14,"turns":5},{"damage":30,"enemies":"The Guardian","floor":16,"turns":11},{"damage":0,"enemies":"Shell Parasite","floor":18,"turns":5},{"damage":0,"enemies":"3 Byrds","floor":22,"turns":4},{"damage":0,"enemies":"Colosseum Slavers","floor":24,"turns":6},{"damage":12,"enemies":"Colosseum Nobs","floor":24,"turns":5},{"damage":0,"enemies":"Shelled Parasite and Fungi","floor":27,"turns":5},{"damage":11,"enemies":"Slavers","floor":29,"turns":7},{"damage":5,"enemies":"Automaton","floor":33,"turns":11},{"damage":0,"enemies":"3 Shapes","floor":35,"turns":4},{"damage":0,"enemies":"Orb Walker","floor":37,"turns":3},{"damage":2,"enemies":"4 Shapes","floor":39,"turns":6},{"damage":6,"enemies":"Giant Head","floor":40,"turns":8},{"damage":13,"enemies":"Spire Growth","floor":41,"turns":4},{"damage":0,"enemies":"Writhing Mass","floor":45,"turns":5},{"damage":0,"enemies":"Nemesis","floor":47,"turns":5},{"damage":0,"enemies":"4 Shapes","floor":48,"turns":4},{"damage":24,"enemies":"Donu and Deca","floor":50,"turns":8},{"damage":0,"enemies":"Shield and Spear","floor":54,"turns":5},{"damage":67,"enemies":"The Heart","floor":55,"turns":9}],"seed_played":"-52901924647705142","potions_obtained":[{"floor":4,"key":"LiquidBronze"},{"floor":10,"key":"Block Potion"},{"floor":13,"key":"Fire Potion"},{"floor":22,"key":"Energy Potion"},{"floor":27,"key":"Fire Potion"},{"floor":29,"key":"GamblersBrew"},{"floor":37,"key":"SpeedPotion"},{"floor":40,"key":"GhostInAJar"},{"floor":45,"key":"Poison Potion"}],"is_trial":false,"path_per_floor":["M","M","M","M","?","R","?","R","T","M","?","$","E","M","R","B",null,"M","?","$","?","M","R","?","$","T","M","R","E","R","$","R","B",null,"M","?","M","$","M","E","M","?","T","?","M","R","E","M","R","B",null,"R","$","E","B",null],"character_chosen":"THE_SILENT","items_purchased":["Cloak And Dagger","Oddly Smooth Stone","Accuracy","Poisoned Stab","Backflip","Well Laid Plans","Acrobatics+1","Quick Slash"],"campfire_rested":1,"item_purchase_floors":[12,12,25,25,25,31,38,53],"current_hp_per_floor":[69,69,67,61,66,66,59,59,59,59,59,59,59,59,59,29,75,75,75,75,75,75,75,63,63,63,63,63,52,52,52,52,47,75,75,75,75,75,73,67,54,54,54,54,54,75,75,75,75,51,75,75,75,75,8],"gold":64,"neow_bonus":"HUNDRED_GOLD","is_prod":false,"is_daily":false,"chose_seed":false,"campfire_upgraded":8,"win_rate":0,"timestamp":1543680281,"path_taken":["M","M","?","?","?","R","?","R","T","M","?","$","E","?","R","BOSS","M","?","$","?","M","R","?","?","T","M","R","E","R","$","R","BOSS","M","?","M","$","M","E","M","?","T","?","M","R","E","M","R","BOSS","R","$","E","BOSS"],"build_version":"2018-11-15","purchased_purges":2,"victory":true,"max_hp_per_floor":[70,70,70,70,75,75,75,75,75,75,75,75,75,75,75,75,75,75,75,75,75,75,75,75,75,75,75,75,75,75,75,75,75,75,75,75,75,75,75,75,75,75,75,75,75,75,75,75,75,75,75,75,75,75,75],"card_choices":[{"not_picked":["Backflip","Underhanded Strike"],"picked":"Cloak And Dagger","floor":1},{"not_picked":["Dodge and Roll","Prepared"],"picked":"Poisoned Stab","floor":2},{"not_picked":["Outmaneuver","Deflect","Prepared"],"picked":"SKIP","floor":3},{"not_picked":["Catalyst","Underhanded Strike"],"picked":"Footwork","floor":4},{"not_picked":["Distraction","Caltrops"],"picked":"Infinite Blades","floor":10},{"not_picked":["Die Die Die","Caltrops"],"picked":"Poisoned Stab","floor":13},{"not_picked":["Infinite Blades","Cloak And Dagger"],"picked":"Predator","floor":14},{"not_picked":["Phantasmal Killer","Wraith Form v2"],"picked":"After Image","floor":16},{"not_picked":["Flying Knee+1","Bouncing Flask"],"picked":"Blur","floor":18},{"not_picked":["Dagger Throw","Riddle With Holes+1","Bouncing Flask"],"picked":"SKIP","floor":22},{"not_picked":["Quick Slash+1","Infinite Blades+1"],"picked":"PiercingWail","floor":24},{"not_picked":["Flying Knee","Dagger Throw"],"picked":"Poisoned Stab","floor":27},{"not_picked":["Deadly Poison+1","Dodge and Roll","Blur+1"],"picked":"SKIP","floor":29},{"not_picked":["Corpse Explosion+1","Bullet Time+1"],"picked":"Envenom","floor":33},{"not_picked":["Bane"],"picked":"SKIP","floor":35},{"not_picked":[],"picked":"PiercingWail+1","floor":37},{"not_picked":["Dagger Throw"],"picked":"SKIP","floor":39},{"not_picked":["Flechettes"],"picked":"SKIP","floor":40},{"not_picked":["Dagger Spray"],"picked":"SKIP","floor":41},{"not_picked":[],"picked":"Magnetism","floor":42},{"not_picked":[],"picked":"Acrobatics+1","floor":45},{"not_picked":[],"picked":"Finisher+1","floor":47},{"not_picked":[],"picked":"Backflip+1","floor":48},{"not_picked":[],"picked":"Backflip+1","floor":54}],"player_experience":481126,"relics_obtained":[{"floor":13,"key":"Boot"},{"floor":24,"key":"Tingsha"},{"floor":24,"key":"Letter Opener"},{"floor":26,"key":"Whetstone"},{"floor":29,"key":"Toxic Egg 2"},{"floor":40,"key":"Juzu Bracelet"},{"floor":43,"key":"Mummified Hand"},{"floor":47,"key":"War Paint"},{"floor":54,"key":"Vajra"}],"event_choices":[{"damage_healed":0,"gold_gain":0,"player_choice":"Donut","damage_taken":0,"max_hp_gain":5,"max_hp_loss":0,"event_name":"Big Fish","floor":5,"gold_loss":0},{"damage_healed":0,"gold_gain":0,"player_choice":"Success","damage_taken":7,"relics_obtained":["Happy Flower"],"max_hp_gain":0,"max_hp_loss":0,"event_name":"Scrap Ooze","floor":7,"gold_loss":0},{"damage_healed":0,"gold_gain":0,"player_choice":"Grow","damage_taken":0,"max_hp_gain":0,"max_hp_loss":0,"event_name":"Living Wall","floor":11,"gold_loss":0,"cards_upgraded":["Poisoned Stab"]},{"damage_healed":0,"gold_gain":0,"player_choice":"Simplicity","damage_taken":0,"max_hp_gain":0,"max_hp_loss":0,"event_name":"Back to Basics","floor":19,"gold_loss":0,"cards_upgraded":["Defend_G","Defend_G","Defend_G","Defend_G","Defend_G","Strike_G","Strike_G","Strike_G","Strike_G","Strike_G"]},{"damage_healed":0,"gold_gain":0,"player_choice":"Ignored","damage_taken":0,"max_hp_gain":0,"max_hp_loss":0,"event_name":"Beggar","floor":21,"gold_loss":0},{"damage_healed":0,"gold_gain":0,"player_choice":"Fight","damage_taken":0,"max_hp_gain":0,"max_hp_loss":0,"event_name":"Colosseum","floor":24,"gold_loss":0},{"damage_healed":0,"gold_gain":0,"player_choice":"Fought Nobs","damage_taken":0,"max_hp_gain":0,"max_hp_loss":0,"event_name":"Colosseum","floor":24,"gold_loss":0},{"damage_healed":0,"gold_gain":0,"player_choice":"Upgraded Two","damage_taken":0,"max_hp_gain":0,"max_hp_loss":0,"event_name":"Designer","floor":36,"gold_loss":40,"cards_upgraded":["Infinite Blades","Envenom"]},{"damage_healed":0,"gold_gain":0,"player_choice":"Memory 1","damage_taken":0,"max_hp_gain":0,"max_hp_loss":0,"event_name":"SensoryStone","floor":42,"gold_loss":0},{"damage_healed":0,"gold_gain":0,"player_choice":"Paid","damage_taken":0,"relics_obtained":["Red Mask"],"max_hp_gain":0,"max_hp_loss":0,"event_name":"Tomb of Lord Red Mask","floor":44,"gold_loss":131}],"is_beta":false,"boss_relics":[{"not_picked":["Orrery","Calling Bell"],"picked":"Philosopher\u0027s Stone"},{"not_picked":["Snecko Eye","HoveringKite"],"picked":"Busted Crown"}],"items_purged_floors":[25,31],"is_endless":false,"potions_floor_spawned":[4,10,13,22,24,27,29,37,40,45,48],"ascension_level":0}