{"gold_per_floor":[20,95,113,126,126,126,126,153,153,153,172,172,193,118,118,118],"floor_reached":16,"playtime":432,"items_purged":["Strike_R"],"score":196,"play_id":"a6c62f01-9873-43dc-bab0-c6c8e40a017d","local_time":"20190303173337","is_ascension_mode":true,"campfire_choices":[{"data":"Carnage","floor":6.0,"key":"SMITH"},{"data":"Inflame","floor":10.0,"key":"SMITH"},{"data":"Dropkick","floor":15.0,"key":"SMITH"}],"neow_cost":"NO_GOLD","seed_source_timestamp":0,"circlet_count":0,"master_deck":["AscendersBane","Strike_R","Strike_R","Defend_R","Defend_R","Defend_R","Bash+1","Carnage+1","Inflame+1","Dropkick+1"],"special_seed":0,"relics":["Burning Blood","Mango","Bottled Lightning","Odd Mushroom"],"potions_floor_usage":[16],"damage_taken":[{"damage":5.0,"enemies":"Small Slimes","floor":1.0,"turns":4.0},{"damage":9.0,"enemies":"Jaw Worm","floor":3.0,"turns":3.0},{"damage":15.0,"enemies":"2 Louse","floor":4.0,"turns":3.0},{"damage":8.0,"enemies":"Gremlin Nob","floor":8.0,"turns":3.0},{"damage":24.0,"enemies":"Lots of Slimes","floor":11.0,"turns":6.0},{"damage":11.0,"enemies":"The Mushroom Lair","floor":13.0,"turns":3.0},{"damage":46,"enemies":"Hexaghost","floor":16,"turns":7}],"seed_played":"3812739621116750352","potions_obtained":[{"floor":1.0,"key":"Energy Potion"},{"floor":4.0,"key":"SmokeBomb"},{"floor":13.0,"key":"Regen Potion"}],"is_trial":false,"path_per_floor":["M","?","M","M","?","R","?","E","T","R","M","?","?","$","R","B"],"character_chosen":"IRONCLAD","items_purchased":[],"campfire_rested":0,"item_purchase_floors":[],"current_hp_per_floor":[69,58,55,46,46,46,46,58,58,58,40,33,28,28,28,0],"gold":118,"neow_bonus":"REMOVE_TWO","is_prod":false,"is_daily":false,"chose_seed":false,"campfire_upgraded":3,"win_rate":0,"timestamp":1551602017,"path_taken":["M","?","M","M","?","R","?","E","T","R","?","?","?","$","R","BOSS"],"build_version":"2019-01-23","purchased_purges":1,"victory":false,"max_hp_per_floor":[75,75,75,75,75,75,75,89,89,89,89,89,89,89,89,89],"card_choices":[{"not_picked":["Bloodletting","Rupture"],"picked":"Carnage","floor":1.0},{"not_picked":["Havoc","Pommel Strike"],"picked":"Inflame","floor":3.0},{"not_picked":["Havoc","Entrench","Immolate"],"picked":"SKIP","floor":4.0},{"not_picked":["Carnage","Reckless Charge"],"picked":"Dropkick","floor":8.0},{"not_picked":["Perfected Strike","Bloodletting","Entrench"],"picked":"SKIP","floor":11.0}],"player_experience":1043752,"relics_obtained":[{"floor":8.0,"key":"Mango"},{"floor":9.0,"key":"Bottled Lightning"},{"floor":13.0,"key":"Odd Mushroom"}],"event_choices":[{"damage_healed":0.0,"max_hp_gain":0.0,"max_hp_loss":0.0,"gold_gain":75.0,"event_name":"World of Goop","player_choice":"Gather Gold","floor":2.0,"gold_loss":0.0,"damage_taken":11.0},{"damage_healed":0.0,"max_hp_gain":0.0,"max_hp_loss":0.0,"gold_gain":0.0,"event_name":"Golden Idol","player_choice":"Ignored","floor":5.0,"gold_loss":0.0,"damage_taken":0.0},{"damage_healed":0.0,"max_hp_gain":0.0,"max_hp_loss":0.0,"gold_gain":0.0,"event_name":"Upgrade Shrine","player_choice":"Upgraded","floor":7.0,"gold_loss":0.0,"damage_taken":0.0,"cards_upgraded":["Bash"]},{"cards_removed":["Strike_R"],"damage_healed":0.0,"max_hp_gain":0.0,"max_hp_loss":0.0,"gold_gain":0.0,"event_name":"Golden Wing","player_choice":"Card Removal","floor":12.0,"gold_loss":0.0,"damage_taken":7.0},{"damage_healed":0.0,"max_hp_gain":0.0,"max_hp_loss":0.0,"gold_gain":0.0,"event_name":"Mushrooms","player_choice":"Fought Mushrooms","floor":13.0,"gold_loss":0.0,"damage_taken":0.0}],"is_beta":false,"boss_relics":[],"items_purged_floors":[14],"is_endless":false,"potions_floor_spawned":[1,4,13],"killed_by":"Hexaghost","ascension_level":20}