{"gold_per_floor":[116,68,143,158,178,178,211,211,238,253,265,265,265,275,275,374,374,385,300,136,336,352,377,377,410,410,428,36,36,52,62,62,158,158,175,40,56,56,56,87,87,87,169,187,200,0,19,34,34,34],"floor_reached":50,"playtime":2042,"items_purged":["Shame","Strike_R","Strike_R"],"score":811,"play_id":"36809479-0edc-4659-b05b-f63b5294ebc1","local_time":"20190203142735","is_ascension_mode":true,"campfire_choices":[{"data":"Double Tap","floor":6.0,"key":"SMITH"},{"data":"Anger","floor":8.0,"key":"SMITH"},{"data":"Rage","floor":12.0,"key":"SMITH"},{"data":"Iron Wave","floor":15.0,"key":"SMITH"},{"data":"Demon Form","floor":24.0,"key":"SMITH"},{"floor":29,"key":"REST"},{"floor":32,"key":"REST"},{"floor":42,"key":"RECALL"},{"floor":49,"key":"REST"}],"neow_cost":"CURSE","seed_source_timestamp":0,"circlet_count":0,"master_deck":["Strike_R+1","Strike_R+1","Strike_R+1","Defend_R+1","Defend_R+1","Defend_R+1","Bash+1","Double Tap+1","Rage+1","Iron Wave+1","Anger+1","Heavy Blade+1","Infernal Blade+1","Shrug It Off+1","Double Tap+1","Ghostly Armor+1","Demon Form+1","Bandage Up+1","Inflame+1","Demon Form+1","Heavy Blade+1","Normality"],"special_seed":0,"relics":["Burning Blood","Art of War","Anchor","Busted Crown","Singing Bowl","Bottled Lightning","Centennial Puzzle","Darkstone Periapt","Membership Card","Meat on the Bone","Cursed Key","Bag of Preparation","Mark of the Bloom","Kunai","Sundial","Red Mask"],"potions_floor_usage":[25,33,33,48,50,50],"damage_taken":[{"damage":7.0,"enemies":"Jaw Worm","floor":1.0,"turns":3.0},{"damage":6.0,"enemies":"Small Slimes","floor":4.0,"turns":4.0},{"damage":6.0,"enemies":"2 Louse","floor":5.0,"turns":2.0},{"damage":21.0,"enemies":"Lagavulin","floor":7.0,"turns":7.0},{"damage":0.0,"enemies":"Looter","floor":10.0,"turns":3.0},{"damage":0.0,"enemies":"Gremlin Gang","floor":11.0,"turns":3.0},{"damage":13.0,"enemies":"Blue Slaver","floor":14.0,"turns":3.0},{"damage":37.0,"enemies":"Slime Boss","floor":16.0,"turns":10.0},{"damage":20.0,"enemies":"Spheric Guardian","floor":18.0,"turns":5.0},{"damage":8.0,"enemies":"Chosen","floor":22.0,"turns":6.0},{"damage":21.0,"enemies":"Slavers","floor":23.0,"turns":7.0},{"damage":28,"enemies":"Gremlin Leader","floor":25,"turns":4},{"damage":46,"enemies":"3 Cultists","floor":27,"turns":7},{"damage":10,"enemies":"Shelled Parasite and Fungi","floor":30,"turns":4},{"damage":18,"enemies":"Snake Plant","floor":31,"turns":4},{"damage":0,"enemies":"Collector","floor":33,"turns":7},{"damage":1,"enemies":"Orb Walker","floor":35,"turns":3},{"damage":0,"enemies":"3 Darklings","floor":37,"turns":5},{"damage":39,"enemies":"Reptomancer","floor":40,"turns":4},{"damage":16,"enemies":"Writhing Mass","floor":44,"turns":5},{"damage":8,"enemies":"Jaw Worm Horde","floor":45,"turns":4},{"damage":0,"enemies":"Transient","floor":47,"turns":5},{"damage":8,"enemies":"Spire Growth","floor":48,"turns":3},{"damage":41,"enemies":"Donu and Deca","floor":50,"turns":5}],"seed_played":"4719480011710933208","potions_obtained":[{"floor":4.0,"key":"LiquidBronze"},{"floor":5.0,"key":"AttackPotion"},{"floor":16.0,"key":"Regen Potion"},{"floor":18.0,"key":"FearPotion"},{"floor":25,"key":"GamblersBrew"},{"floor":27,"key":"PowerPotion"},{"floor":30,"key":"SkillPotion"},{"floor":33,"key":"Strength Potion"},{"floor":35,"key":"SpeedPotion"},{"floor":37,"key":"AttackPotion"}],"is_trial":false,"path_per_floor":["M","$","?","M","M","R","E","R","T","M","M","R","?","M","R","B",null,"M","?","$","?","M","E","R","E","T","M","$","R","M","M","R","B",null,"M","$","M","?","?","E","?","R","T","M","M","?","M","M","R","B"],"character_chosen":"IRONCLAD","items_purchased":["Iron Wave","Bandage Up","Membership Card","Meat on the Bone","Inflame","Bag of Preparation"],"campfire_rested":3,"item_purchase_floors":[2,20,28,28,28,36],"current_hp_per_floor":[79,79,68,68,68,68,53,53,53,59,65,65,49,42,42,11,63,49,49,49,49,53,59,59,43,43,9,9,35,49,55,82,92,92,94,94,96,96,96,57,57,57,57,41,33,33,33,25,25,0],"gold":34,"neow_bonus":"THREE_RARE_CARDS","is_prod":false,"is_daily":false,"chose_seed":false,"campfire_upgraded":5,"win_rate":0,"timestamp":1549232855,"path_taken":["M","$","?","M","M","R","E","R","T","M","M","R","?","M","R","BOSS","M","?","$","?","M","E","R","E","T","M","$","R","M","M","R","BOSS","M","$","?","?","?","E","?","R","T","?","M","?","M","M","R","BOSS"],"build_version":"2019-01-23","purchased_purges":3,"victory":false,"max_hp_per_floor":[80,80,80,80,80,80,80,80,80,80,80,80,80,80,80,80,80,80,80,80,80,82,84,84,86,86,88,88,88,90,92,92,92,92,94,94,96,96,96,96,96,96,102,104,106,106,108,110,110,110],"card_choices":[{"not_picked":["Exhume","Offering"],"picked":"Double Tap","floor":0.0},{"not_picked":["Cleave","Havoc"],"picked":"Rage","floor":1.0},{"not_picked":["Twin Strike","Armaments"],"picked":"Anger","floor":4.0},{"not_picked":["Uppercut","Havoc"],"picked":"Heavy Blade","floor":5.0},{"not_picked":["Bloodletting","Warcry"],"picked":"Infernal Blade","floor":7.0},{"not_picked":["Intimidate","Reckless Charge"],"picked":"Shrug It Off","floor":10.0},{"not_picked":["Body Slam","Clash"],"picked":"Double Tap","floor":11.0},{"not_picked":["Cleave","Power Through"],"picked":"Ghostly Armor","floor":14.0},{"not_picked":["Double Tap","Impervious"],"picked":"Demon Form","floor":16.0},{"not_picked":["Thunderclap"],"picked":"SKIP","floor":18.0},{"not_picked":["Body Slam"],"picked":"Singing Bowl","floor":22.0},{"not_picked":["Twin Strike"],"picked":"SKIP","floor":23.0},{"not_picked":["Twin Strike"],"picked":"Singing Bowl","floor":23.0},{"not_picked":["Clash+1"],"picked":"Singing Bowl","floor":25},{"not_picked":["Twin Strike"],"picked":"Singing Bowl","floor":27},{"not_picked":["Perfected Strike"],"picked":"Singing Bowl","floor":30},{"not_picked":["Uppercut"],"picked":"Singing Bowl","floor":31},{"not_picked":[],"picked":"Demon Form","floor":33},{"not_picked":["Cleave+1"],"picked":"Singing Bowl","floor":35},{"not_picked":["Anger+1"],"picked":"Singing Bowl","floor":37},{"not_picked":[],"picked":"Heavy Blade+1","floor":40},{"not_picked":["Evolve"],"picked":"Singing Bowl","floor":44},{"not_picked":["Wild Strike+1"],"picked":"Singing Bowl","floor":45},{"not_picked":["Second Wind+1"],"picked":"Singing Bowl","floor":47},{"not_picked":["True Grit"],"picked":"Singing Bowl","floor":48}],"player_experience":235712,"relics_obtained":[{"floor":7.0,"key":"Art of War"},{"floor":9.0,"key":"Anchor"},{"floor":23.0,"key":"Bottled Lightning"},{"floor":25,"key":"Centennial Puzzle"},{"floor":26,"key":"Darkstone Periapt"},{"floor":40,"key":"Kunai"},{"floor":43,"key":"Sundial"}],"event_choices":[{"damage_healed":0.0,"max_hp_gain":0.0,"max_hp_loss":0.0,"gold_gain":75.0,"event_name":"World of Goop","player_choice":"Gather Gold","floor":3.0,"gold_loss":0.0,"damage_taken":11.0},{"damage_healed":0.0,"max_hp_gain":0.0,"max_hp_loss":0.0,"gold_gain":0.0,"event_name":"Shining Light","player_choice":"Entered Light","floor":13.0,"gold_loss":0.0,"damage_taken":16.0,"cards_upgraded":["Bash","Shrug It Off"]},{"damage_healed":0.0,"max_hp_gain":0.0,"max_hp_loss":0.0,"gold_gain":0.0,"event_name":"Addict","player_choice":"Obtained Relic","floor":19.0,"gold_loss":85.0,"damage_taken":0.0,"relics_obtained":["Singing Bowl"]},{"damage_healed":0.0,"max_hp_gain":0.0,"max_hp_loss":0.0,"gold_gain":250.0,"event_name":"The Joust","player_choice":"Bet on Owner","floor":21.0,"gold_loss":50.0,"damage_taken":0.0},{"cards_removed":["Defend_R"],"damage_healed":0,"gold_gain":0,"player_choice":"Removed Skill","damage_taken":0,"max_hp_gain":0,"max_hp_loss":0,"event_name":"Falling","floor":38,"gold_loss":0},{"damage_healed":0,"gold_gain":0,"player_choice":"Upgrade","damage_taken":0,"relics_obtained":["Mark of the Bloom"],"max_hp_gain":0,"max_hp_loss":0,"event_name":"MindBloom","floor":39,"gold_loss":0,"cards_upgraded":["Strike_R","Strike_R","Strike_R","Defend_R","Defend_R","Defend_R","Heavy Blade","Infernal Blade","Double Tap","Ghostly Armor","Bandage Up","Inflame","Demon Form"]},{"damage_healed":0,"gold_gain":0,"player_choice":"Ignored","damage_taken":0,"max_hp_gain":0,"max_hp_loss":0,"event_name":"Upgrade Shrine","floor":41,"gold_loss":0},{"damage_healed":0,"gold_gain":0,"player_choice":"Paid","damage_taken":0,"relics_obtained":["Red Mask"],"max_hp_gain":0,"max_hp_loss":0,"event_name":"Tomb of Lord Red Mask","floor":46,"gold_loss":200}],"is_beta":false,"boss_relics":[{"not_picked":["Empty Cage","Philosopher\u0027s Stone"],"picked":"Busted Crown"},{"not_picked":["Black Blood","Snecko Eye"],"picked":"Cursed Key"}],"items_purged_floors":[20,28,36],"is_endless":false,"potions_floor_spawned":[4,5,16,18,25,27,30,33,35,37,44,45,47],"killed_by":"Donu and Deca","ascension_level":5}