{"path_per_floor":["M","?","M","?","M","E","M","?","T","?","M","M","M","M","R","B",null,"M","?","$","M","?","R","?","M","T"],"character_chosen":"IRONCLAD","items_purchased":["Pommel Strike","Bloodletting","Prayer Wheel"],"gold_per_floor":[115,115,129,204,214,246,261,211,211,211,230,241,260,275,275,373,373,388,388,148,160,160,160,160,175,175],"floor_reached":27,"campfire_rested":1,"playtime":2037,"current_hp_per_floor":[72,72,69,58,62,58,60,60,60,44,37,40,36,35,59,39,82,78,78,78,43,43,43,27,25,25],"items_purged":[],"gold":175,"play_id":"af88fd99-2309-4578-b092-967bc19c85b0","is_prod":false,"is_daily":false,"campfire_rituals":0,"campfire_upgraded":1,"is_hardmode":false,"path_taken":["M","?","?","?","M","E","M","?","T","?","M","M","?","M","R","BOSS","M","?","$","M","?","R","?","M","T","M"],"build_version":"2018-01-11-PROD2","purchased_purges":1,"victory":false,"master_deck":["Strike_R","Strike_R","Strike_R","Strike_R","Strike_R","Defend_R","Defend_R","Defend_R","Bash","Flex","Infernal Blade","Shockwave","Shrug It Off","Perfected Strike","Inflame","Rage","Pommel Strike","Thunderclap","Dark Embrace","Pommel Strike","Pommel Strike","Bloodletting","Double Tap","Seeing Red","Necronomicurse","Warcry","Double Tap"],"max_hp_per_floor":[72,72,72,72,72,82,82,82,82,82,82,82,82,82,82,82,82,82,82,82,82,82,82,82,82,82],"relics":["Burning Blood","Champion Belt","Pear","Nloth\u0027s Gift","Prayer Wheel","Necronomicon","Ginger"],"campfire_meditates":0,"card_choices":[{"not_picked":["Combust","Clash"],"picked":"Flex"},{"not_picked":["Cleave","Spot Weakness"],"picked":"Infernal Blade"},{"not_picked":["Combust","Blood for Blood"],"picked":"Shockwave"},{"not_picked":["Second Wind","Headbutt"],"picked":"Shrug It Off"},{"not_picked":["Twin Strike","Combust"],"picked":"Perfected Strike"},{"not_picked":["Juggernaut","Clash"],"picked":"Inflame"},{"not_picked":["Body Slam","Metallicize"],"picked":"Rage"},{"not_picked":["Infernal Blade","Whirlwind"],"picked":"Pommel Strike"},{"not_picked":["True Grit","Iron Wave"],"picked":"Thunderclap"},{"not_picked":["Bludgeon","Berserk"],"picked":"Dark Embrace"},{"not_picked":["Cleave","Rupture","Intimidate"],"picked":"Pommel Strike"},{"not_picked":["Combust","Sword Boomerang"],"picked":"Double Tap"},{"not_picked":["Power Through","Dual Wield"],"picked":"Warcry"},{"not_picked":["Power Through","Perfected Strike"],"picked":"Double Tap"}],"player_experience":15010,"potions_floor_usage":[6,13,18,25,27,27],"damage_taken":[{"damage":1,"enemies":"Jaw Worm","floor":1,"turns":5},{"damage":9,"enemies":"Blue Slaver","floor":3,"turns":4},{"damage":2,"enemies":"Small Slimes","floor":5,"turns":4},{"damage":20,"enemies":"3 Sentries","floor":6,"turns":6},{"damage":4,"enemies":"Looter","floor":7,"turns":5},{"damage":13,"enemies":"Large Slime","floor":11,"turns":5},{"damage":3,"enemies":"3 Louse","floor":12,"turns":3},{"damage":10,"enemies":"Exordium Thugs","floor":13,"turns":4},{"damage":7,"enemies":"Looter","floor":14,"turns":2},{"damage":26,"enemies":"Hexaghost","floor":16,"turns":7},{"damage":10,"enemies":"3 Byrds","floor":18,"turns":8},{"damage":41,"enemies":"2 Thieves","floor":21,"turns":5},{"damage":8,"enemies":"Snake Plant","floor":25,"turns":4},{"damage":41,"enemies":"Chosen and Byrds","floor":27,"turns":6}],"event_choices":[{"event_name":"Accursed Blacksmith","player_choice":"Forge","floor":2,"damage_taken":0},{"event_name":"World of Goop","player_choice":"Gather Gold","floor":4,"damage_taken":0},{"event_name":"The Cleric","player_choice":"Card Removal","floor":8,"damage_taken":0},{"event_name":"Shining Light","player_choice":"Entered Light","floor":10,"damage_taken":0},{"event_name":"N\u0027loth","player_choice":"Traded a Question Card","floor":19,"damage_taken":0},{"event_name":"The Library","player_choice":"Read","floor":22,"damage_taken":0},{"event_name":"Cursed Tome","player_choice":"Obtained Book","floor":24,"damage_taken":0}],"boss_relics":[{"not_picked":["Philosopher\u0027s Stone","Calling Bell"],"picked":"Question Card"}],"potions_floor_spawned":[1,11,12,14,16,25],"seed_played":"2641100191135936472","killed_by":"Chosen and Byrds","is_trial":false}