{"path_per_floor":["M","?","?","?","$","R","E","M","T","R","$","?","$","M","R","B",null,"M","$","M","?"],"character_chosen":"THE_SILENT","items_purchased":["Flash of Steel","Infinite Blades","Accuracy","Blade Dance"],"gold_per_floor":[118,118,118,118,12,12,48,66,66,66,29,29,29,44,44,164,164,184,22,36,36,36],"floor_reached":22,"campfire_rested":1,"playtime":974,"current_hp_per_floor":[58,58,51,51,51,51,28,24,24,45,45,45,45,45,45,18,57,46,46,37,37,0],"items_purged":[],"gold":36,"score":258,"play_id":"7070d05d-fad0-45fc-ba03-adb7cb2fa829","local_time":"20180419233939","is_prod":false,"is_daily":false,"chose_seed":false,"is_ascension_mode":true,"campfire_upgraded":2,"timestamp":1524195579,"path_taken":["M","?","?","?","$","R","E","M","T","R","$","?","$","M","R","BOSS","M","$","M","?","M"],"build_version":"2018-04-19","seed_source_timestamp":465472069659189,"purchased_purges":0,"victory":false,"master_deck":["Defend_G","Defend_G","Defend_G","Strike_G","Strike_G","Strike_G","Strike_G","Strike_G","Survivor","Neutralize","Corpse Explosion","Dodge and Roll","Flash of Steel+1","Riddle With Holes","Noxious Fumes+1","Infinite Blades","Dash+1","A Thousand Cuts","Accuracy","Accuracy","Footwork","Accuracy","Acrobatics","Accuracy","Blade Dance","Prepared+1"],"max_hp_per_floor":[70,70,70,70,70,70,70,70,70,70,70,70,70,70,70,70,70,70,70,70,70,70],"relics":["Ring of the Snake","Golden Idol","Ancient Tea Set","Molten Egg 2","Spirit Poop","Orrery"],"card_choices":[{"not_picked":["Terror","Deflect"],"picked":"Dodge and Roll","floor":1},{"not_picked":["Deflect","Skewer"],"picked":"Riddle With Holes","floor":7},{"not_picked":["Calculated Gamble","Bane"],"picked":"Noxious Fumes","floor":8},{"not_picked":["Caltrops","Masterful Stab"],"picked":"Dash","floor":14},{"not_picked":["Die Die Die","Storm of Steel"],"picked":"A Thousand Cuts","floor":16},{"not_picked":["All Out Attack","Crippling Poison"],"picked":"Accuracy","floor":17},{"not_picked":["Acrobatics","All Out Attack"],"picked":"Accuracy","floor":17},{"not_picked":["Cloak And Dagger","Outmaneuver"],"picked":"Footwork","floor":17},{"not_picked":["PiercingWail","Prepared"],"picked":"Accuracy","floor":17},{"not_picked":["Quick Slash","Sucker Punch"],"picked":"Acrobatics","floor":18},{"not_picked":["Well Laid Plans","Acrobatics"],"picked":"Prepared","floor":20}],"player_experience":480323,"potions_floor_usage":[7,16,22],"damage_taken":[{"damage":5,"enemies":"2 Louse","floor":1,"turns":3},{"damage":23,"enemies":"Gremlin Nob","floor":7,"turns":5},{"damage":4,"enemies":"Jaw Worm","floor":8,"turns":2},{"damage":0,"enemies":"Small Slimes","floor":14,"turns":2},{"damage":27,"enemies":"Hexaghost","floor":16,"turns":9},{"damage":11,"enemies":"3 Byrds","floor":18,"turns":6},{"damage":9,"enemies":"Shell Parasite","floor":20,"turns":7},{"damage":46,"enemies":"3 Cultists","floor":22,"turns":5}],"event_choices":[{"event_name":"Living Wall","player_choice":"Forget","floor":2,"damage_taken":0},{"event_name":"Golden Wing","player_choice":"Card Removal","floor":3,"damage_taken":0},{"event_name":"Golden Idol","player_choice":"Take Wound","floor":4,"damage_taken":0},{"event_name":"Bonfire Elementals","player_choice":"CURSE","floor":12,"damage_taken":0},{"event_name":"Addict","player_choice":"Ignored","floor":21,"damage_taken":0}],"boss_relics":[{"not_picked":["White Beast Statue","Runic Pyramid"],"picked":"Orrery"}],"potions_floor_spawned":[1,14,16,20],"seed_played":"-4853284118450234245","killed_by":"3 Cultists","ascension_level":6,"is_trial":false}