{"path_per_floor":["M","M","$","M","$","R","M","M","T","M","M","M","R","?","R","B",null,"M","M","?","$","?"],"character_chosen":"IRONCLAD","items_purchased":["Warcry","Rampage","Rampage"],"gold_per_floor":[214,232,133,148,75,75,89,108,108,127,140,160,160,110,110,205,235,248,264,179,41,41,41],"floor_reached":23,"campfire_rested":1,"playtime":1945,"current_hp_per_floor":[80,70,70,64,64,64,63,60,60,54,50,37,61,61,61,45,76,44,7,7,7,7,0],"items_purged":["Strike_R","Strike_R"],"gold":41,"score":231,"play_id":"efed190b-f9f0-4d7c-a969-4e37070c4e9f","local_time":"20180328213452","is_prod":false,"is_daily":false,"is_ascension_mode":true,"campfire_upgraded":2,"timestamp":1522287292,"path_taken":["M","M","$","M","$","R","M","M","T","M","M","M","R","?","R","BOSS","M","M","?","$","?","M"],"build_version":"2018-03-22v2","purchased_purges":3,"victory":false,"master_deck":["Strike_R","Strike_R","Strike_R","Defend_R","Defend_R","Defend_R","Defend_R","Dropkick+1","Uppercut+1","Warcry","Shrug It Off","Rampage+1","Thunderclap","Warcry","Offering","Dark Embrace","True Grit","Fire Breathing","Dropkick","Rampage"],"max_hp_per_floor":[80,80,80,80,80,80,80,80,80,80,80,80,80,80,80,80,85,85,85,85,85,85,85],"relics":["Burning Blood","Art of War","Tiny House","Pantograph"],"card_choices":[{"not_picked":["True Grit","Anger"],"picked":"Dropkick","floor":1},{"not_picked":["Infernal Blade","Pummel"],"picked":"Uppercut","floor":2},{"not_picked":["Clothesline","Wild Strike"],"picked":"Shrug It Off","floor":4},{"not_picked":["Clothesline","Cleave"],"picked":"Thunderclap","floor":7},{"not_picked":["Pummel","Entrench"],"picked":"Warcry","floor":10},{"not_picked":["Clothesline","Flex"],"picked":"Offering","floor":11},{"not_picked":["Immolate","Feed"],"picked":"Dark Embrace","floor":16},{"not_picked":["Intimidate","Armaments"],"picked":"True Grit","floor":17},{"not_picked":["Blood for Blood","Pommel Strike"],"picked":"Fire Breathing","floor":18},{"not_picked":["Iron Wave","True Grit"],"picked":"Dropkick","floor":19}],"player_experience":364439,"potions_floor_usage":[16,23,23],"damage_taken":[{"damage":1,"enemies":"2 Louse","floor":1,"turns":4},{"damage":16,"enemies":"Small Slimes","floor":2,"turns":4},{"damage":12,"enemies":"Jaw Worm","floor":4,"turns":2},{"damage":7,"enemies":"Blue Slaver","floor":7,"turns":4},{"damage":9,"enemies":"3 Louse","floor":8,"turns":2},{"damage":12,"enemies":"Looter","floor":10,"turns":3},{"damage":10,"enemies":"2 Fungi Beasts","floor":11,"turns":3},{"damage":19,"enemies":"Large Slime","floor":12,"turns":4},{"damage":22,"enemies":"Slime Boss","floor":16,"turns":6},{"damage":38,"enemies":"Shell Parasite","floor":18,"turns":7},{"damage":43,"enemies":"3 Byrds","floor":19,"turns":6},{"damage":11,"enemies":"Centurion and Healer","floor":23,"turns":1}],"event_choices":[{"event_name":"The Cleric","player_choice":"Card Removal","floor":14,"damage_taken":0},{"event_name":"Addict","player_choice":"Obtained Relic","floor":20,"damage_taken":0},{"event_name":"Beggar","player_choice":"Ignored","floor":22,"damage_taken":0}],"boss_relics":[{"not_picked":["Runic Pyramid","Lizard Tail"],"picked":"Tiny House"}],"potions_floor_spawned":[1,8,10,11,16],"seed_played":"988372382799873218","killed_by":"Centurion and Healer","ascension_level":5,"is_trial":false}