{"gold_per_floor":[11,11,186,205,219,219,239,239,288,314,37,55,55,78,78,179,179,192,292,292,4,23,57,57,90,169,184,184,216,216,228,228,333,333,350,350,0,20,31,59,59,71,95,95,95,95,95,95,95,95],"floor_reached":50,"playtime":3101,"items_purged":["Doubt"],"score":629,"play_id":"4dbaddfa-864a-46fe-a013-6774047b91a6","local_time":"20181128192225","is_ascension_mode":true,"campfire_choices":[{"data":"Neutralize","floor":6,"key":"SMITH"},{"data":"Noxious Fumes","floor":8,"key":"SMITH"},{"data":"Crippling Poison","floor":13,"key":"SMITH"},{"floor":15,"key":"REST"},{"data":"Envenom","floor":24,"key":"SMITH"},{"data":"RitualDagger","floor":30,"key":"SMITH"},{"data":"Accuracy","floor":32,"key":"SMITH"},{"data":"Envenom","floor":41,"key":"SMITH"},{"data":"Accuracy","floor":44,"key":"SMITH"},{"data":"Infinite Blades","floor":46,"key":"SMITH"},{"data":"Transmutation","floor":49,"key":"SMITH"}],"neow_cost":"NO_GOLD","seed_source_timestamp":419716231599126,"circlet_count":0,"master_deck":["Defend_G","Defend_G","Defend_G","Defend_G","Defend_G","Survivor","Neutralize+1","Blade Dance","Accuracy+1","Noxious Fumes+1","Crippling Poison+1","Infinite Blades+1","Envenom+1","PiercingWail+1","Blur+1","Bite+1","Bite","Bite","Bite+1","Bite","Accuracy+1","Deadly Poison+1","Dodge and Roll","RitualDagger+1","Escape Plan+1","Envenom+1","Backstab","Pain","Deadly Poison+1","Doubt","Transmutation+1"],"relics":["Ring of the Snake","Gambling Chip","Juzu Bracelet","Bronze Scales","TwistedFunnel","Potion Belt","Busted Crown","Thread and Needle","Gremlin Horn","OrangePellets","Ninja Scroll","Centennial Puzzle","Blue Candle","Strawberry","White Beast Statue","WarpedTongs","Red Mask","Bag of Marbles","Whetstone"],"potions_floor_usage":[16,19,19,23,29,33,33,40,40,40,50,50,50],"damage_taken":[{"damage":1,"enemies":"2 Louse","floor":1,"turns":4},{"damage":4,"enemies":"Jaw Worm","floor":4,"turns":3},{"damage":8,"enemies":"Small Slimes","floor":5,"turns":3},{"damage":0,"enemies":"2 Fungi Beasts","floor":7,"turns":3},{"damage":16,"enemies":"Gremlin Nob","floor":10,"turns":5},{"damage":4,"enemies":"Large Slime","floor":12,"turns":5},{"damage":23,"enemies":"The Guardian","floor":16,"turns":8},{"damage":19,"enemies":"Spheric Guardian","floor":18,"turns":4},{"damage":11,"enemies":"Colosseum Slavers","floor":19,"turns":3},{"damage":10,"enemies":"Colosseum Nobs","floor":19,"turns":4},{"damage":12,"enemies":"2 Thieves","floor":22,"turns":3},{"damage":5,"enemies":"Book of Stabbing","floor":23,"turns":5},{"damage":6,"enemies":"Gremlin Leader","floor":25,"turns":5},{"damage":0,"enemies":"Centurion and Healer","floor":27,"turns":4},{"damage":17,"enemies":"Slavers","floor":29,"turns":4},{"damage":0,"enemies":"Cultist and Chosen","floor":31,"turns":4},{"damage":26,"enemies":"Collector","floor":33,"turns":6},{"damage":0,"enemies":"Orb Walker","floor":35,"turns":4},{"damage":5,"enemies":"3 Shapes","floor":38,"turns":3},{"damage":28,"enemies":"Jaw Worm Horde","floor":39,"turns":3},{"damage":17,"enemies":"Reptomancer","floor":40,"turns":6},{"damage":1,"enemies":"Maw","floor":42,"turns":6},{"damage":62,"enemies":"Awakened One","floor":50,"turns":6}],"seed_played":"2729127319213033802","potions_obtained":[{"floor":1,"key":"Fire Potion"},{"floor":7,"key":"EssenceOfSteel"},{"floor":10,"key":"Strength Potion"},{"floor":18,"key":"GhostInAJar"},{"floor":19,"key":"Fruit Juice"},{"floor":25,"key":"PowerPotion"},{"floor":31,"key":"Weak Potion"},{"floor":33,"key":"Block Potion"},{"floor":35,"key":"GamblersBrew"},{"floor":38,"key":"Ancient Potion"},{"floor":39,"key":"FearPotion"},{"floor":40,"key":"LiquidBronze"},{"floor":42,"key":"SkillPotion"}],"is_trial":false,"path_per_floor":["M","?","?","M","M","R","M","R","T","E","$","M","R","T","R","B",null,"M","?","?","$","M","E","R","E","T","M","?","E","R","M","R","B",null,"M","?","?","M","M","E","R","M","T","R","?","R","?","?","R","B"],"character_chosen":"THE_SILENT","items_purchased":["TwistedFunnel","Accuracy","OrangePellets"],"campfire_rested":1,"item_purchase_floors":[11,21,21],"current_hp_per_floor":[69,55,55,51,43,43,43,43,43,27,27,23,23,23,44,21,70,51,30,30,30,24,36,36,36,36,44,38,32,32,34,34,18,61,61,61,61,56,33,27,27,36,36,36,61,61,61,51,51,0],"gold":95,"neow_bonus":"ONE_RARE_RELIC","is_prod":false,"is_daily":false,"chose_seed":false,"campfire_upgraded":10,"win_rate":0,"timestamp":1543450945,"path_taken":["M","?","?","M","M","R","M","R","T","E","$","M","R","?","R","BOSS","M","?","?","?","M","E","R","E","T","M","?","E","R","M","R","BOSS","M","?","?","M","M","E","R","M","T","R","?","R","?","?","R","BOSS"],"build_version":"2018-11-15","purchased_purges":1,"victory":false,"max_hp_per_floor":[70,70,70,70,70,70,70,70,70,70,70,70,70,70,70,70,70,70,70,49,49,49,54,54,54,54,54,54,61,61,61,61,61,61,61,61,61,61,61,61,61,61,61,61,61,61,61,61,61,61],"card_choices":[{"not_picked":["Bane","Riddle With Holes"],"picked":"Blade Dance","floor":1},{"not_picked":["Finisher","Poisoned Stab"],"picked":"Accuracy","floor":4},{"not_picked":["Dagger Spray","Prepared","Predator"],"picked":"SKIP","floor":5},{"not_picked":["Escape Plan","Quick Slash"],"picked":"Noxious Fumes","floor":7},{"not_picked":["Sucker Punch","Poisoned Stab"],"picked":"Crippling Poison","floor":10},{"not_picked":["Calculated Gamble","Dodge and Roll"],"picked":"Infinite Blades","floor":12},{"not_picked":["Venomology","Die Die Die"],"picked":"Envenom","floor":16},{"not_picked":[],"picked":"PiercingWail+1","floor":18},{"not_picked":[],"picked":"Blur+1","floor":19},{"not_picked":[],"picked":"Deadly Poison","floor":22},{"not_picked":["Slice"],"picked":"SKIP","floor":23},{"not_picked":["Acrobatics"],"picked":"SKIP","floor":25},{"not_picked":[],"picked":"Dodge and Roll","floor":27},{"not_picked":[],"picked":"Escape Plan+1","floor":29},{"not_picked":["Deflect"],"picked":"SKIP","floor":31},{"not_picked":[],"picked":"Envenom","floor":33},{"not_picked":[],"picked":"Backstab","floor":35},{"not_picked":["Slice"],"picked":"SKIP","floor":38},{"not_picked":["Bane"],"picked":"SKIP","floor":39},{"not_picked":["Slice+1"],"picked":"SKIP","floor":40},{"not_picked":[],"picked":"Deadly Poison+1","floor":42},{"not_picked":[],"picked":"Transmutation","floor":48}],"player_experience":184800,"relics_obtained":[{"floor":9,"key":"Juzu Bracelet"},{"floor":10,"key":"Bronze Scales"},{"floor":14,"key":"Potion Belt"},{"floor":19,"key":"Thread and Needle"},{"floor":19,"key":"Gremlin Horn"},{"floor":23,"key":"Ninja Scroll"},{"floor":25,"key":"Centennial Puzzle"},{"floor":26,"key":"Blue Candle"},{"floor":29,"key":"Strawberry"},{"floor":40,"key":"Bag of Marbles"},{"floor":43,"key":"Whetstone"}],"event_choices":[{"damage_healed":0,"gold_gain":0,"player_choice":"Entered Light","damage_taken":14,"max_hp_gain":0,"max_hp_loss":0,"event_name":"Shining Light","floor":2,"gold_loss":0,"cards_upgraded":["Strike_G","Strike_G"]},{"damage_healed":0,"gold_gain":175,"player_choice":"AGREE","damage_taken":0,"max_hp_gain":0,"max_hp_loss":0,"event_name":"Liars Game","floor":3,"gold_loss":0,"cards_obtained":["Doubt"]},{"damage_healed":0,"gold_gain":0,"player_choice":"Fight","damage_taken":0,"max_hp_gain":0,"max_hp_loss":0,"event_name":"Colosseum","floor":19,"gold_loss":0},{"damage_healed":0,"gold_gain":0,"player_choice":"Fought Nobs","damage_taken":0,"max_hp_gain":0,"max_hp_loss":0,"event_name":"Colosseum","floor":19,"gold_loss":0},{"damage_healed":0,"gold_gain":0,"player_choice":"Became a vampire","damage_taken":0,"max_hp_gain":0,"max_hp_loss":21,"event_name":"Vampires","floor":20,"gold_loss":0,"cards_obtained":["Bite","Bite","Bite","Bite","Bite"]},{"damage_healed":0,"gold_gain":0,"player_choice":"Joined the Cult","damage_taken":6,"max_hp_gain":0,"max_hp_loss":0,"event_name":"Nest","floor":28,"gold_loss":0,"cards_obtained":["RitualDagger"]},{"damage_healed":0,"gold_gain":0,"player_choice":"Rummage","damage_taken":0,"relics_obtained":["WarpedTongs"],"max_hp_gain":0,"max_hp_loss":0,"event_name":"Accursed Blacksmith","floor":36,"gold_loss":0,"cards_obtained":["Pain"]},{"damage_healed":0,"gold_gain":0,"player_choice":"Paid","damage_taken":0,"relics_obtained":["Red Mask"],"max_hp_gain":0,"max_hp_loss":0,"event_name":"Tomb of Lord Red Mask","floor":37,"gold_loss":350},{"damage_healed":25,"gold_gain":0,"player_choice":"Heal","damage_taken":0,"max_hp_gain":0,"max_hp_loss":0,"event_name":"MindBloom","floor":45,"gold_loss":0,"cards_obtained":["Doubt"]},{"damage_healed":0,"gold_gain":0,"player_choice":"Upgraded","damage_taken":0,"max_hp_gain":0,"max_hp_loss":0,"event_name":"Upgrade Shrine","floor":47,"gold_loss":0,"cards_upgraded":["Deadly Poison"]},{"damage_healed":0,"gold_gain":0,"player_choice":"Memory 3","damage_taken":10,"max_hp_gain":0,"max_hp_loss":0,"event_name":"SensoryStone","floor":48,"gold_loss":0}],"is_beta":false,"boss_relics":[{"not_picked":["Runic Dome","Calling Bell"],"picked":"Busted Crown"},{"not_picked":["Empty Cage","Pandora\u0027s Box"],"picked":"White Beast Statue"}],"items_purged_floors":[11],"is_endless":false,"potions_floor_spawned":[1,7,10,18,19,25,31,33,35,38,39,40,42],"killed_by":"Awakened One","ascension_level":2}