{"gold_per_floor":[115,115,131,151,226,283,283,295,318,332,367,385,44,44,44,141,141,152,171,171,190,190],"floor_reached":22,"playtime":1120,"items_purged":["Shame"],"score":228,"play_id":"de39dcab-4b05-499b-914d-c5cba6509fee","local_time":"20190216184011","is_ascension_mode":true,"campfire_choices":[{"data":"Echo Form","floor":7,"key":"SMITH"},{"floor":15,"key":"REST"}],"neow_cost":"CURSE","seed_source_timestamp":176833633169500,"circlet_count":0,"master_deck":["Strike_B","Strike_B","Strike_B","Strike_B","Defend_B","Defend_B","Defend_B","Defend_B","Zap","Dualcast","Go for the Eyes","Chill","Barrage","Echo Form+1","Heatsinks","Double Energy","Static Discharge","Redo","Storm","Cold Snap","Machine Learning","Cold Snap","Turbo","Storm","Loop"],"relics":["Cracked Core","Emotion Chip","Tiny Chest","Smiling Mask","Lantern","Runic Capacitor"],"potions_floor_usage":[4,6,10,11,12,16,19,22],"damage_taken":[{"damage":0,"enemies":"Cultist","floor":1,"turns":3},{"damage":0,"enemies":"Small Slimes","floor":3,"turns":3},{"damage":2,"enemies":"Jaw Worm","floor":4,"turns":2},{"damage":15,"enemies":"Lagavulin","floor":6,"turns":5},{"damage":9,"enemies":"Red Slaver","floor":8,"turns":3},{"damage":3,"enemies":"Exordium Thugs","floor":10,"turns":3},{"damage":32,"enemies":"Gremlin Nob","floor":11,"turns":4},{"damage":1,"enemies":"Looter","floor":12,"turns":2},{"damage":5,"enemies":"Slime Boss","floor":16,"turns":10},{"damage":20,"enemies":"Spheric Guardian","floor":18,"turns":4},{"damage":12,"enemies":"Shell Parasite","floor":19,"turns":6},{"damage":22,"enemies":"Snake Plant","floor":21,"turns":3},{"damage":25,"enemies":"Snecko","floor":22,"turns":3}],"seed_played":"1331225359770070324","potions_obtained":[{"floor":2,"key":"Explosive Potion"},{"floor":2,"key":"FearPotion"},{"floor":2,"key":"SteroidPotion"},{"floor":4,"key":"Energy Potion"},{"floor":6,"key":"SkillPotion"},{"floor":12,"key":"SkillPotion"},{"floor":16,"key":"FearPotion"},{"floor":18,"key":"PowerPotion"},{"floor":21,"key":"PowerPotion"}],"is_trial":false,"path_per_floor":["M","?","M","M","?","E","R","M","T","M","E","M","$","$","R","B",null,"M","M","?","M","M"],"character_chosen":"DEFECT","items_purchased":["Runic Capacitor","Storm","Cold Snap"],"campfire_rested":1,"item_purchase_floors":[13,13,13],"current_hp_per_floor":[75,75,75,73,66,51,51,42,42,39,7,6,6,6,28,23,75,55,43,43,21,0],"gold":190,"neow_bonus":"ONE_RARE_RELIC","is_prod":false,"is_daily":false,"chose_seed":false,"campfire_upgraded":1,"win_rate":0,"timestamp":1550360411,"path_taken":["M","?","M","?","?","E","R","M","T","M","E","?","?","$","R","BOSS","M","M","?","M","M"],"build_version":"2019-01-23","purchased_purges":1,"victory":false,"max_hp_per_floor":[75,75,75,75,75,75,75,75,75,75,75,75,75,75,75,75,75,75,75,75,75,75],"card_choices":[{"not_picked":["Force Field","Stack"],"picked":"Go for the Eyes","floor":1},{"not_picked":["Melter","Rebound"],"picked":"Chill","floor":3},{"not_picked":["Gash","Hologram"],"picked":"Barrage","floor":4},{"not_picked":["Capacitor","Skim"],"picked":"Echo Form","floor":6},{"not_picked":["Compile Driver","Reinforced Body"],"picked":"Heatsinks","floor":8},{"not_picked":["FTL","Melter"],"picked":"Double Energy","floor":10},{"not_picked":["Blizzard","Lockon"],"picked":"Static Discharge","floor":11},{"not_picked":["Undo","Barrage"],"picked":"Redo","floor":12},{"not_picked":["Fission","Hyperbeam"],"picked":"Machine Learning","floor":16},{"not_picked":["Go for the Eyes","Hologram+1"],"picked":"Cold Snap","floor":18},{"not_picked":["Sweeping Beam","Leap+1"],"picked":"Turbo","floor":19},{"not_picked":["Rebound","Skim"],"picked":"Loop","floor":21}],"player_experience":504138,"relics_obtained":[{"floor":6,"key":"Tiny Chest"},{"floor":9,"key":"Smiling Mask"},{"floor":11,"key":"Lantern"}],"event_choices":[{"damage_healed":0,"gold_gain":0,"player_choice":"Got Potions","damage_taken":0,"max_hp_gain":0,"max_hp_loss":0,"event_name":"Lab","floor":2,"gold_loss":0},{"damage_healed":0,"gold_gain":75,"player_choice":"Touch","damage_taken":7,"max_hp_gain":0,"max_hp_loss":0,"event_name":"FaceTrader","floor":5,"gold_loss":0},{"damage_healed":0,"gold_gain":0,"player_choice":"Copied","damage_taken":0,"max_hp_gain":0,"max_hp_loss":0,"event_name":"Duplicator","floor":20,"gold_loss":0,"cards_obtained":["Storm"]}],"is_beta":false,"boss_relics":[{"not_picked":[]}],"items_purged_floors":[13],"is_endless":false,"potions_floor_spawned":[4,6,8,12,16,18,21],"killed_by":"Snecko","ascension_level":3}