{"gold_per_floor":[116,191,208,228,228,253,253,269,269,112,112,12,40,60,60,162,162,178,93,105,105,121,121],"floor_reached":23,"playtime":1594,"items_purged":[],"score":201,"play_id":"d7d441bf-e872-4492-b0ee-f2c9e1690c90","local_time":"20181110120554","is_ascension_mode":false,"campfire_choices":[{"floor":11,"key":"REST"},{"data":"Neutralize","floor":15,"key":"SMITH"}],"neow_cost":"NONE","seed_source_timestamp":410737502301263,"circlet_count":0,"master_deck":["Defend_G","Defend_G+1","Strike_G","Strike_G","Strike_G","Strike_G","Strike_G","Survivor","Neutralize+1","Dagger Throw","Poisoned Stab","Flying Knee","Outmaneuver","Flying Knee","Deadly Poison+1","Poisoned Stab","Bouncing Flask","Poisoned Stab","A Thousand Cuts","Expertise","Blade Dance","Pain","Prepared+1"],"relics":["Ring of the Snake","Sundial","Pantograph","Ornamental Fan","Bag of Preparation","War Paint","Empty Cage","Snake Skull","WarpedTongs"],"potions_floor_usage":[13,16,16,23],"damage_taken":[{"damage":3,"enemies":"Cultist","floor":1,"turns":5},{"damage":0,"enemies":"2 Louse","floor":3,"turns":2},{"damage":3,"enemies":"Jaw Worm","floor":4,"turns":3},{"damage":17,"enemies":"3 Sentries","floor":6,"turns":10},{"damage":3,"enemies":"Blue Slaver","floor":8,"turns":3},{"damage":8,"enemies":"Gremlin Nob","floor":13,"turns":4},{"damage":5,"enemies":"Exordium Wildlife","floor":14,"turns":3},{"damage":11,"enemies":"Hexaghost","floor":16,"turns":7},{"damage":11,"enemies":"Spheric Guardian","floor":18,"turns":4},{"damage":10,"enemies":"Shell Parasite","floor":20,"turns":4},{"damage":23,"enemies":"Cultist and Chosen","floor":22,"turns":5},{"damage":32,"enemies":"Slavers","floor":23,"turns":2}],"seed_played":"6418146108334067422","potions_obtained":[{"floor":0,"key":"SneckoOil"},{"floor":0,"key":"SmokeBomb"},{"floor":0,"key":"Poison Potion"},{"floor":1,"key":"GamblersBrew"},{"floor":4,"key":"Swift Potion"},{"floor":6,"key":"Block Potion"},{"floor":13,"key":"SneckoOil"},{"floor":18,"key":"EssenceOfSteel"},{"floor":20,"key":"GhostInAJar"}],"is_trial":false,"path_per_floor":["M","?","M","M","?","E","?","M","T","$","R","$","E","M","R","B",null,"M","?","M","?","M","E"],"character_chosen":"THE_SILENT","items_purchased":["Bag of Preparation","Deadly Poison","Poisoned Stab"],"campfire_rested":1,"item_purchase_floors":[10,12,12],"current_hp_per_floor":[67,56,56,53,46,29,22,19,19,19,40,40,32,27,27,41,70,59,59,49,49,26,0],"gold":121,"neow_bonus":"THREE_SMALL_POTIONS","is_prod":false,"is_daily":false,"chose_seed":false,"campfire_upgraded":1,"win_rate":0,"timestamp":1541869554,"path_taken":["M","?","M","M","?","E","?","M","T","?","R","$","E","M","R","BOSS","M","?","M","?","M","E"],"build_version":"2018-11-08","purchased_purges":0,"victory":false,"max_hp_per_floor":[70,70,70,70,70,70,70,70,70,70,70,70,70,70,70,70,70,70,70,70,70,70,70],"card_choices":[{"not_picked":["Distraction","Quick Slash"],"picked":"Dagger Throw","floor":1},{"not_picked":["Reflex","Acrobatics"],"picked":"Poisoned Stab","floor":3},{"not_picked":["Dagger Spray","Reflex"],"picked":"Flying Knee","floor":4},{"not_picked":["Underhanded Strike","Quick Slash"],"picked":"Outmaneuver","floor":6},{"not_picked":["Setup","Riddle With Holes"],"picked":"Flying Knee","floor":8},{"not_picked":["Predator","Grand Finale"],"picked":"Bouncing Flask","floor":13},{"not_picked":["Finisher","Dash"],"picked":"Poisoned Stab","floor":14},{"not_picked":["Grand Finale","Glass Knife"],"picked":"A Thousand Cuts","floor":16},{"not_picked":["Eviscerate+1","Flying Knee"],"picked":"Expertise","floor":18},{"not_picked":["PiercingWail+1","Underhanded Strike+1"],"picked":"Blade Dance","floor":20},{"not_picked":["Calculated Gamble","Dodge and Roll"],"picked":"Prepared+1","floor":22}],"player_experience":139078,"relics_obtained":[{"floor":6,"key":"Pantograph"},{"floor":9,"key":"Ornamental Fan"},{"floor":13,"key":"War Paint"}],"event_choices":[{"damage_healed":0,"gold_gain":75,"player_choice":"Gather Gold","damage_taken":11,"max_hp_gain":0,"max_hp_loss":0,"event_name":"World of Goop","floor":2,"gold_loss":0},{"damage_healed":0,"gold_gain":0,"player_choice":"Success","damage_taken":7,"relics_obtained":["Sundial"],"max_hp_gain":0,"max_hp_loss":0,"event_name":"Scrap Ooze","floor":5,"gold_loss":0},{"cards_removed":["Defend_G"],"damage_healed":0,"gold_gain":0,"player_choice":"Card Removal","damage_taken":7,"max_hp_gain":0,"max_hp_loss":0,"event_name":"Golden Wing","floor":7,"gold_loss":0},{"damage_healed":0,"gold_gain":0,"player_choice":"Obtained Relic","damage_taken":0,"relics_obtained":["Snake Skull"],"max_hp_gain":0,"max_hp_loss":0,"event_name":"Addict","floor":19,"gold_loss":85},{"damage_healed":0,"gold_gain":0,"player_choice":"Rummage","damage_taken":0,"relics_obtained":["WarpedTongs"],"max_hp_gain":0,"max_hp_loss":0,"event_name":"Accursed Blacksmith","floor":21,"gold_loss":0,"cards_obtained":["Pain"]}],"is_beta":false,"boss_relics":[{"not_picked":["Ring of the Serpent","White Beast Statue"],"picked":"Empty Cage"}],"items_purged_floors":[],"is_endless":false,"potions_floor_spawned":[1,4,6,13,18,20],"killed_by":"Slavers","ascension_level":0}