{"gold_per_floor":[116,10,26,26,26,26,26,26,50,50,70,70,3,3,3,3],"floor_reached":16,"playtime":704,"items_purged":[],"score":95,"play_id":"604a5d29-7a8d-40f1-a868-8a871bb2e5d2","local_time":"20190217165612","is_ascension_mode":true,"campfire_choices":[{"data":"Leg Sweep","floor":6,"key":"SMITH"},{"data":"Dodge and Roll","floor":8,"key":"SMITH"},{"data":"Neutralize","floor":10,"key":"SMITH"},{"data":"Cloak And Dagger","floor":12,"key":"SMITH"},{"data":"Escape Plan","floor":15,"key":"SMITH"}],"neow_cost":"NONE","seed_source_timestamp":246956253165564,"circlet_count":0,"master_deck":["Defend_G","Defend_G","Defend_G","Defend_G","Defend_G","Strike_G","Strike_G","Strike_G","Strike_G","Strike_G","Survivor","Neutralize+1","Leg Sweep+1","Footwork+1","Dodge and Roll+1","Cloak And Dagger+1","Escape Plan+1","Decay"],"relics":["Ring of the Snake","Potion Belt","Matryoshka","Strawberry","Smiling Mask"],"potions_floor_usage":[],"damage_taken":[{"damage":3,"enemies":"Cultist","floor":1,"turns":5},{"damage":0,"enemies":"Small Slimes","floor":3,"turns":4},{"damage":0,"enemies":"Jaw Worm","floor":11,"turns":7},{"damage":74,"enemies":"Hexaghost","floor":16,"turns":23}],"seed_played":"3912923703415536066","potions_obtained":[{"floor":1,"key":"Ancient Potion"}],"is_trial":false,"path_per_floor":["M","$","M","?","?","R","T","R","T","R","M","R","$","?","R","B"],"character_chosen":"THE_SILENT","items_purchased":["Footwork","Dodge and Roll","Escape Plan"],"campfire_rested":0,"item_purchase_floors":[2,2,13],"current_hp_per_floor":[67,67,67,67,67,67,67,67,74,74,74,74,74,74,74,0],"gold":3,"neow_bonus":"RANDOM_COMMON_RELIC","is_prod":false,"is_daily":false,"chose_seed":false,"campfire_upgraded":5,"win_rate":0,"timestamp":1550440572,"path_taken":["M","$","?","?","?","R","?","R","T","R","M","R","$","?","R","BOSS"],"build_version":"2019-01-23","purchased_purges":0,"victory":false,"max_hp_per_floor":[70,70,70,70,70,70,70,70,77,77,77,77,77,77,77,77],"card_choices":[{"not_picked":["Heel Hook","Prepared"],"picked":"Leg Sweep","floor":1},{"not_picked":["Expertise","Sucker Punch","Underhanded Strike"],"picked":"SKIP","floor":3},{"not_picked":["Tactician","Well Laid Plans"],"picked":"Cloak And Dagger","floor":11}],"player_experience":1053147,"relics_obtained":[{"floor":7,"key":"Matryoshka"},{"floor":9,"key":"Strawberry"},{"floor":9,"key":"Smiling Mask"}],"event_choices":[{"damage_healed":0,"gold_gain":0,"player_choice":"Leave","damage_taken":0,"max_hp_gain":0,"max_hp_loss":0,"event_name":"The Cleric","floor":4,"gold_loss":0},{"damage_healed":0,"gold_gain":0,"player_choice":"Grow","damage_taken":0,"max_hp_gain":0,"max_hp_loss":0,"event_name":"Living Wall","floor":5,"gold_loss":0,"cards_upgraded":["Footwork"]},{"damage_healed":0,"gold_gain":0,"player_choice":"Cursed","damage_taken":0,"max_hp_gain":0,"max_hp_loss":0,"event_name":"Wheel of Change","floor":14,"gold_loss":0,"cards_obtained":["Decay"]}],"is_beta":false,"boss_relics":[],"items_purged_floors":[],"is_endless":false,"potions_floor_spawned":[1],"killed_by":"Hexaghost","ascension_level":2}