{"path_per_floor":["M","M","?","T","?","R","E","R","T","M","R","M","M","M","R","B",null,"M","?","M","T","M","R","$","M","T","$","R","M","M","M","R","B",null,"M","T","?","T","M","R","M","R","T","?","M","M","M","$","R"],"character_chosen":"IRONCLAD","items_purchased":["Red Skull","Offering"],"gold_per_floor":[109,123,73,73,73,73,100,100,100,114,114,132,147,158,158,254,254,271,271,291,370,388,388,22,42,42,42,42,53,68,86,86,187,187,207,207,207,207,223,223,242,242,242,242,254,268,282,35,35],"floor_reached":50,"campfire_rested":3,"playtime":1785,"current_hp_per_floor":[74,76,76,76,76,76,48,48,48,54,54,52,39,42,42,23,80,54,38,30,30,14,38,38,44,44,44,44,25,17,15,39,21,80,63,63,53,53,34,34,34,34,34,34,24,19,16,16,40],"items_purged":["Regret","Strike_R"],"gold":35,"score":594,"play_id":"1e027596-91f3-40f4-874a-27b3834101fc","local_time":"20180320210435","is_prod":false,"is_daily":false,"is_ascension_mode":true,"campfire_upgraded":7,"timestamp":1521594275,"path_taken":["M","M","?","?","?","R","E","R","T","M","R","M","M","M","R","BOSS","M","?","?","?","M","R","$","?","T","?","R","M","M","M","R","BOSS","M","?","?","?","M","R","M","R","T","?","?","M","M","$","R","BOSS"],"build_version":"2018-03-15v3","purchased_purges":2,"victory":false,"master_deck":["Strike_R","Strike_R","Defend_R","Defend_R","Defend_R","Defend_R","Bash","Heavy Blade+1","Heavy Blade+1","Whirlwind+1","Whirlwind+1","Perfected Strike","Demon Form","Flex+1","Heavy Blade+1","Shrug It Off","Demon Form+1","Heavy Blade","Shockwave","Reaper","Shrug It Off+1","Madness","Madness","Pummel+1","Flex","Seeing Red+1","Offering"],"max_hp_per_floor":[80,80,80,80,80,80,80,80,80,80,80,80,80,80,80,80,80,80,80,80,80,80,80,80,80,80,80,80,80,80,80,80,80,80,80,80,80,80,80,80,80,80,80,80,80,80,80,80,80],"relics":["Burning Blood","Ornamental Fan","Anchor","Bottled Lightning","Prayer Wheel","Runic Dome","Enchiridion","Tiny Chest","Red Skull","Frozen Eye","Mark of Pain","Champion Belt","Mercury Hourglass","Shuriken"],"card_choices":[{"not_picked":["Clothesline","Thunderclap"],"picked":"Heavy Blade"},{"not_picked":["Sword Boomerang","Shrug It Off"],"picked":"Heavy Blade"},{"not_picked":["Fiend Fire","Headbutt"],"picked":"Whirlwind"},{"not_picked":["Havoc","Pommel Strike"],"picked":"Whirlwind"},{"not_picked":["Dropkick","Warcry"],"picked":"Perfected Strike"},{"not_picked":["Exhume","Brutality"],"picked":"Demon Form"},{"not_picked":["Battle Trance","Searing Blow"],"picked":"Flex"},{"not_picked":["Anger","Combust"],"picked":"Heavy Blade"},{"not_picked":["Cleave","Anger"],"picked":"Shrug It Off"},{"not_picked":["Body Slam","Warcry"],"picked":"Demon Form"},{"not_picked":["Clothesline","Shrug It Off"],"picked":"Heavy Blade"},{"not_picked":["Pommel Strike","Wild Strike"],"picked":"Shockwave"},{"not_picked":["Immolate","Impervious"],"picked":"Reaper"},{"not_picked":["Infernal Blade","Iron Wave"],"picked":"Shrug It Off"},{"not_picked":["Iron Wave","Headbutt"],"picked":"Pummel"},{"not_picked":["Corruption","Reckless Charge"],"picked":"Flex"},{"not_picked":["Headbutt","Body Slam"],"picked":"Seeing Red"}],"player_experience":304571,"potions_floor_usage":[16,29,33,33,33,46,50],"damage_taken":[{"damage":12,"enemies":"Small Slimes","floor":1,"turns":5},{"damage":4,"enemies":"2 Louse","floor":2,"turns":3},{"damage":34,"enemies":"Gremlin Nob","floor":7,"turns":4},{"damage":0,"enemies":"Jaw Worm","floor":10,"turns":3},{"damage":8,"enemies":"Exordium Wildlife","floor":12,"turns":5},{"damage":19,"enemies":"Blue Slaver","floor":13,"turns":6},{"damage":3,"enemies":"2 Fungi Beasts","floor":14,"turns":2},{"damage":25,"enemies":"Slime Boss","floor":16,"turns":8},{"damage":32,"enemies":"Spheric Guardian","floor":18,"turns":4},{"damage":14,"enemies":"2 Thieves","floor":20,"turns":3},{"damage":22,"enemies":"Cultist and Chosen","floor":22,"turns":5},{"damage":0,"enemies":"3 Cultists","floor":25,"turns":2},{"damage":25,"enemies":"Slaver and Parasite","floor":29,"turns":4},{"damage":14,"enemies":"Snake Plant","floor":30,"turns":2},{"damage":8,"enemies":"Sentry and Sphere","floor":31,"turns":4},{"damage":39,"enemies":"Champ","floor":33,"turns":7},{"damage":23,"enemies":"3 Shapes","floor":35,"turns":2},{"damage":25,"enemies":"Orb Walker","floor":39,"turns":3},{"damage":6,"enemies":"4 Shapes","floor":41,"turns":1},{"damage":30,"enemies":"Maw","floor":45,"turns":5},{"damage":11,"enemies":"Sphere and 2 Shapes","floor":46,"turns":3},{"damage":9,"enemies":"3 Darklings","floor":47,"turns":2},{"damage":53,"enemies":"Time Eater","floor":50,"turns":5}],"event_choices":[{"event_name":"The Cleric","player_choice":"Card Removal","floor":3,"damage_taken":0},{"event_name":"Big Fish","player_choice":"Box","floor":5,"damage_taken":0},{"event_name":"Cursed Tome","player_choice":"Obtained Book","floor":19,"damage_taken":0},{"event_name":"Winding Halls","player_choice":"Embrace Madness","floor":37,"damage_taken":0},{"event_name":"Bonfire Elementals","player_choice":"BASIC","floor":44,"damage_taken":0}],"boss_relics":[{"not_picked":["Cursed Key","Eternal Feather"],"picked":"Runic Dome"},{"not_picked":["Tiny House","Pandora\u0027s Box"],"picked":"Mark of Pain"}],"potions_floor_spawned":[7,12,25,29,31,33,35,41,47],"seed_played":"-8090915751206547638","killed_by":"Time Eater","ascension_level":4,"is_trial":false}