{"gold_per_floor":[112,112,112,129,142,142,16,16,63,77,77,92,110,42,42,42],"floor_reached":16,"playtime":706,"items_purged":[],"score":92,"play_id":"0d36a496-450f-40b5-a111-316856a46df0","local_time":"20190303153301","is_ascension_mode":false,"campfire_choices":[{"data":"Choke","floor":6,"key":"SMITH"},{"data":"Calculated Gamble","floor":8,"key":"SMITH"},{"data":"Distraction","floor":11,"key":"SMITH"},{"data":"Prepared","floor":15,"key":"SMITH"}],"neow_cost":"NONE","seed_source_timestamp":212945987885568,"circlet_count":0,"master_deck":["Defend_G","Defend_G","Defend_G","Defend_G","Defend_G","Strike_G","Strike_G","Strike_G","Survivor","Neutralize","Escape Plan","Noxious Fumes","Choke+1","Distraction+1","Dagger Throw","Calculated Gamble+1","Backstab","Quick Slash","Choke","Prepared+1","Backflip"],"relics":["Ring of the Snake","Potion Belt"],"potions_floor_usage":[16,16],"damage_taken":[{"damage":0,"enemies":"2 Louse","floor":1,"turns":3},{"damage":0,"enemies":"Small Slimes","floor":4,"turns":6},{"damage":0,"enemies":"Jaw Worm","floor":5,"turns":3},{"damage":0,"enemies":"Red Slaver","floor":10,"turns":1},{"damage":18,"enemies":"Gremlin Gang","floor":12,"turns":4},{"damage":7,"enemies":"Exordium Thugs","floor":13,"turns":4},{"damage":48,"enemies":"Hexaghost","floor":16,"turns":14}],"seed_played":"-1708984399108644353","potions_obtained":[{"floor":4,"key":"FearPotion"},{"floor":13,"key":"Fire Potion"}],"is_trial":false,"path_per_floor":["M","?","?","M","M","R","$","R","T","M","R","M","M","$","R","B"],"character_chosen":"THE_SILENT","items_purchased":["Dagger Throw","Calculated Gamble","Prepared","Backflip"],"campfire_rested":0,"item_purchase_floors":[7,7,14,14],"current_hp_per_floor":[77,70,70,70,70,70,70,70,70,70,70,52,45,45,45,0],"gold":42,"neow_bonus":"TEN_PERCENT_HP_BONUS","is_prod":false,"is_daily":false,"chose_seed":false,"campfire_upgraded":4,"win_rate":0,"timestamp":1551645181,"path_taken":["M","?","?","M","M","R","$","R","T","M","R","M","M","?","R","BOSS"],"build_version":"2019-01-23","purchased_purges":0,"victory":false,"max_hp_per_floor":[77,77,77,77,77,77,77,77,77,77,77,77,77,77,77,77],"card_choices":[{"not_picked":["Cloak And Dagger","Accuracy"],"picked":"Escape Plan","floor":1},{"not_picked":["PiercingWail","Acrobatics"],"picked":"Choke","floor":4},{"not_picked":["Acrobatics","Unload"],"picked":"Distraction","floor":5},{"not_picked":["Setup","Backflip"],"picked":"Backstab","floor":10},{"not_picked":["Poisoned Stab","Cloak And Dagger"],"picked":"Quick Slash","floor":12},{"not_picked":["Deflect","Acrobatics"],"picked":"Choke","floor":13}],"player_experience":1126319,"relics_obtained":[{"floor":9,"key":"Potion Belt"}],"event_choices":[{"cards_removed":["Strike_G"],"damage_healed":0,"gold_gain":0,"player_choice":"Card Removal","damage_taken":7,"max_hp_gain":0,"max_hp_loss":0,"event_name":"Golden Wing","floor":2,"gold_loss":0},{"damage_healed":0,"gold_gain":0,"cards_transformed":["Strike_G"],"player_choice":"Change","damage_taken":0,"max_hp_gain":0,"max_hp_loss":0,"event_name":"Living Wall","floor":3,"gold_loss":0,"cards_obtained":["Noxious Fumes"]}],"is_beta":false,"boss_relics":[],"items_purged_floors":[],"is_endless":false,"potions_floor_spawned":[4,13],"killed_by":"Hexaghost","ascension_level":0}