{"gold_per_floor":[213,111,111,129,142,172,172,183,183,183,183],"floor_reached":11,"playtime":883,"items_purged":["Defend_G"],"score":73,"play_id":"46a026ba-2f40-469a-a206-7905bdb977b9","local_time":"20190123172926","is_ascension_mode":false,"campfire_choices":[{"data":"Burst","floor":7.0,"key":"SMITH"},{"data":"Neutralize","floor":10.0,"key":"SMITH"}],"neow_cost":"NONE","seed_source_timestamp":0,"circlet_count":0,"master_deck":["Defend_G","Defend_G","Defend_G","Defend_G","Strike_G","Strike_G","Strike_G","Strike_G","Strike_G","Survivor","Neutralize+1","Terror","Dodge and Roll","Calculated Gamble","Wraith Form v2","Deflect","Prepared","Burst+1","Dodge and Roll"],"special_seed":0,"relics":["Ring of the Snake","Potion Belt","Pantograph"],"potions_floor_usage":[],"damage_taken":[{"damage":0.0,"enemies":"Small Slimes","floor":1.0,"turns":4.0},{"damage":0.0,"enemies":"Cultist","floor":4.0,"turns":4.0},{"damage":0.0,"enemies":"Jaw Worm","floor":5.0,"turns":6.0},{"damage":35.0,"enemies":"Gremlin Nob","floor":6.0,"turns":6.0},{"damage":2.0,"enemies":"Blue Slaver","floor":8.0,"turns":5.0},{"damage":15,"enemies":"Lots of Slimes","floor":11,"turns":8}],"seed_played":"3360114611288159991","potions_obtained":[{"floor":8.0,"key":"Dexterity Potion"}],"is_trial":false,"path_per_floor":["M","$","?","M","M","E","R","M","T","R","M"],"character_chosen":"THE_SILENT","items_purchased":["Dodge and Roll"],"campfire_rested":0,"item_purchase_floors":[2],"current_hp_per_floor":[70,70,70,70,70,35,35,33,33,33,18],"gold":183,"neow_bonus":"HUNDRED_GOLD","is_prod":false,"is_daily":false,"chose_seed":false,"campfire_upgraded":2,"win_rate":0,"timestamp":1548264566,"path_taken":["M","$","?","?","M","E","R","M","T","R","?"],"build_version":"2019-01-23","purchased_purges":1,"victory":false,"max_hp_per_floor":[70,70,70,70,70,70,70,70,70,70,70],"card_choices":[{"not_picked":["Sucker Punch","Setup"],"picked":"Terror","floor":1.0},{"not_picked":["Quick Slash","Slice"],"picked":"Deflect","floor":4.0},{"not_picked":["Choke","Underhanded Strike"],"picked":"Prepared","floor":5.0},{"not_picked":["Deadly Poison","Prepared"],"picked":"Burst","floor":6.0},{"not_picked":["Setup","Outmaneuver"],"picked":"Dodge and Roll","floor":8.0}],"player_experience":323867,"relics_obtained":[{"floor":6.0,"key":"Potion Belt"},{"floor":9.0,"key":"Pantograph"}],"event_choices":[{"damage_healed":0.0,"max_hp_gain":0.0,"max_hp_loss":0.0,"gold_gain":0.0,"event_name":"Match and Keep!","player_choice":"2 cards matched","floor":3.0,"gold_loss":0.0,"damage_taken":0.0,"cards_obtained":["Calculated Gamble","Wraith Form v2"]}],"is_beta":false,"boss_relics":[],"items_purged_floors":[2],"is_endless":false,"potions_floor_spawned":[8],"killed_by":"Lots of Slimes","ascension_level":0}