{"gold_per_floor":[111,125,135,51,66,66,97,110,110,135,135,135,135,146,146,242,242,262,252,267,267,71,71,19,19,19,32],"floor_reached":27,"playtime":2210,"items_purged":[],"score":259,"play_id":"bf7db8fd-4b0b-4d4e-8f3e-567d02840bee","local_time":"20190205191639","is_ascension_mode":true,"campfire_choices":[{"data":"Neutralize","floor":6,"key":"SMITH"},{"data":"Blade Dance","floor":12,"key":"SMITH"},{"data":"Neutralize","floor":15,"key":"SMITH"},{"floor":23,"key":"REST"},{"floor":25,"key":"REST"}],"neow_cost":"NONE","seed_source_timestamp":1409508776800367,"circlet_count":0,"master_deck":["Defend_G","Defend_G","Defend_G+1","Defend_G","Defend_G+1","Strike_G","Strike_G+1","Strike_G","Strike_G","Survivor","Neutralize+1","Dagger Spray+1","Dagger Throw","Backflip","Blade Dance+1","Accuracy","Accuracy","Leg Sweep","Dodge and Roll","A Thousand Cuts","Neutralize+1","Discovery","Well Laid Plans","Malaise","Dash+1","Dodge and Roll+1","Footwork","Eviscerate","Backflip","Tactician"],"relics":["Ring of the Serpent","War Paint","Potion Belt","Letter Opener","Bag of Marbles","Strange Spoon","Whetstone"],"potions_floor_usage":[7,8,16,16,20],"damage_taken":[{"damage":0,"enemies":"Jaw Worm","floor":1,"turns":5},{"damage":0,"enemies":"Small Slimes","floor":2,"turns":4},{"damage":0,"enemies":"Cultist","floor":3,"turns":4},{"damage":0,"enemies":"Lots of Slimes","floor":5,"turns":2},{"damage":17,"enemies":"3 Sentries","floor":7,"turns":9},{"damage":0,"enemies":"Looter","floor":8,"turns":4},{"damage":29,"enemies":"Lagavulin","floor":10,"turns":8},{"damage":6,"enemies":"2 Fungi Beasts","floor":14,"turns":3},{"damage":1,"enemies":"The Guardian","floor":16,"turns":10},{"damage":2,"enemies":"Chosen","floor":18,"turns":10},{"damage":20,"enemies":"2 Thieves","floor":19,"turns":4},{"damage":40,"enemies":"3 Cultists","floor":20,"turns":9},{"damage":5,"enemies":"Snecko","floor":27,"turns":7}],"seed_played":"4193313478482455250","potions_obtained":[{"floor":2,"key":"Energy Potion"},{"floor":3,"key":"Strength Potion"},{"floor":7,"key":"Swift Potion"},{"floor":8,"key":"Dexterity Potion"},{"floor":16,"key":"PowerPotion"},{"floor":20,"key":"PowerPotion"}],"is_trial":false,"path_per_floor":["M","M","M","$","M","R","E","M","T","E","?","R","?","M","R","B",null,"M","M","M","?","$","R","$","R","T","M"],"character_chosen":"THE_SILENT","items_purchased":["Blade Dance","Accuracy","Strange Spoon","Backflip"],"campfire_rested":2,"item_purchase_floors":[4,4,22,24],"current_hp_per_floor":[70,70,70,70,70,70,53,53,53,24,47,47,47,41,41,40,70,68,48,8,8,8,29,29,50,50,45],"gold":32,"neow_bonus":"RANDOM_COMMON_RELIC","is_prod":false,"is_daily":false,"chose_seed":false,"campfire_upgraded":3,"win_rate":0,"timestamp":1549394199,"path_taken":["M","M","M","$","M","R","E","M","T","E","?","R","?","M","R","BOSS","M","M","M","?","$","R","$","R","T","?"],"build_version":"2019-01-23","purchased_purges":0,"victory":false,"max_hp_per_floor":[70,70,70,70,70,70,70,70,70,70,70,70,70,70,70,70,70,70,70,70,70,70,70,70,70,70,70],"card_choices":[{"not_picked":["Masterful Stab","Poisoned Stab"],"picked":"Dagger Spray","floor":1},{"not_picked":["Predator","Choke"],"picked":"Dagger Throw","floor":2},{"not_picked":["Blade Dance","Sucker Punch"],"picked":"Backflip","floor":3},{"not_picked":["Acrobatics","Heel Hook"],"picked":"Accuracy","floor":5},{"not_picked":["Accuracy","Dagger Throw"],"picked":"Leg Sweep","floor":7},{"not_picked":["Concentrate","Calculated Gamble"],"picked":"Dodge and Roll","floor":8},{"not_picked":["Backflip","Bane"],"picked":"A Thousand Cuts","floor":10},{"not_picked":["Underhanded Strike","Deadly Poison"],"picked":"Well Laid Plans","floor":14},{"not_picked":["Burst","Envenom"],"picked":"Malaise","floor":16},{"not_picked":["Accuracy+1","Dagger Spray"],"picked":"Dash+1","floor":18},{"not_picked":["Deflect","Prepared+1"],"picked":"Dodge and Roll+1","floor":19},{"not_picked":["Backflip","Dagger Spray+1"],"picked":"Footwork","floor":20},{"not_picked":["Backflip+1","Bane"],"picked":"Tactician","floor":27}],"player_experience":444997,"relics_obtained":[{"floor":7,"key":"Potion Belt"},{"floor":9,"key":"Letter Opener"},{"floor":10,"key":"Bag of Marbles"},{"floor":26,"key":"Whetstone"}],"event_choices":[{"damage_healed":23,"gold_gain":0,"player_choice":"Banana","damage_taken":0,"max_hp_gain":0,"max_hp_loss":0,"event_name":"Big Fish","floor":11,"gold_loss":0},{"damage_healed":0,"gold_gain":0,"player_choice":"2 cards matched","damage_taken":0,"max_hp_gain":0,"max_hp_loss":0,"event_name":"Match and Keep!","floor":13,"gold_loss":0,"cards_obtained":["Neutralize","Discovery"]},{"damage_healed":0,"gold_gain":0,"cards_transformed":["Strike_G"],"player_choice":"Transformed","damage_taken":0,"max_hp_gain":0,"max_hp_loss":0,"event_name":"Transmorgrifier","floor":21,"gold_loss":0,"cards_obtained":["Eviscerate"]}],"is_beta":false,"boss_relics":[{"not_picked":["Lizard Tail","HoveringKite"],"picked":"Ring of the Serpent"}],"items_purged_floors":[],"is_endless":false,"potions_floor_spawned":[2,3,7,8,16,20],"killed_by":"Snecko","ascension_level":3}