{"path_per_floor":["M","M","?","M","M","E","R","E","T","M","?","M","R","?","R","B",null,"M","$","?","?","T","R","M","E","T","$","R","M","M","E","R","B",null,"M","?","M","M","M","E","R","E","T","R","?","M","?","M","R"],"character_chosen":"IRONCLAD","items_purchased":["Paper Frog","Twin Strike","Bottled Lightning"],"gold_per_floor":[119,130,130,147,160,186,186,211,211,231,406,424,424,424,424,523,523,537,159,159,129,156,156,173,201,283,26,26,45,57,89,89,191,191,205,205,224,238,257,288,288,314,314,314,0,10,55,71,71],"floor_reached":50,"campfire_rested":2,"playtime":3072,"current_hp_per_floor":[76,76,76,80,80,67,67,42,42,53,53,66,66,66,66,50,86,83,83,66,66,66,66,69,52,52,52,52,59,49,47,47,11,94,94,94,82,97,93,88,88,27,27,58,58,58,52,48,80],"items_purged":["Defend_R"],"gold":71,"score":527,"play_id":"6b2adc70-ff3f-44ab-86f7-ff98c7e8cfe2","is_prod":false,"is_daily":false,"is_ascension_mode":false,"campfire_upgraded":6,"path_taken":["M","?","?","M","M","E","R","E","T","M","?","M","R","?","R","BOSS","M","$","?","?","?","R","M","E","T","$","R","?","M","E","R","BOSS","M","?","M","M","M","E","R","E","T","R","?","M","?","M","R","BOSS"],"build_version":"2018-02-22-PROD2","purchased_purges":1,"victory":false,"master_deck":["Strike_R","Strike_R","Strike_R","Strike_R","Strike_R","Defend_R","Bash+1","Cleave","Perfected Strike+1","Reaper","Perfected Strike+1","Feed","Wild Strike","Wild Strike","Sever Soul","Offering+1","Pommel Strike+1","Headbutt","Seeing Red+1","Twin Strike","Twin Strike","Thunderclap","Rampage+1","Perfected Strike","Headbutt","Feed","Thunderclap+1","Headbutt+1","Clothesline+1","Infernal Blade+1","Pommel Strike","Thunderclap+1","Uppercut+1"],"max_hp_per_floor":[80,80,80,80,80,80,80,80,80,83,83,83,83,83,83,86,86,86,86,91,91,91,91,91,94,94,94,94,94,94,94,94,94,94,94,94,94,97,97,104,104,104,104,104,104,107,107,107,107],"relics":["Burning Blood","Omamori","Peace Pipe","Thread and Needle","Orrery","Paper Frog","Oddly Smooth Stone","Mummified Hand","Gremlin Horn","Bottled Lightning","Unceasing Top","Cursed Key","Strawberry","Bag of Marbles","Molten Egg 2","Red Mask","Champion Belt"],"card_choices":[{"not_picked":["Clothesline","Reckless Charge"],"picked":"Cleave"},{"not_picked":["Clothesline","Flex"],"picked":"Perfected Strike"},{"not_picked":["Clash","Warcry"],"picked":"Reaper"},{"not_picked":["Body Slam","Armaments"],"picked":"Perfected Strike"},{"not_picked":["Seeing Red","Hemokinesis"],"picked":"Feed"},{"not_picked":["Body Slam","Shockwave"],"picked":"Wild Strike"},{"not_picked":["Seeing Red","Sword Boomerang"],"picked":"Wild Strike"},{"not_picked":["Fiend Fire","Limit Break"],"picked":"Offering"},{"not_picked":["Carnage","Intimidate"],"picked":"Pommel Strike"},{"not_picked":["Intimidate","Fire Breathing"],"picked":"Headbutt"},{"not_picked":["Cleave","Intimidate"],"picked":"Seeing Red"},{"not_picked":["Intimidate","Clash"],"picked":"Twin Strike"},{"not_picked":["Pummel","Shockwave"],"picked":"Thunderclap"},{"not_picked":["Shrug It Off","Second Wind"],"picked":"Rampage"},{"not_picked":["Twin Strike","Carnage"],"picked":"Perfected Strike"},{"not_picked":["Flex","Berserk"],"picked":"Headbutt"},{"not_picked":["Brutality","Dark Embrace"],"picked":"Feed"},{"not_picked":["Sever Soul","Evolve"],"picked":"Thunderclap"},{"not_picked":["Sever Soul","Thunderclap"],"picked":"Headbutt"},{"not_picked":["Entrench","Rupture"],"picked":"Clothesline"},{"not_picked":["Spot Weakness","Heavy Blade"],"picked":"Infernal Blade"},{"not_picked":["Immolate","Cleave"],"picked":"Pommel Strike"},{"not_picked":["Shrug It Off","Dual Wield"],"picked":"Thunderclap"},{"not_picked":["Sentinel","Second Wind"],"picked":"Uppercut"}],"player_experience":37118,"potions_floor_usage":[16,16,16,31,33,33,42,50,50,50],"damage_taken":[{"damage":10,"enemies":"Cultist","floor":1,"turns":4},{"damage":6,"enemies":"Jaw Worm","floor":2,"turns":4},{"damage":0,"enemies":"Small Slimes","floor":4,"turns":2},{"damage":4,"enemies":"2 Fungi Beasts","floor":5,"turns":4},{"damage":27,"enemies":"3 Sentries","floor":6,"turns":5},{"damage":31,"enemies":"Lagavulin","floor":8,"turns":5},{"damage":2,"enemies":"Blue Slaver","floor":10,"turns":4},{"damage":1,"enemies":"Exordium Thugs","floor":12,"turns":5},{"damage":44,"enemies":"The Guardian","floor":16,"turns":8},{"damage":9,"enemies":"Shell Parasite","floor":18,"turns":3},{"damage":10,"enemies":"Chosen","floor":24,"turns":4},{"damage":26,"enemies":"Book of Stabbing","floor":25,"turns":3},{"damage":11,"enemies":"3 Cultists","floor":29,"turns":3},{"damage":24,"enemies":"Cultist and Chosen","floor":30,"turns":5},{"damage":22,"enemies":"Slavers","floor":31,"turns":3},{"damage":42,"enemies":"Champ","floor":33,"turns":8},{"damage":4,"enemies":"Orb Walker","floor":35,"turns":1},{"damage":18,"enemies":"3 Shapes","floor":37,"turns":1},{"damage":9,"enemies":"3 Darklings","floor":38,"turns":2},{"damage":10,"enemies":"Sphere and 2 Shapes","floor":39,"turns":1},{"damage":18,"enemies":"2 Orb Walkers","floor":40,"turns":3},{"damage":70,"enemies":"Giant Head","floor":42,"turns":7},{"damage":30,"enemies":"4 Shapes","floor":46,"turns":2},{"damage":12,"enemies":"Mysterious Sphere","floor":47,"turns":1},{"damage":17,"enemies":"Maw","floor":48,"turns":4},{"damage":95,"enemies":"Awakened One","floor":50,"turns":5}],"event_choices":[{"event_name":"Living Wall","player_choice":"Grow","floor":3,"damage_taken":0},{"event_name":"Liars Game","player_choice":"agreed","floor":11,"damage_taken":0},{"event_name":"Match and Keep!","player_choice":"1 cards matched","floor":14,"damage_taken":0},{"event_name":"Forgotten Altar","player_choice":"Shed Blood","floor":20,"damage_taken":0},{"event_name":"The Woman in Blue","player_choice":"Bought 2 Potions","floor":21,"damage_taken":0},{"event_name":"Tomb of Lord Red Mask","player_choice":"Paid","floor":45,"damage_taken":0},{"event_name":"Mysterious Sphere","player_choice":"Fight","floor":47,"damage_taken":0}],"boss_relics":[{"not_picked":["Black Star","White Beast Statue"],"picked":"Orrery"},{"not_picked":["Mark of Pain","Runic Dome"],"picked":"Cursed Key"}],"potions_floor_spawned":[4,6,12,18,30,37,40,46,47,48],"seed_played":"-2376483278960951249","killed_by":"Awakened One","ascension_level":0,"is_trial":false}