{"path_per_floor":["M","M","$","M","M","R","E","M","T","M","R","$","M","E","R","B",null,"M","M","$","M","M","R","M","E","T","M","$","R","?","M","R"],"character_chosen":"IRONCLAD","items_purchased":["Oddly Smooth Stone","Metallicize"],"gold_per_floor":[118,138,63,76,91,91,124,134,186,200,200,100,118,151,151,254,254,269,288,15,25,45,45,64,99,99,116,31,31,31,47,47],"floor_reached":33,"campfire_rested":1,"playtime":3943,"current_hp_per_floor":[66,70,70,70,54,54,34,37,44,45,45,45,50,56,56,31,71,77,83,83,56,52,52,56,48,48,25,25,50,50,42,42],"items_purged":["Parasite","Strike_R","Strike_R","Strike_R"],"gold":47,"play_id":"da3ad5fb-606f-4466-89e6-c280b6b45cf8","is_prod":false,"is_daily":false,"is_ascension_mode":true,"campfire_upgraded":5,"path_taken":["M","M","$","M","M","R","E","M","T","M","R","$","M","E","R","BOSS","M","M","$","?","M","R","M","E","T","M","$","R","?","M","R","BOSS"],"build_version":"2018-02-01-PROD3","purchased_purges":4,"victory":false,"master_deck":["Strike_R","Strike_R","Defend_R","Defend_R","Defend_R","Defend_R","Bash+1","Flame Barrier","True Grit+1","Spot Weakness","Iron Wave","Sword Boomerang","Inflame","Whirlwind+1","Metallicize+1","Barricade","Shrug It Off","Entrench+1","Headbutt","Shrug It Off","Metallicize","Body Slam+1"],"max_hp_per_floor":[80,80,77,77,77,77,77,77,84,84,84,84,84,84,84,84,84,84,84,84,84,84,84,84,84,84,86,86,86,86,86,86],"relics":["Burning Blood","Pen Nib","Strawberry","Mummified Hand","Runic Dome","Oddly Smooth Stone","Smiling Mask","Singing Bowl"],"card_choices":[{"not_picked":["Sword Boomerang","Heavy Blade"],"picked":"Flame Barrier"},{"not_picked":["Sword Boomerang","Second Wind"],"picked":"True Grit"},{"not_picked":["Clothesline","Flex"],"picked":"Spot Weakness"},{"not_picked":["Bludgeon","Warcry"],"picked":"Iron Wave"},{"not_picked":["Power Through","Heavy Blade"],"picked":"Sword Boomerang"},{"not_picked":["Twin Strike","Rage"],"picked":"Inflame"},{"not_picked":["Shrug It Off","Flame Barrier"],"picked":"Whirlwind"},{"not_picked":["Fire Breathing","Sword Boomerang"],"picked":"Metallicize"},{"not_picked":["Impervious","Double Tap"],"picked":"Barricade"},{"not_picked":["Burning Pact","Havoc"],"picked":"Shrug It Off"},{"not_picked":["Sword Boomerang","Demon Form"],"picked":"Entrench"},{"not_picked":["Exhume","Seeing Red"],"picked":"Headbutt"},{"not_picked":["Combust","Rampage"],"picked":"Shrug It Off"},{"not_picked":["Reckless Charge","Cleave"],"picked":"Body Slam"}],"player_experience":579159,"potions_floor_usage":[14,16,21,25,25],"damage_taken":[{"damage":12,"enemies":"Blue Slaver","floor":1,"turns":5},{"damage":2,"enemies":"2 Louse","floor":2,"turns":6},{"damage":6,"enemies":"Cultist","floor":4,"turns":4},{"damage":22,"enemies":"Exordium Wildlife","floor":5,"turns":11},{"damage":26,"enemies":"Lagavulin","floor":7,"turns":6},{"damage":3,"enemies":"Looter","floor":8,"turns":3},{"damage":5,"enemies":"Red Slaver","floor":10,"turns":5},{"damage":1,"enemies":"2 Fungi Beasts","floor":13,"turns":4},{"damage":0,"enemies":"3 Sentries","floor":14,"turns":2},{"damage":31,"enemies":"Hexaghost","floor":16,"turns":8},{"damage":0,"enemies":"Spheric Guardian","floor":18,"turns":3},{"damage":0,"enemies":"Chosen","floor":19,"turns":4},{"damage":33,"enemies":"3 Cultists","floor":21,"turns":6},{"damage":10,"enemies":"Snake Plant","floor":22,"turns":5},{"damage":2,"enemies":"Centurion and Healer","floor":24,"turns":11},{"damage":14,"enemies":"Slavers","floor":25,"turns":3},{"damage":31,"enemies":"Slaver and Parasite","floor":27,"turns":17},{"damage":14,"enemies":"Snake Plant","floor":31,"turns":5},{"damage":44,"enemies":"Automaton","floor":33,"turns":6}],"event_choices":[{"event_name":"Match and Keep!","player_choice":"0 cards matched","floor":30,"damage_taken":0}],"boss_relics":[{"not_picked":["Runic Pyramid","White Beast Statue"],"picked":"Runic Dome"}],"potions_floor_spawned":[2,8,10,13,16,21,24,31],"seed_played":"5045174544931327497","killed_by":"Automaton","ascension_level":10,"is_trial":false}