{"gold_per_floor":[119,119,139,26,26,101,133,33,33,33,33,33,110,127,127,222,272,289,56,56,56,75,75,6,6,6,20,35,35,35,49,49,153,153,170,188,143,197,197,197,197,197,250,264,264,264,278,0,0,0],"floor_reached":51,"playtime":2076,"items_purged":["Strike_B","Strike_B","Strike_B"],"score":684,"play_id":"91bd6c88-30cb-4c32-a563-63e31f95e0b0","local_time":"20190208010612","is_ascension_mode":false,"campfire_choices":[{"data":"Zap","floor":10.0,"key":"SMITH"},{"data":"Dualcast","floor":12.0,"key":"SMITH"},{"floor":15.0,"key":"REST"},{"data":"Thunder Strike","floor":25.0,"key":"SMITH"},{"data":"Loop","floor":30.0,"key":"SMITH"},{"floor":32.0,"key":"REST"},{"data":"Static Discharge","floor":40,"key":"SMITH"},{"floor":42,"key":"REST"},{"data":"Static Discharge","floor":45,"key":"SMITH"},{"floor":49,"key":"REST"}],"neow_cost":"NONE","seed_source_timestamp":0,"circlet_count":0,"master_deck":["Strike_B","Defend_B+1","Defend_B+1","Defend_B","Zap+1","Dualcast+1","Stack+1","Consume+1","Reinforced Body","Static Discharge+1","Thunder Strike+1","Hologram","Redo","Loop+1","Sunder","Steam Power","Leap","Static Discharge+1","Loop+1","Chill+1","Redo","Parasite"],"special_seed":0,"relics":["Cracked Core","Anchor","Emotion Chip","Cables","Tiny House","Torii","Oddly Smooth Stone","Busted Crown","Mango","Vajra","Sundial","Red Mask"],"potions_floor_usage":[50,50,50,50],"damage_taken":[{"damage":2.0,"enemies":"2 Louse","floor":1.0,"turns":3.0},{"damage":2.0,"enemies":"Small Slimes","floor":3.0,"turns":3.0},{"damage":15.0,"enemies":"3 Sentries","floor":7.0,"turns":6.0},{"damage":0.0,"enemies":"Cultist","floor":14.0,"turns":3.0},{"damage":20.0,"enemies":"Hexaghost","floor":16.0,"turns":7.0},{"damage":0.0,"enemies":"Chosen","floor":18.0,"turns":4.0},{"damage":7.0,"enemies":"3 Byrds","floor":22.0,"turns":3.0},{"damage":0.0,"enemies":"Slavers","floor":23.0,"turns":1.0},{"damage":9.0,"enemies":"Shelled Parasite and Fungi","floor":27.0,"turns":5.0},{"damage":18.0,"enemies":"3 Cultists","floor":28.0,"turns":3.0},{"damage":1.0,"enemies":"Chosen and Byrds","floor":31.0,"turns":4.0},{"damage":29.0,"enemies":"Collector","floor":33.0,"turns":7.0},{"damage":0.0,"enemies":"3 Shapes","floor":35.0,"turns":3.0},{"damage":1.0,"enemies":"3 Darklings","floor":36.0,"turns":5.0},{"damage":58,"enemies":"2 Orb Walkers","floor":38,"turns":5},{"damage":2,"enemies":"Writhing Mass","floor":44,"turns":4},{"damage":15,"enemies":"Transient","floor":47,"turns":5},{"damage":52,"enemies":"Donu and Deca","floor":50,"turns":12}],"seed_played":"5202681169156747544","potions_obtained":[{"floor":16.0,"key":"SkillPotion"},{"floor":17.0,"key":"SmokeBomb"},{"floor":18.0,"key":"Dexterity Potion"},{"floor":33.0,"key":"FearPotion"},{"floor":35.0,"key":"EntropicBrew"},{"floor":36,"key":"Weak Potion"},{"floor":44,"key":"EssenceOfSteel"}],"is_trial":false,"path_per_floor":["M","$","M","$","?","?","E","$","T","R","?","R","T","M","R","B",null,"M","$","?","?","M","E","$","R","T","M","M","?","R","M","R","B",null,"M","M","$","?","?","R","?","R","T","M","R","T","M","?","R","B",null],"character_chosen":"DEFECT","items_purchased":["Consume","Loop","Sunder","Static Discharge","Redo"],"campfire_rested":4,"item_purchase_floors":[4,19,19,24,37],"current_hp_per_floor":[73,73,71,71,71,60,45,45,45,45,30,30,30,30,52,32,80,80,80,80,80,73,73,73,73,73,64,46,46,46,45,69,40,80,80,79,79,35,35,35,35,63,63,61,61,61,46,46,74,22],"gold":0,"neow_bonus":"RANDOM_COMMON_RELIC","is_prod":false,"is_daily":false,"chose_seed":false,"campfire_upgraded":6,"win_rate":0,"timestamp":1549605972,"path_taken":["M","$","M","$","?","?","E","$","T","R","?","R","?","M","R","BOSS","M","$","?","?","M","E","$","R","T","?","M","?","R","M","R","BOSS","M","M","$","?","?","R","?","R","T","M","R","?","M","?","R","BOSS"],"build_version":"2019-01-23","purchased_purges":3,"victory":true,"max_hp_per_floor":[75,75,75,75,75,75,75,75,75,75,75,75,75,75,75,75,80,80,80,80,80,80,80,80,80,80,80,80,80,80,80,80,80,80,80,80,80,94,94,94,94,94,94,94,94,94,94,94,94,94],"card_choices":[{"not_picked":["Sweeping Beam","Streamline"],"picked":"Stack","floor":1.0},{"not_picked":["Melter","Cold Snap"],"picked":"Gash","floor":3.0},{"not_picked":["Reprogram","Coolheaded"],"picked":"Reinforced Body","floor":7.0},{"not_picked":["Compile Driver","Barrage"],"picked":"Static Discharge","floor":14.0},{"not_picked":["Echo Form","Fission"],"picked":"Thunder Strike","floor":16.0},{"not_picked":["Go for the Eyes","Aggregate"],"picked":"Hologram","floor":17.0},{"not_picked":["Auto Shields","Go for the Eyes"],"picked":"Redo","floor":18.0},{"not_picked":["Rebound","Reprogram"],"picked":"Leap","floor":22.0},{"not_picked":["Steam","Self Repair"],"picked":"Loop+1","floor":27.0},{"not_picked":["Rebound","Compile Driver","Rainbow"],"picked":"SKIP","floor":28.0},{"not_picked":["Sweeping Beam+1","Leap"],"picked":"Chill+1","floor":31.0},{"not_picked":["Barrage"],"picked":"SKIP","floor":35.0},{"not_picked":["Barrage"],"picked":"SKIP","floor":36},{"not_picked":["Turbo+1"],"picked":"SKIP","floor":44},{"not_picked":["Streamline+1"],"picked":"SKIP","floor":47}],"player_experience":997817,"relics_obtained":[{"floor":7.0,"key":"Emotion Chip"},{"floor":13.0,"key":"Cables"},{"floor":26.0,"key":"Torii"},{"floor":38,"key":"Mango"},{"floor":43,"key":"Vajra"},{"floor":46,"key":"Sundial"}],"event_choices":[{"damage_healed":0.0,"max_hp_gain":0.0,"max_hp_loss":0.0,"gold_gain":0.0,"event_name":"Living Wall","player_choice":"Grow","floor":5.0,"gold_loss":0.0,"damage_taken":0.0,"cards_upgraded":["Consume"]},{"damage_healed":0.0,"max_hp_gain":0.0,"max_hp_loss":0.0,"gold_gain":75.0,"event_name":"World of Goop","player_choice":"Gather Gold","floor":6.0,"gold_loss":0.0,"damage_taken":11.0},{"damage_healed":0.0,"max_hp_gain":0.0,"max_hp_loss":0.0,"gold_gain":0.0,"event_name":"Shining Light","player_choice":"Entered Light","floor":11.0,"gold_loss":0.0,"damage_taken":15.0,"cards_upgraded":["Stack","Defend_B"]},{"damage_healed":0.0,"max_hp_gain":0.0,"max_hp_loss":0.0,"gold_gain":0.0,"event_name":"Ghosts","player_choice":"Ignored","floor":20.0,"gold_loss":0.0,"damage_taken":0.0},{"damage_healed":0.0,"max_hp_gain":0.0,"max_hp_loss":0.0,"gold_gain":0.0,"cards_transformed":["Defend_B"],"event_name":"Transmorgrifier","player_choice":"Transformed","floor":21.0,"gold_loss":0.0,"damage_taken":0.0,"cards_obtained":["Steam Power"]},{"damage_healed":0.0,"max_hp_gain":0.0,"max_hp_loss":0.0,"gold_gain":0.0,"event_name":"The Mausoleum","player_choice":"Opened","floor":29.0,"gold_loss":0.0,"damage_taken":0.0,"relics_obtained":["Oddly Smooth Stone"]},{"damage_healed":0,"gold_gain":0,"player_choice":"Fight","damage_taken":0,"max_hp_gain":0,"max_hp_loss":0,"event_name":"Mysterious Sphere","floor":38,"gold_loss":0},{"damage_healed":0,"gold_gain":0,"player_choice":"Ignored","damage_taken":0,"max_hp_gain":0,"max_hp_loss":0,"event_name":"The Moai Head","floor":39,"gold_loss":0},{"cards_removed":["Gash"],"damage_healed":0,"gold_gain":0,"player_choice":"Removed Attack","damage_taken":0,"max_hp_gain":0,"max_hp_loss":0,"event_name":"Falling","floor":41,"gold_loss":0},{"damage_healed":0,"gold_gain":0,"player_choice":"Paid","damage_taken":0,"relics_obtained":["Red Mask"],"max_hp_gain":0,"max_hp_loss":0,"event_name":"Tomb of Lord Red Mask","floor":48,"gold_loss":278}],"is_beta":false,"boss_relics":[{"not_picked":["Velvet Choker","Coffee Dripper"],"picked":"Tiny House"},{"not_picked":["Runic Pyramid","Snecko Eye"],"picked":"Busted Crown"}],"items_purged_floors":[4,8,19],"is_endless":false,"potions_floor_spawned":[16,18,22,33,35,36,44],"ascension_level":0}