{"gold_per_floor":[113,113,188,188,201,232,232,275,275,334,368,368,333,358,358,457,457,481,167,167,186,311,311,311,352,352,352,372,372,395,435,435,533,533,551,884,884,204,204,235,235,265,288,288,308,324,336,346,346,346],"floor_reached":51,"playtime":4339,"items_purged":[],"score":1277,"play_id":"cd882986-c620-4756-9802-432da9c96cc0","local_time":"20190114205124","is_ascension_mode":true,"campfire_choices":[{"floor":7.0,"key":"REST"},{"floor":12.0,"key":"REST"},{"data":"Doppelganger","floor":15.0,"key":"SMITH"},{"floor":23.0,"key":"REST"},{"data":"1","floor":27.0,"key":"LIFT"},{"floor":29.0,"key":"REST"},{"floor":32.0,"key":"REST"},{"data":"2","floor":41.0,"key":"LIFT"},{"floor":44.0,"key":"REST"},{"floor":49,"key":"REST"}],"neow_cost":"NONE","seed_source_timestamp":0,"circlet_count":0,"master_deck":["AscendersBane","Survivor","Neutralize","Doppelganger+1","Deadly Poison","Finisher","Crippling Poison","Footwork","Endless Agony","Footwork","Backflip","Blur","Dash","Footwork","Neutralize","Slice","Heel Hook","Predator","Dash","Escape Plan","After Image","Acrobatics","Backstab+1","Leg Sweep","Tools of the Trade","Quick Slash","Corpse Explosion","Acrobatics+1","Bandage Up","Noxious Fumes"],"special_seed":0,"relics":["Pandora\u0027s Box","StoneCalendar","Question Card","Bottled Tornado","Ornamental Fan","HoveringKite","Girya","Tingsha","Mummified Hand","Blue Candle","Mercury Hourglass","Singing Bowl","Velvet Choker","Regal Pillow","Dodecahedron","Medical Kit","The Courier","Orichalcum","Juzu Bracelet"],"potions_floor_usage":[47,50],"damage_taken":[{"damage":7.0,"enemies":"Small Slimes","floor":1.0,"turns":4.0},{"damage":0.0,"enemies":"Cultist","floor":5.0,"turns":5.0},{"damage":18.0,"enemies":"Gremlin Nob","floor":6.0,"turns":5.0},{"damage":4.0,"enemies":"3 Sentries","floor":8.0,"turns":7.0},{"damage":1.0,"enemies":"Gremlin Nob","floor":11.0,"turns":5.0},{"damage":0.0,"enemies":"2 Louse","floor":14.0,"turns":2.0},{"damage":10.0,"enemies":"Hexaghost","floor":16.0,"turns":9.0},{"damage":0.0,"enemies":"3 Byrds","floor":18.0,"turns":6.0},{"damage":2.0,"enemies":"Shell Parasite","floor":21.0,"turns":6.0},{"damage":10.0,"enemies":"Colosseum Slavers","floor":22.0,"turns":7.0},{"damage":25.0,"enemies":"Colosseum Nobs","floor":22.0,"turns":7.0},{"damage":15.0,"enemies":"Book of Stabbing","floor":25.0,"turns":6.0},{"damage":17.0,"enemies":"Centurion and Healer","floor":28.0,"turns":5.0},{"damage":16.0,"enemies":"3 Cultists","floor":30.0,"turns":4.0},{"damage":0.0,"enemies":"Gremlin Leader","floor":31.0,"turns":7.0},{"damage":27.0,"enemies":"Collector","floor":33.0,"turns":10.0},{"damage":7.0,"enemies":"3 Shapes","floor":35.0,"turns":4.0},{"damage":18.0,"enemies":"Nemesis","floor":40.0,"turns":7.0},{"damage":12.0,"enemies":"Reptomancer","floor":42.0,"turns":7.0},{"damage":44.0,"enemies":"3 Darklings","floor":45.0,"turns":5.0},{"damage":6.0,"enemies":"Jaw Worm Horde","floor":46.0,"turns":2.0},{"damage":12,"enemies":"Sphere and 2 Shapes","floor":47,"turns":4},{"damage":13,"enemies":"Transient","floor":48,"turns":5},{"damage":46,"enemies":"Donu and Deca","floor":50,"turns":8}],"seed_played":"-2790507927819322598","potions_obtained":[{"floor":5.0,"key":"Block Potion"},{"floor":14.0,"key":"Explosive Potion"},{"floor":21.0,"key":"SteroidPotion"},{"floor":25.0,"key":"LiquidBronze"},{"floor":31.0,"key":"Poison Potion"},{"floor":35.0,"key":"EssenceOfSteel"},{"floor":45.0,"key":"Poison Potion"},{"floor":46,"key":"SkillPotion"}],"is_trial":false,"path_per_floor":["M","?","?","?","M","E","R","E","T","?","E","R","?","M","R","B",null,"M","$","?","M","?","R","?","E","T","R","M","R","M","E","R","B",null,"M","?","?","$","?","E","R","E","T","R","M","M","M","M","R","B",null],"character_chosen":"THE_SILENT","items_purchased":["Girya","Regal Pillow","Bandage Up","Dodecahedron","Medical Kit"],"campfire_rested":7,"item_purchase_floors":[19,38,38,38,38],"current_hp_per_floor":[56,39,28,28,28,10,31,27,27,27,26,47,64,64,64,54,66,66,66,66,64,29,50,70,55,55,55,38,59,43,45,66,39,64,57,57,57,57,57,45,45,33,33,70,28,24,14,7,46,4],"gold":346,"neow_bonus":"BOSS_RELIC","is_prod":false,"is_daily":false,"chose_seed":false,"campfire_upgraded":1,"win_rate":0,"timestamp":1547491884,"path_taken":["M","?","?","?","?","E","R","E","T","?","E","R","?","M","R","BOSS","M","$","?","M","?","R","?","E","T","R","M","R","M","E","R","BOSS","M","?","?","$","?","E","R","E","T","R","M","M","M","M","R","BOSS"],"build_version":"2019-01-10","purchased_purges":0,"victory":true,"max_hp_per_floor":[70,70,70,70,70,70,70,70,70,70,70,70,70,70,70,70,70,70,70,70,70,70,70,70,70,70,70,70,70,70,72,72,72,72,72,72,72,72,72,74,74,74,74,74,76,78,80,82,82,82],"card_choices":[{"not_picked":["Poisoned Stab","Dodge and Roll"],"picked":"Footwork","floor":1.0},{"not_picked":["Underhanded Strike","Masterful Stab"],"picked":"Slice","floor":5.0},{"not_picked":["Deflect","Reflex"],"picked":"Heel Hook","floor":6.0},{"not_picked":["Endless Agony","All Out Attack"],"picked":"Predator","floor":8.0},{"not_picked":["Accuracy","Infinite Blades","Dodge and Roll"],"picked":"Dash","floor":11.0},{"not_picked":["Masterful Stab","Prepared","Bouncing Flask"],"picked":"Escape Plan","floor":14.0},{"not_picked":["Burst","Wraith Form v2","A Thousand Cuts"],"picked":"After Image","floor":16.0},{"not_picked":["PiercingWail","Dagger Spray+1","Bane"],"picked":"Acrobatics","floor":18.0},{"not_picked":["Backflip","Dagger Spray","Sucker Punch"],"picked":"Backstab+1","floor":21.0},{"not_picked":["Dagger Spray","Dodge and Roll+1","Poisoned Stab+1"],"picked":"Leg Sweep","floor":22.0},{"not_picked":["Sucker Punch","Quick Slash+1","Eviscerate"],"picked":"Tools of the Trade","floor":25.0},{"not_picked":["Dodge and Roll","Sucker Punch","Leg Sweep","Dagger Throw"],"picked":"SKIP","floor":28.0},{"not_picked":["Flying Knee","Infinite Blades","Backstab"],"picked":"Quick Slash","floor":30.0},{"not_picked":["Bane","Die Die Die","Deadly Poison","Acrobatics"],"picked":"Singing Bowl","floor":31.0},{"not_picked":["Malaise","Venomology","Unload"],"picked":"Corpse Explosion","floor":33.0},{"not_picked":["Dash+1","Finisher","Blur"],"picked":"Acrobatics+1","floor":35.0},{"not_picked":["Backstab","Concentrate+1","Acrobatics","Tactician+1"],"picked":"Singing Bowl","floor":40.0},{"not_picked":["Envenom","PiercingWail","Dagger Spray"],"picked":"Noxious Fumes","floor":42.0},{"not_picked":["Predator+1","Dagger Spray+1","Acrobatics","Backstab+1"],"picked":"Singing Bowl","floor":45.0},{"not_picked":["Cloak And Dagger+1","Catalyst","Infinite Blades","Backflip"],"picked":"Singing Bowl","floor":46},{"not_picked":["Sucker Punch","Choke","Noxious Fumes+1","Malaise"],"picked":"Singing Bowl","floor":47},{"not_picked":["Eviscerate","Blade Dance","Poisoned Stab+1","Acrobatics"],"picked":"Singing Bowl","floor":48}],"player_experience":278142,"relics_obtained":[{"floor":6.0,"key":"StoneCalendar"},{"floor":8.0,"key":"Question Card"},{"floor":9.0,"key":"Bottled Tornado"},{"floor":11.0,"key":"Ornamental Fan"},{"floor":22.0,"key":"Tingsha"},{"floor":22.0,"key":"Mummified Hand"},{"floor":25.0,"key":"Blue Candle"},{"floor":26.0,"key":"Mercury Hourglass"},{"floor":31.0,"key":"Singing Bowl"},{"floor":40.0,"key":"The Courier"},{"floor":42.0,"key":"Orichalcum"},{"floor":43.0,"key":"Juzu Bracelet"}],"event_choices":[{"damage_healed":0.0,"max_hp_gain":0.0,"max_hp_loss":0.0,"gold_gain":0.0,"event_name":"Golden Idol","player_choice":"Take Damage","floor":2.0,"gold_loss":0.0,"damage_taken":17.0,"relics_obtained":["Golden Idol"]},{"damage_healed":0.0,"max_hp_gain":0.0,"max_hp_loss":0.0,"gold_gain":75.0,"event_name":"World of Goop","player_choice":"Gather Gold","floor":3.0,"gold_loss":0.0,"damage_taken":11.0},{"damage_healed":0.0,"max_hp_gain":0.0,"max_hp_loss":0.0,"gold_gain":0.0,"event_name":"Match and Keep!","player_choice":"2 cards matched","floor":4.0,"gold_loss":0.0,"damage_taken":0.0,"cards_obtained":["Neutralize","Panacea"]},{"damage_healed":0.0,"max_hp_gain":0.0,"max_hp_loss":0.0,"gold_gain":59.0,"event_name":"Golden Wing","player_choice":"Gained Gold","floor":10.0,"gold_loss":0.0,"damage_taken":0.0},{"damage_healed":17.0,"max_hp_gain":0.0,"max_hp_loss":0.0,"gold_gain":0.0,"event_name":"The Cleric","player_choice":"Healed","floor":13.0,"gold_loss":35.0,"damage_taken":0.0},{"damage_healed":0.0,"max_hp_gain":0.0,"max_hp_loss":0.0,"gold_gain":0.0,"event_name":"Ghosts","player_choice":"Ignored","floor":20.0,"gold_loss":0.0,"damage_taken":0.0},{"damage_healed":0.0,"max_hp_gain":0.0,"max_hp_loss":0.0,"gold_gain":0.0,"event_name":"Colosseum","player_choice":"Fight","floor":22.0,"gold_loss":0.0,"damage_taken":0.0},{"damage_healed":0.0,"max_hp_gain":0.0,"max_hp_loss":0.0,"gold_gain":0.0,"event_name":"Colosseum","player_choice":"Fought Nobs","floor":22.0,"gold_loss":0.0,"damage_taken":0.0},{"damage_healed":23.0,"max_hp_gain":0.0,"max_hp_loss":0.0,"gold_gain":0.0,"event_name":"The Library","player_choice":"Heal","floor":24.0,"gold_loss":0.0,"damage_taken":0.0},{"damage_healed":0.0,"max_hp_gain":0.0,"max_hp_loss":0.0,"gold_gain":333.0,"event_name":"The Moai Head","player_choice":"Gave Idol","floor":36.0,"relics_lost":["Golden Idol"],"gold_loss":0.0,"damage_taken":0.0},{"damage_healed":0.0,"max_hp_gain":0.0,"max_hp_loss":0.0,"gold_gain":0.0,"event_name":"Mysterious Sphere","player_choice":"Ignored","floor":37.0,"gold_loss":0.0,"damage_taken":0.0},{"cards_removed":["Panacea"],"damage_healed":0.0,"max_hp_gain":0.0,"max_hp_loss":0.0,"gold_gain":0.0,"event_name":"Falling","player_choice":"Removed Skill","floor":39.0,"gold_loss":0.0,"damage_taken":0.0}],"is_beta":false,"boss_relics":[{"not_picked":["Coffee Dripper","Astrolabe"],"picked":"HoveringKite"},{"not_picked":["Runic Dome","Lizard Tail"],"picked":"Velvet Choker"}],"items_purged_floors":[],"is_endless":false,"potions_floor_spawned":[5,14,16,18,21,22,25,31,35,45,46],"ascension_level":13}