{"gold_per_floor":[111,124,124,124,142,142,182,182,182,182],"floor_reached":10,"playtime":728,"items_purged":[],"score":106,"play_id":"d7817c87-0286-4461-8d0c-5c74cce19461","local_time":"20190218104524","is_ascension_mode":true,"campfire_choices":[{"data":"Neutralize","floor":6,"key":"SMITH"},{"floor":8,"key":"REST"}],"neow_cost":"PERCENT_DAMAGE","seed_source_timestamp":348894887967900,"circlet_count":0,"master_deck":["AscendersBane","Defend_G","Defend_G","Defend_G","Defend_G","Defend_G","Strike_G","Strike_G","Strike_G","Strike_G","Strike_G","Survivor","Neutralize+1","Backstab","Dodge and Roll","Dagger Spray"],"relics":["Ring of the Snake","Golden Idol","Bird Faced Urn","Peace Pipe"],"potions_floor_usage":[7,10],"damage_taken":[{"damage":4,"enemies":"Jaw Worm","floor":1,"turns":5},{"damage":0,"enemies":"2 Louse","floor":2,"turns":3},{"damage":2,"enemies":"Small Slimes","floor":5,"turns":3},{"damage":39,"enemies":"Lagavulin","floor":7,"turns":9},{"damage":59,"enemies":"3 Sentries","floor":10,"turns":14}],"seed_played":"-2856806299192482647","potions_obtained":[{"floor":2,"key":"Regen Potion"},{"floor":5,"key":"SteroidPotion"}],"is_trial":false,"path_per_floor":["M","M","?","?","M","R","E","R","T","E"],"character_chosen":"THE_SILENT","items_purchased":[],"campfire_rested":1,"item_purchase_floors":[],"current_hp_per_floor":[55,55,55,55,53,53,14,37,37,0],"gold":182,"neow_bonus":"TWENTY_PERCENT_HP_BONUS","is_prod":false,"is_daily":false,"chose_seed":false,"campfire_upgraded":1,"win_rate":0,"timestamp":1550504724,"path_taken":["M","M","?","?","M","R","E","R","T","E"],"build_version":"2019-01-23","purchased_purges":0,"victory":false,"max_hp_per_floor":[84,84,78,78,78,78,78,78,78,78],"card_choices":[{"not_picked":["Outmaneuver","Blade Dance","Flying Knee"],"picked":"SKIP","floor":1},{"not_picked":["Calculated Gamble","Backflip"],"picked":"Backstab","floor":2},{"not_picked":["Eviscerate","Prepared"],"picked":"Dodge and Roll","floor":5},{"not_picked":["Heel Hook","Dodge and Roll"],"picked":"Dagger Spray","floor":7}],"player_experience":1224464,"relics_obtained":[{"floor":7,"key":"Bird Faced Urn"},{"floor":9,"key":"Peace Pipe"}],"event_choices":[{"damage_healed":0,"gold_gain":0,"player_choice":"Lose Max HP","damage_taken":0,"relics_obtained":["Golden Idol"],"max_hp_gain":0,"max_hp_loss":6,"event_name":"Golden Idol","floor":3,"gold_loss":0},{"damage_healed":0,"gold_gain":0,"player_choice":"Ignored","damage_taken":0,"max_hp_gain":0,"max_hp_loss":0,"event_name":"Shining Light","floor":4,"gold_loss":0}],"is_beta":false,"boss_relics":[],"items_purged_floors":[],"is_endless":false,"potions_floor_spawned":[2,5],"killed_by":"3 Sentries","ascension_level":12}