{"gold_per_floor":[109,127,202,202,218,218,218,243,243,277,427,7,7,21,21,21],"floor_reached":16,"playtime":554,"items_purged":["Strike_R"],"score":200,"play_id":"f66618aa-f6ec-4abb-ba4a-d857bf093e66","local_time":"20190228202548","is_ascension_mode":true,"campfire_choices":[{"data":"Bash","floor":7,"key":"SMITH"},{"data":"Demon Form","floor":13,"key":"SMITH"},{"data":"Rampage","floor":15,"key":"SMITH"}],"neow_cost":"NONE","seed_source_timestamp":88122656427791,"circlet_count":0,"master_deck":["AscendersBane","Strike_R","Strike_R+1","Strike_R+1","Defend_R","Defend_R","Defend_R","Defend_R","Bash+1","Sword Boomerang","Ghostly Armor","Rampage+1","Demon Form+1","Thunderclap","Doubt","Whirlwind"],"relics":["Burning Blood","NeowsBlessing","Mummified Hand","Blue Candle","Meat on the Bone","Membership Card","Ice Cream"],"potions_floor_usage":[8,10,10,16],"damage_taken":[{"damage":0,"enemies":"Cultist","floor":1,"turns":1},{"damage":0,"enemies":"Small Slimes","floor":2,"turns":1},{"damage":0,"enemies":"Jaw Worm","floor":5,"turns":1},{"damage":25,"enemies":"3 Sentries","floor":8,"turns":9},{"damage":16,"enemies":"Gremlin Nob","floor":10,"turns":3},{"damage":8,"enemies":"Looter","floor":14,"turns":4},{"damage":35,"enemies":"The Guardian","floor":16,"turns":6}],"seed_played":"2325280776111611566","potions_obtained":[{"floor":2,"key":"BloodPotion"},{"floor":5,"key":"PowerPotion"},{"floor":8,"key":"AttackPotion"},{"floor":10,"key":"SpeedPotion"}],"is_trial":false,"path_per_floor":["M","M","?","?","M","?","R","E","T","E","?","$","R","M","R","B"],"character_chosen":"IRONCLAD","items_purchased":["Membership Card","Ice Cream"],"campfire_rested":0,"item_purchase_floors":[12,12],"current_hp_per_floor":[74,75,64,41,47,47,47,28,28,25,25,25,25,35,35,0],"gold":21,"neow_bonus":"THREE_ENEMY_KILL","is_prod":false,"is_daily":false,"chose_seed":false,"campfire_upgraded":3,"win_rate":0,"timestamp":1551353148,"path_taken":["M","?","?","?","?","?","R","E","T","E","?","$","R","M","R","BOSS"],"build_version":"2019-01-23","purchased_purges":1,"victory":false,"max_hp_per_floor":[75,75,75,75,75,75,75,75,75,75,75,75,75,75,75,75],"card_choices":[{"not_picked":["Wild Strike","Seeing Red"],"picked":"Sword Boomerang","floor":1},{"not_picked":["Blood for Blood","Spot Weakness"],"picked":"Ghostly Armor","floor":2},{"not_picked":["Evolve","Pommel Strike"],"picked":"Rampage","floor":5},{"not_picked":["Anger","Battle Trance"],"picked":"Demon Form","floor":8},{"not_picked":["Anger","Rage"],"picked":"Thunderclap","floor":10},{"not_picked":["Headbutt","Anger"],"picked":"Whirlwind","floor":14}],"player_experience":949669,"relics_obtained":[{"floor":8,"key":"Mummified Hand"},{"floor":9,"key":"Blue Candle"},{"floor":10,"key":"Meat on the Bone"}],"event_choices":[{"damage_healed":0,"gold_gain":75,"player_choice":"Gather Gold","damage_taken":11,"max_hp_gain":0,"max_hp_loss":0,"event_name":"World of Goop","floor":3,"gold_loss":0},{"damage_healed":0,"gold_gain":0,"player_choice":"Entered Light","damage_taken":23,"max_hp_gain":0,"max_hp_loss":0,"event_name":"Shining Light","floor":4,"gold_loss":0,"cards_upgraded":["Strike_R","Strike_R"]},{"cards_removed":["Strike_R"],"damage_healed":0,"gold_gain":0,"player_choice":"Forget","damage_taken":0,"max_hp_gain":0,"max_hp_loss":0,"event_name":"Living Wall","floor":6,"gold_loss":0},{"damage_healed":0,"gold_gain":150,"player_choice":"AGREE","damage_taken":0,"max_hp_gain":0,"max_hp_loss":0,"event_name":"Liars Game","floor":11,"gold_loss":0,"cards_obtained":["Doubt"]}],"is_beta":false,"boss_relics":[],"items_purged_floors":[12],"is_endless":false,"potions_floor_spawned":[2,5,8,10],"killed_by":"The Guardian","ascension_level":17}