{"gold_per_floor":[118,118,129,144,159,159,159,169,169,189,203,222,222,147,147,248,248,267,96,111,60,60,86,117,129,141,78,100,112,141,153,165,281,293,322,349,105,105,25,25,35,35,60,79,27,47,67,19,19,19],"floor_reached":51,"playtime":2555,"items_purged":["Strike_R","Strike_R"],"score":738,"play_id":"f1a7e777-ae17-4cd3-9679-deeb9c67b4c2","local_time":"20190109010833","is_ascension_mode":false,"campfire_choices":[{"data":"Body Slam","floor":6,"key":"SMITH"},{"data":"Shrug It Off","floor":13,"key":"SMITH"},{"data":"Shrug It Off","floor":15,"key":"SMITH"},{"data":"Body Slam","floor":25,"key":"SMITH"},{"data":"Body Slam","floor":29,"key":"SMITH"},{"floor":32,"key":"REST"},{"data":"Juggernaut","floor":40,"key":"SMITH"},{"data":"Metallicize","floor":42,"key":"SMITH"},{"data":"Barricade","floor":49,"key":"SMITH"}],"neow_cost":"NONE","seed_source_timestamp":1627957386016925,"circlet_count":0,"master_deck":["Defend_R","Defend_R","Defend_R","Defend_R","Bash","Shrug It Off+1","Burning Pact","Body Slam+1","Shrug It Off+1","Metallicize","Barricade+1","Body Slam+1","Body Slam+1","Shrug It Off","Juggernaut+1","Armaments+1","Metallicize+1","Shrug It Off+1","Body Slam"],"relics":["Burning Blood","Sundial","White Beast Statue","Oddly Smooth Stone","MawBank","Self Forming Clay","Runic Dome","Art of War","Regal Pillow"],"potions_floor_usage":[16,23,41,50,50,50],"damage_taken":[{"damage":0,"enemies":"Small Slimes","floor":1,"turns":3},{"damage":6,"enemies":"Cultist","floor":3,"turns":3},{"damage":3,"enemies":"Jaw Worm","floor":4,"turns":4},{"damage":2,"enemies":"3 Louse","floor":5,"turns":4},{"damage":2,"enemies":"Blue Slaver","floor":8,"turns":4},{"damage":12,"enemies":"Looter","floor":10,"turns":4},{"damage":10,"enemies":"Exordium Thugs","floor":11,"turns":6},{"damage":10,"enemies":"Lots of Slimes","floor":12,"turns":7},{"damage":44,"enemies":"Slime Boss","floor":16,"turns":13},{"damage":0,"enemies":"Chosen","floor":18,"turns":7},{"damage":1,"enemies":"Spheric Guardian","floor":20,"turns":7},{"damage":33,"enemies":"Book of Stabbing","floor":23,"turns":7},{"damage":3,"enemies":"Chosen and Byrds","floor":24,"turns":7},{"damage":9,"enemies":"Shelled Parasite and Fungi","floor":28,"turns":6},{"damage":0,"enemies":"Snecko","floor":30,"turns":4},{"damage":11,"enemies":"Automaton","floor":33,"turns":6},{"damage":9,"enemies":"3 Darklings","floor":35,"turns":5},{"damage":2,"enemies":"3 Shapes","floor":36,"turns":6},{"damage":0,"enemies":"Transient","floor":41,"turns":5},{"damage":11,"enemies":"Jaw Worm Horde","floor":44,"turns":5},{"damage":1,"enemies":"Sphere and 2 Shapes","floor":46,"turns":5},{"damage":6,"enemies":"Writhing Mass","floor":47,"turns":5},{"damage":12,"enemies":"Awakened One","floor":50,"turns":8}],"seed_played":"-1746649755024233806","potions_obtained":[{"floor":1,"key":"FearPotion"},{"floor":5,"key":"Ancient Potion"},{"floor":10,"key":"Explosive Potion"},{"floor":18,"key":"Explosive Potion"},{"floor":20,"key":"PowerPotion"},{"floor":23,"key":"EntropicBrew"},{"floor":24,"key":"Block Potion"},{"floor":41,"key":"Energy Potion"},{"floor":46,"key":"Dexterity Potion"},{"floor":47,"key":"PowerPotion"}],"is_trial":false,"path_per_floor":["M","?","M","M","M","R","?","M","T","M","M","M","R","$","R","B",null,"M","$","M","$","?","E","M","R","T","?","M","R","M","?","R","B",null,"M","M","$","?","$","R","M","R","T","M","$","M","M","$","R","B",null],"character_chosen":"IRONCLAD","items_purchased":["Body Slam","Oddly Smooth Stone","Body Slam","Art of War","Metallicize","Body Slam","Dexterity Potion"],"campfire_rested":1,"item_purchase_floors":[19,19,21,37,39,45,48],"current_hp_per_floor":[80,80,80,80,80,80,80,80,80,74,70,66,66,66,66,28,80,80,80,80,80,80,53,56,56,56,56,53,53,59,44,69,64,85,82,85,85,85,85,85,85,85,85,80,80,85,85,85,85,79],"gold":19,"neow_bonus":"REMOVE_CARD","is_prod":false,"is_daily":false,"chose_seed":false,"campfire_upgraded":8,"win_rate":0,"timestamp":1547014113,"path_taken":["M","?","M","M","?","R","?","M","T","M","M","?","R","$","R","BOSS","M","$","M","$","?","E","M","R","T","?","M","R","M","?","R","BOSS","M","M","$","?","?","R","M","R","T","?","?","M","M","$","R","BOSS"],"build_version":"2019-01-03v4","purchased_purges":2,"victory":true,"max_hp_per_floor":[80,80,80,80,80,80,80,80,80,80,80,80,80,80,80,80,80,80,80,80,80,80,80,80,80,80,80,80,80,80,85,85,85,85,85,85,85,85,85,85,85,85,85,85,85,85,85,85,85,85],"card_choices":[{"not_picked":["Feel No Pain","Warcry"],"picked":"Shrug It Off","floor":1},{"not_picked":["True Grit","Clash"],"picked":"Burning Pact","floor":3},{"not_picked":["Burning Pact","Wild Strike","Combust"],"picked":"SKIP","floor":4},{"not_picked":["Wild Strike","Ghostly Armor"],"picked":"Body Slam","floor":5},{"not_picked":["Clash","Combust"],"picked":"Shrug It Off","floor":8},{"not_picked":["Clothesline","Twin Strike"],"picked":"Metallicize","floor":10},{"not_picked":["Burning Pact","Clothesline","Headbutt"],"picked":"SKIP","floor":11},{"not_picked":["Anger","Inflame","Havoc"],"picked":"SKIP","floor":12},{"not_picked":["Exhume","Dark Embrace"],"picked":"Barricade","floor":16},{"not_picked":["Twin Strike","Bloodletting","Dropkick"],"picked":"SKIP","floor":18},{"not_picked":["Bloodletting","Headbutt","Perfected Strike"],"picked":"SKIP","floor":20},{"not_picked":["Combust","Inflame","Sword Boomerang"],"picked":"SKIP","floor":23},{"not_picked":["Pommel Strike+1","Thunderclap","Rupture"],"picked":"SKIP","floor":24},{"not_picked":["Headbutt+1","Pummel","Uppercut"],"picked":"SKIP","floor":28},{"not_picked":["Corruption","Cleave"],"picked":"Shrug It Off","floor":30},{"not_picked":["Exhume","Fiend Fire"],"picked":"Juggernaut","floor":33},{"not_picked":["Rupture+1","Feel No Pain","Perfected Strike"],"picked":"SKIP","floor":35},{"not_picked":["Inflame+1","Heavy Blade"],"picked":"Armaments","floor":36},{"not_picked":["Whirlwind","Thunderclap"],"picked":"Shrug It Off+1","floor":41},{"not_picked":["Armaments","Clothesline","Feel No Pain+1"],"picked":"SKIP","floor":44},{"not_picked":["Headbutt","Rupture+1","Fire Breathing"],"picked":"SKIP","floor":46},{"not_picked":["Evolve","Sword Boomerang","Pommel Strike"],"picked":"SKIP","floor":47}],"player_experience":907749,"relics_obtained":[{"floor":9,"key":"Sundial"},{"floor":23,"key":"MawBank"},{"floor":26,"key":"Self Forming Clay"},{"floor":43,"key":"Regal Pillow"}],"event_choices":[{"damage_healed":0,"gold_gain":0,"player_choice":"Ignored","damage_taken":0,"max_hp_gain":0,"max_hp_loss":0,"event_name":"NoteForYourself","floor":2,"gold_loss":0},{"damage_healed":0,"gold_gain":0,"player_choice":"Bought 0 Potions","damage_taken":0,"max_hp_gain":0,"max_hp_loss":0,"event_name":"The Woman in Blue","floor":7,"gold_loss":0},{"cards_removed":["Strike_R"],"damage_healed":0,"gold_gain":0,"player_choice":"Elegance","damage_taken":0,"max_hp_gain":0,"max_hp_loss":0,"event_name":"Back to Basics","floor":22,"gold_loss":0},{"cards_removed":["Strike_R"],"damage_healed":0,"gold_gain":0,"player_choice":"Gave Gold","damage_taken":0,"max_hp_gain":0,"max_hp_loss":0,"event_name":"Beggar","floor":27,"gold_loss":75},{"damage_healed":0,"gold_gain":0,"player_choice":"Shed Blood","damage_taken":20,"max_hp_gain":5,"max_hp_loss":0,"event_name":"Forgotten Altar","floor":31,"gold_loss":0},{"damage_healed":0,"gold_gain":0,"player_choice":"Upgraded","damage_taken":0,"max_hp_gain":0,"max_hp_loss":0,"event_name":"Upgrade Shrine","floor":38,"gold_loss":0,"cards_upgraded":["Armaments"]}],"is_beta":false,"boss_relics":[{"not_picked":["Fusion Hammer","Black Star"],"picked":"White Beast Statue"},{"not_picked":["Runic Pyramid","Mark of Pain"],"picked":"Runic Dome"}],"items_purged_floors":[14,37],"is_endless":false,"potions_floor_spawned":[1,5,10,11,18,20,23,24,28,30,33,35,36,41,44,46,47],"ascension_level":0}