{"path_per_floor":["M","?","M","M","M","E","R","?","T","M","M","?","R","T","R"],"character_chosen":"IRONCLAD","items_purchased":[],"gold_per_floor":[111,111,123,133,145,178,178,178,224,243,255,320,320,320,320],"floor_reached":16,"campfire_rested":3,"playtime":1289,"current_hp_per_floor":[76,51,52,45,32,27,51,80,80,80,66,10,34,34,58],"items_purged":[],"gold":320,"play_id":"20425a48-a986-4d17-b14f-02ed05fc880e","is_prod":false,"is_daily":false,"campfire_rituals":0,"campfire_upgraded":0,"is_hardmode":false,"path_taken":["M","?","M","M","M","E","R","?","T","?","M","?","R","?","R","BOSS"],"build_version":"2018-01-11-PROD2","purchased_purges":0,"victory":false,"master_deck":["Strike_R","Strike_R","Strike_R","Strike_R","Strike_R","Defend_R","Defend_R","Defend_R","Defend_R","Bash","Offering","Cleave","Bloodletting","Infernal Blade","Intimidate","Evolve","Shrug It Off","Infernal Blade","Pommel Strike","Seeing Red","Shrug It Off"],"max_hp_per_floor":[80,80,80,80,80,80,80,80,80,80,80,80,80,80,80],"relics":["Burning Blood","Dream Catcher","Whetstone","Omamori","Blood Vial","Girya"],"campfire_meditates":0,"card_choices":[{"not_picked":["Wild Strike","Blood for Blood"],"picked":"Cleave"},{"not_picked":["Havoc","Juggernaut"],"picked":"Bloodletting"},{"not_picked":["Second Wind","Reckless Charge"],"picked":"Pummel"},{"not_picked":["Reckless Charge","Corruption"],"picked":"Infernal Blade"},{"not_picked":["Cleave","Second Wind"],"picked":"Intimidate"},{"not_picked":["Power Through","Whirlwind"],"picked":"Evolve"},{"not_picked":["Evolve","Sword Boomerang"],"picked":"Shrug It Off"},{"not_picked":["Flame Barrier","Bloodletting"],"picked":"Infernal Blade"},{"not_picked":["Perfected Strike","Rupture"],"picked":"Pommel Strike"},{"not_picked":["Reckless Charge","Shockwave"],"picked":"Seeing Red"},{"not_picked":["Pommel Strike","Armaments"],"picked":"Shrug It Off"}],"player_experience":35170,"potions_floor_usage":[6,6,12,16],"damage_taken":[{"damage":10,"enemies":"Small Slimes","floor":1,"turns":3},{"damage":5,"enemies":"Jaw Worm","floor":3,"turns":4},{"damage":13,"enemies":"Blue Slaver","floor":4,"turns":5},{"damage":19,"enemies":"Lots of Slimes","floor":5,"turns":2},{"damage":23,"enemies":"3 Sentries","floor":6,"turns":6},{"damage":4,"enemies":"Large Slime","floor":10,"turns":4},{"damage":20,"enemies":"Exordium Thugs","floor":11,"turns":6},{"damage":64,"enemies":"Lagavulin Event","floor":12,"turns":10},{"damage":66,"enemies":"Hexaghost","floor":16,"turns":8}],"event_choices":[{"event_name":"Scrap Ooze","player_choice":"success","floor":2,"damage_taken":25},{"event_name":"Bonfire Elementals","player_choice":"UNCOMMON","floor":8,"damage_taken":0},{"event_name":"Dead Adventurer","player_choice":"Searched \u00272\u0027 times","floor":12,"damage_taken":0}],"boss_relics":[],"potions_floor_spawned":[3,5,10,12],"seed_played":"5699869921806713391","killed_by":"Hexaghost","is_trial":false}