{"gold_per_floor":[112,123,133,83,158,158,174,174,174,174,207,225,150,150,150,255,255,275,275,294,294,305,305,305,205,229,229,104,123,154,171,171,171],"floor_reached":33,"playtime":1359,"items_purged":["Strike_R","Writhe","Defend_R"],"score":265,"play_id":"a5d83f97-efe2-4fd7-837b-719867540149","local_time":"20181106204859","is_ascension_mode":false,"campfire_choices":[{"data":"Searing Blow","floor":6,"key":"SMITH"},{"data":"Searing Blow+1","floor":8,"key":"SMITH"},{"data":"Searing Blow+2","floor":10,"key":"SMITH"},{"data":"Searing Blow+3","floor":15,"key":"SMITH"},{"data":"Searing Blow+4","floor":23,"key":"SMITH"},{"data":"Searing Blow+5","floor":27,"key":"SMITH"},{"data":"Searing Blow+6","floor":32,"key":"SMITH"}],"neow_cost":"NONE","seed_source_timestamp":958563248932281,"circlet_count":0,"master_deck":["Strike_R+1","Strike_R+1","Strike_R","Defend_R","Defend_R","Defend_R","Bash+1","Headbutt","Searing Blow+7","True Grit","Fiend Fire","Headbutt+1","Dark Embrace","Combust"],"relics":["Burning Blood","Dodecahedron","Question Card","PreservedInsect","Runic Cube","Shuriken","Vajra","Whetstone"],"potions_floor_usage":[7,16,20,31,33],"damage_taken":[{"damage":6,"enemies":"2 Louse","floor":1,"turns":3},{"damage":0,"enemies":"Small Slimes","floor":2,"turns":3},{"damage":3,"enemies":"Jaw Worm","floor":3,"turns":4},{"damage":3,"enemies":"Blue Slaver","floor":7,"turns":4},{"damage":22,"enemies":"3 Sentries","floor":11,"turns":6},{"damage":8,"enemies":"2 Fungi Beasts","floor":12,"turns":3},{"damage":26,"enemies":"Slime Boss","floor":16,"turns":12},{"damage":0,"enemies":"Chosen","floor":18,"turns":3},{"damage":0,"enemies":"3 Byrds","floor":20,"turns":4},{"damage":6,"enemies":"3 Cultists","floor":22,"turns":4},{"damage":24,"enemies":"Shelled Parasite and Fungi","floor":29,"turns":3},{"damage":21,"enemies":"Slavers","floor":30,"turns":3},{"damage":26,"enemies":"Centurion and Healer","floor":31,"turns":5},{"damage":48,"enemies":"Collector","floor":33,"turns":6}],"seed_played":"-3140694401443029879","potions_obtained":[{"floor":2,"key":"EssenceOfSteel"},{"floor":7,"key":"Block Potion"},{"floor":12,"key":"Block Potion"},{"floor":20,"key":"Dexterity Potion"},{"floor":30,"key":"Regen Potion"}],"is_trial":false,"path_per_floor":["M","M","M","?","?","R","M","R","T","R","E","M","$","?","R","B",null,"M","?","M","?","M","R","?","$","T","R","$","M","E","M","R","B"],"character_chosen":"IRONCLAD","items_purchased":[],"campfire_rested":0,"item_purchase_floors":[],"current_hp_per_floor":[80,80,80,80,69,69,72,72,72,72,56,54,54,36,36,16,80,80,80,80,80,80,80,80,80,80,80,80,62,47,41,41,0],"gold":171,"neow_bonus":"UPGRADE_CARD","is_prod":false,"is_daily":false,"chose_seed":false,"campfire_upgraded":7,"win_rate":0,"timestamp":1541504939,"path_taken":["M","M","M","?","?","R","M","R","T","R","E","M","$","?","R","BOSS","M","?","M","?","?","R","?","$","T","R","$","M","E","M","R","BOSS"],"build_version":"2018-11-01","purchased_purges":3,"victory":false,"max_hp_per_floor":[80,80,80,80,80,80,80,80,80,80,80,80,80,80,80,80,80,80,80,80,80,80,80,80,80,80,80,80,80,80,80,80,80],"card_choices":[{"not_picked":["Body Slam","Twin Strike"],"picked":"Headbutt","floor":1},{"not_picked":["Body Slam","Dual Wield","Twin Strike"],"picked":"SKIP","floor":2},{"not_picked":["Body Slam","Uppercut"],"picked":"Searing Blow","floor":3},{"not_picked":["Armaments","Searing Blow","Clash"],"picked":"SKIP","floor":7},{"not_picked":["Sword Boomerang","Heavy Blade"],"picked":"True Grit","floor":11},{"not_picked":["Corruption","Body Slam","Searing Blow","Wild Strike"],"picked":"SKIP","floor":12},{"not_picked":["Exhume","Limit Break","Impervious"],"picked":"Fiend Fire","floor":16},{"not_picked":["Wild Strike","Clothesline","Thunderclap"],"picked":"Headbutt+1","floor":18},{"not_picked":["Corruption","Metallicize","Perfected Strike"],"picked":"Dark Embrace","floor":20},{"not_picked":["Cleave","Twin Strike","Havoc","Shrug It Off"],"picked":"SKIP","floor":22},{"not_picked":["Iron Wave+1","Pommel Strike","Anger+1","Flex+1"],"picked":"SKIP","floor":29},{"not_picked":["Perfected Strike","Body Slam","Havoc","Disarm"],"picked":"SKIP","floor":30},{"not_picked":["Body Slam","Thunderclap","Clash+1"],"picked":"Combust","floor":31}],"player_experience":817324,"relics_obtained":[{"floor":9,"key":"Dodecahedron"},{"floor":11,"key":"Question Card"},{"floor":26,"key":"Vajra"},{"floor":30,"key":"Whetstone"}],"event_choices":[{"cards_removed":["Strike_R"],"damage_healed":0,"gold_gain":0,"player_choice":"Card Removal","damage_taken":0,"max_hp_gain":0,"max_hp_loss":0,"event_name":"The Cleric","floor":4,"gold_loss":50},{"damage_healed":0,"gold_gain":75,"player_choice":"Gather Gold","damage_taken":11,"max_hp_gain":0,"max_hp_loss":0,"event_name":"World of Goop","floor":5,"gold_loss":0},{"damage_healed":0,"gold_gain":0,"player_choice":"Success","damage_taken":18,"relics_obtained":["PreservedInsect"],"max_hp_gain":0,"max_hp_loss":0,"event_name":"Scrap Ooze","floor":14,"gold_loss":0},{"damage_healed":0,"gold_gain":0,"player_choice":"Ignored","damage_taken":0,"max_hp_gain":0,"max_hp_loss":0,"event_name":"Ghosts","floor":19,"gold_loss":0},{"damage_healed":0,"gold_gain":0,"player_choice":"Ignored","damage_taken":0,"max_hp_gain":0,"max_hp_loss":0,"event_name":"Vampires","floor":21,"gold_loss":0},{"damage_healed":0,"gold_gain":0,"player_choice":"Opened","damage_taken":0,"relics_obtained":["Shuriken"],"max_hp_gain":0,"max_hp_loss":0,"event_name":"The Mausoleum","floor":24,"gold_loss":0,"cards_obtained":["Writhe"]}],"is_beta":false,"boss_relics":[{"not_picked":["Lizard Tail","Runic Dome"],"picked":"Runic Cube"}],"items_purged_floors":[13,25,28],"is_endless":false,"potions_floor_spawned":[2,7,12,20,30],"killed_by":"Collector","ascension_level":0}