{"gold_per_floor":[116,41,41,109,119,119,119,119,196,215,215,242,242,253,253,354,354,374,394,404,418,333,333,333],"floor_reached":24,"playtime":842,"items_purged":["Strike_B"],"score":221,"play_id":"cfd9a745-f7bd-4580-a504-f9e249541dd4","local_time":"20190223144308","is_ascension_mode":false,"campfire_choices":[{"data":"Zap","floor":6,"key":"SMITH"},{"data":"Streamline","floor":8,"key":"SMITH"},{"data":"Dualcast","floor":11,"key":"SMITH"},{"data":"Gash","floor":13,"key":"SMITH"},{"data":"Gash","floor":15,"key":"SMITH"},{"data":"Machine Learning","floor":23,"key":"SMITH"}],"neow_cost":"NONE","seed_source_timestamp":675079742205594,"circlet_count":0,"master_deck":["Strike_B","Strike_B","Strike_B","Defend_B","Defend_B","Defend_B","Defend_B","Zap+1","Dualcast+1","Echo Form","Cold Snap","Streamline+1","Gash+1","Gash+1","Gash","Machine Learning+1","Gash","Reprogram","Scrape+1"],"relics":["Cracked Core","Kunai","Pantograph","Nuclear Battery","DataDisk"],"potions_floor_usage":[21,24,24,24],"damage_taken":[{"damage":0,"enemies":"2 Louse","floor":1,"turns":2},{"damage":1,"enemies":"Jaw Worm","floor":5,"turns":4},{"damage":0,"enemies":"Cultist","floor":10,"turns":3},{"damage":23,"enemies":"Lagavulin","floor":12,"turns":6},{"damage":16,"enemies":"Large Slime","floor":14,"turns":3},{"damage":38,"enemies":"Hexaghost","floor":16,"turns":7},{"damage":3,"enemies":"Spheric Guardian","floor":18,"turns":3},{"damage":15,"enemies":"Shell Parasite","floor":19,"turns":4},{"damage":23,"enemies":"Chosen and Byrds","floor":20,"turns":4},{"damage":34,"enemies":"Snake Plant","floor":21,"turns":4},{"damage":6,"enemies":"Gremlin Leader","floor":24,"turns":1}],"seed_played":"-5264027965515118996","potions_obtained":[{"floor":14,"key":"Regen Potion"},{"floor":16,"key":"EntropicBrew"},{"floor":19,"key":"EssenceOfSteel"}],"is_trial":false,"path_per_floor":["M","$","?","T","M","R","?","R","T","M","R","E","R","M","R","B",null,"M","M","M","M","?","R","E"],"character_chosen":"DEFECT","items_purchased":[],"campfire_rested":0,"item_purchase_floors":[],"current_hp_per_floor":[75,75,75,75,74,74,74,74,74,74,74,51,51,35,35,22,75,72,57,34,5,5,5,0],"gold":333,"neow_bonus":"ONE_RANDOM_RARE_CARD","is_prod":false,"is_daily":false,"chose_seed":false,"campfire_upgraded":6,"win_rate":0,"timestamp":1550900588,"path_taken":["M","$","?","?","M","R","?","R","T","M","R","E","R","M","R","BOSS","M","M","?","M","?","R","E"],"build_version":"2019-01-23","purchased_purges":1,"victory":false,"max_hp_per_floor":[75,75,75,75,75,75,75,75,75,75,75,75,75,75,75,75,75,75,75,75,75,75,75,75],"card_choices":[{"not_picked":["Barrage","Darkness"],"picked":"Cold Snap","floor":1},{"not_picked":["Defragment","Rebound"],"picked":"Streamline","floor":5},{"not_picked":["Chaos","Scrape"],"picked":"Gash","floor":10},{"not_picked":["Turbo","Compile Driver"],"picked":"Gash","floor":12},{"not_picked":["Conserve Battery","Cold Snap"],"picked":"Gash","floor":14},{"not_picked":["Core Surge","Thunder Strike"],"picked":"Machine Learning","floor":16},{"not_picked":["Stack","Capacitor"],"picked":"Gash","floor":18},{"not_picked":["Turbo","Hologram+1"],"picked":"Reprogram","floor":19},{"not_picked":["Heatsinks+1","Ball Lightning","Chaos"],"picked":"SKIP","floor":20},{"not_picked":["Buffer","Recycle+1"],"picked":"Scrape+1","floor":21}],"player_experience":883854,"relics_obtained":[{"floor":4,"key":"Kunai"},{"floor":9,"key":"Pantograph"}],"event_choices":[{"damage_healed":0,"gold_gain":0,"player_choice":"Leave","damage_taken":0,"max_hp_gain":0,"max_hp_loss":0,"event_name":"The Cleric","floor":3,"gold_loss":0},{"damage_healed":0,"gold_gain":0,"player_choice":"Bought 0 Potions","damage_taken":0,"max_hp_gain":0,"max_hp_loss":0,"event_name":"The Woman in Blue","floor":7,"gold_loss":0},{"damage_healed":0,"gold_gain":0,"player_choice":"Obtained Relic","damage_taken":0,"relics_obtained":["DataDisk"],"max_hp_gain":0,"max_hp_loss":0,"event_name":"Addict","floor":22,"gold_loss":85}],"is_beta":false,"boss_relics":[{"not_picked":["Tiny House","Orrery"],"picked":"Nuclear Battery"}],"items_purged_floors":[2],"is_endless":false,"potions_floor_spawned":[14,16,19],"killed_by":"Gremlin Leader","ascension_level":0}