{"gold_per_floor":[13,89,89,102,77,93,120,120,145,165,165,199,199,270,270,365,365,376,376,388,388,420,455,455,512,591,622,622,89,189,217,217,217],"floor_reached":33,"playtime":1792,"items_purged":[],"score":603,"play_id":"a16ba5e6-6b6e-475f-91f7-68a0768755e2","local_time":"20190114133852","is_ascension_mode":true,"campfire_choices":[{"data":"Backstab","floor":8.0,"key":"SMITH"},{"data":"Venomology","floor":11.0,"key":"SMITH"},{"data":"Backstab","floor":13.0,"key":"SMITH"},{"data":"Neutralize","floor":15.0,"key":"SMITH"},{"floor":24.0,"key":"REST"},{"floor":28.0,"key":"REST"},{"floor":32.0,"key":"REST"}],"neow_cost":"NO_GOLD","seed_source_timestamp":242037529706,"circlet_count":0,"master_deck":["AscendersBane","Defend_G","Defend_G","Defend_G","Defend_G","Defend_G","Strike_G","Strike_G","Strike_G","Strike_G","Survivor+1","Neutralize+1","Die Die Die","Backstab+1","Flying Knee","Dodge and Roll","Slice","Backflip","Venomology+1","Slice","Backstab+1","Corpse Explosion","Backflip","Escape Plan","Escape Plan+1","Predator","Footwork"],"special_seed":0,"relics":["Ring of the Snake","Lantern","Orichalcum","Bottled Flame","Singing Bowl","Black Star","Ninja Scroll","Red Mask","Happy Flower","Centennial Puzzle","FossilizedHelix","Tiny Chest","Sundial","Question Card","War Paint","Oddly Smooth Stone","Anchor","TheAbacus","Pocketwatch","Kunai"],"potions_floor_usage":[33],"damage_taken":[{"damage":0.0,"enemies":"2 Louse","floor":1.0,"turns":2.0},{"damage":0.0,"enemies":"Small Slimes","floor":4.0,"turns":3.0},{"damage":0.0,"enemies":"Cultist","floor":6.0,"turns":3.0},{"damage":10.0,"enemies":"3 Sentries","floor":7.0,"turns":6.0},{"damage":0.0,"enemies":"Exordium Wildlife","floor":10.0,"turns":3.0},{"damage":0.0,"enemies":"Gremlin Nob","floor":12.0,"turns":3.0},{"damage":18.0,"enemies":"Hexaghost","floor":16.0,"turns":9.0},{"damage":0.0,"enemies":"3 Byrds","floor":18.0,"turns":3.0},{"damage":0.0,"enemies":"Chosen","floor":20.0,"turns":4.0},{"damage":0.0,"enemies":"Masked Bandits","floor":22.0,"turns":4.0},{"damage":32.0,"enemies":"Gremlin Leader","floor":23.0,"turns":6.0},{"damage":23.0,"enemies":"Book of Stabbing","floor":25.0,"turns":5.0},{"damage":8.0,"enemies":"Slavers","floor":27.0,"turns":4.0},{"damage":24.0,"enemies":"Gremlin Leader","floor":31.0,"turns":5.0},{"damage":56,"enemies":"Champ","floor":33,"turns":19}],"seed_played":"6233768079001681778","potions_obtained":[{"floor":1.0,"key":"SteroidPotion"},{"floor":4.0,"key":"FearPotion"},{"floor":7.0,"key":"GhostInAJar"},{"floor":12.0,"key":"SkillPotion"},{"floor":18.0,"key":"Energy Potion"},{"floor":20.0,"key":"GhostInAJar"}],"is_trial":false,"path_per_floor":["M","?","?","M","$","M","E","R","T","M","R","E","R","T","R","B",null,"M","T","M","?","?","E","R","E","T","E","R","$","?","E","R","B"],"character_chosen":"THE_SILENT","items_purchased":["Slice","Oddly Smooth Stone","Anchor","TheAbacus","Block Potion"],"campfire_rested":3,"item_purchase_floors":[5,29,29,29,29],"current_hp_per_floor":[63,63,63,63,63,63,53,53,53,53,53,53,53,53,53,35,61,61,61,61,61,61,31,52,29,29,23,45,45,45,23,45,0],"gold":217,"neow_bonus":"THREE_RARE_CARDS","is_prod":false,"is_daily":false,"chose_seed":false,"campfire_upgraded":4,"win_rate":0,"timestamp":1547465932,"path_taken":["M","?","?","M","$","?","E","R","T","M","R","E","R","?","R","BOSS","M","?","?","?","?","E","R","E","T","E","R","$","?","E","R","BOSS"],"build_version":"2019-01-10","purchased_purges":0,"victory":false,"max_hp_per_floor":[70,70,70,70,70,70,70,70,70,70,70,70,70,70,70,70,70,70,70,70,70,70,72,72,72,72,74,74,74,74,76,76,76],"card_choices":[{"not_picked":["Bullet Time","Glass Knife"],"picked":"Die Die Die","floor":0.0},{"not_picked":["Tactician","Backflip"],"picked":"Backstab","floor":1.0},{"not_picked":["Deadly Poison","Poisoned Stab"],"picked":"Dodge and Roll","floor":4.0},{"not_picked":["Caltrops","Eviscerate"],"picked":"Backflip","floor":6.0},{"not_picked":["Bouncing Flask","Accuracy"],"picked":"Venomology","floor":7.0},{"not_picked":["Setup","Dagger Spray"],"picked":"Slice","floor":10.0},{"not_picked":["Flying Knee","Backstab","Phantasmal Killer"],"picked":"SKIP","floor":12.0},{"not_picked":["Flying Knee","Phantasmal Killer"],"picked":"Backstab","floor":12.0},{"not_picked":["Wraith Form v2","Grand Finale"],"picked":"Corpse Explosion","floor":16.0},{"not_picked":["PiercingWail","Outmaneuver"],"picked":"Backflip","floor":18.0},{"not_picked":["Setup","Masterful Stab+1"],"picked":"Escape Plan","floor":20.0},{"not_picked":["Flying Knee","Leg Sweep"],"picked":"Predator","floor":22.0},{"not_picked":["Backflip","Bane","Poisoned Stab"],"picked":"Singing Bowl","floor":23.0},{"not_picked":["Quick Slash","Concentrate"],"picked":"Footwork","floor":25.0},{"not_picked":["Deadly Poison","All Out Attack","PiercingWail"],"picked":"Singing Bowl","floor":27.0},{"not_picked":["Blade Dance","All Out Attack","Reflex","Deflect"],"picked":"Singing Bowl","floor":31.0}],"player_experience":268109,"relics_obtained":[{"floor":7.0,"key":"Lantern"},{"floor":9.0,"key":"Orichalcum"},{"floor":12.0,"key":"Bottled Flame"},{"floor":14.0,"key":"Singing Bowl"},{"floor":19.0,"key":"Ninja Scroll"},{"floor":22.0,"key":"Red Mask"},{"floor":23.0,"key":"Happy Flower"},{"floor":23.0,"key":"Centennial Puzzle"},{"floor":25.0,"key":"FossilizedHelix"},{"floor":25.0,"key":"Tiny Chest"},{"floor":26.0,"key":"Sundial"},{"floor":27.0,"key":"Question Card"},{"floor":27.0,"key":"War Paint"},{"floor":31.0,"key":"Pocketwatch"},{"floor":31.0,"key":"Kunai"}],"event_choices":[{"damage_healed":0.0,"max_hp_gain":0.0,"max_hp_loss":0.0,"gold_gain":76.0,"event_name":"Golden Wing","player_choice":"Gained Gold","floor":2.0,"gold_loss":0.0,"damage_taken":0.0},{"damage_healed":0.0,"max_hp_gain":0.0,"max_hp_loss":0.0,"gold_gain":0.0,"cards_transformed":["Strike_G"],"event_name":"Transmorgrifier","player_choice":"Transformed","floor":3.0,"gold_loss":0.0,"damage_taken":0.0,"cards_obtained":["Flying Knee"]},{"damage_healed":0.0,"max_hp_gain":0.0,"max_hp_loss":0.0,"gold_gain":0.0,"event_name":"The Library","player_choice":"Read","floor":21.0,"gold_loss":0.0,"damage_taken":0.0,"cards_obtained":["Escape Plan"]},{"damage_healed":0.0,"max_hp_gain":0.0,"max_hp_loss":0.0,"gold_gain":0.0,"event_name":"Masked Bandits","player_choice":"Fought Bandits","floor":22.0,"gold_loss":0.0,"damage_taken":0.0},{"damage_healed":0.0,"max_hp_gain":0.0,"max_hp_loss":0.0,"gold_gain":100.0,"event_name":"Golden Shrine","player_choice":"Pray","floor":30.0,"gold_loss":0.0,"damage_taken":0.0}],"is_beta":false,"boss_relics":[{"not_picked":["Snecko Eye","HoveringKite"],"picked":"Black Star"}],"items_purged_floors":[],"is_endless":false,"potions_floor_spawned":[1,4,7,12,18,20],"killed_by":"Champ","ascension_level":12}