{"gold_per_floor":[209,134,84,84,97,132,132,143,143,211,211,226,240,271,271,373,373,373,373,373,373,373,373,373,373,373,373,277,277,277,252,252,252,252,252,124,124,124,124,124,124,124,124,124,124,124,124,124,124,124,124,124,2,2,2],"floor_reached":56,"playtime":2866,"items_purged":[],"score":1306,"play_id":"61ed406f-929a-4d64-b155-c551dff45a1f","local_time":"20181212205311","is_ascension_mode":false,"campfire_choices":[{"data":"White Noise","floor":7.0,"key":"SMITH"},{"data":"Sunder","floor":11.0,"key":"SMITH"},{"floor":15.0,"key":"REST"},{"data":"Capacitor","floor":29.0,"key":"SMITH"},{"data":"Consume","floor":32.0,"key":"SMITH"},{"data":"Buffer","floor":40.0,"key":"SMITH"},{"floor":49.0,"key":"RECALL"},{"data":"Coolheaded","floor":52.0,"key":"SMITH"}],"neow_cost":"NONE","seed_source_timestamp":5650103123378,"circlet_count":0,"master_deck":["Strike_B+1","Strike_B+1","Defend_B+1","Defend_B+1","Defend_B+1","Zap","Dualcast","Sunder","Coolheaded","White Noise+1","Sunder+1","Consume+1","Ball Lightning","Buffer+1","Conserve Battery+1","Undo+1","Sweeping Beam","Cold Snap+1","Core Surge","Electrodynamics","Capacitor+1","Ball Lightning","Hologram+1","Cold Snap","Defragment+1","Aggregate+1","Auto Shields+1","Conserve Battery+1","Capacitor+1","Cold Snap","Hello World+1","Self Repair+1","Chill","Coolheaded+1","Barrage+1","Defragment","Cold Snap","Loop"],"special_seed":0,"relics":["Cracked Core","Mummified Hand","Blood Vial","Oddly Smooth Stone","Ectoplasm","Red Mask","Nunchaku","Symbiotic Virus","Pen Nib","Astrolabe","Incense Burner","Vajra","Potion Belt","Bag of Preparation"],"potions_floor_usage":[55,55],"damage_taken":[{"damage":2.0,"enemies":"2 Louse","floor":1.0,"turns":2.0},{"damage":0.0,"enemies":"Small Slimes","floor":5.0,"turns":2.0},{"damage":31.0,"enemies":"Lagavulin","floor":6.0,"turns":6.0},{"damage":4.0,"enemies":"Cultist","floor":8.0,"turns":3.0},{"damage":0.0,"enemies":"3 Louse","floor":12.0,"turns":2.0},{"damage":0.0,"enemies":"Blue Slaver","floor":13.0,"turns":3.0},{"damage":36.0,"enemies":"Gremlin Nob","floor":14.0,"turns":5.0},{"damage":17.0,"enemies":"Slime Boss","floor":16.0,"turns":8.0},{"damage":10.0,"enemies":"Shell Parasite","floor":18.0,"turns":4.0},{"damage":0.0,"enemies":"Chosen","floor":20.0,"turns":4.0},{"damage":9.0,"enemies":"Snake Plant","floor":21.0,"turns":3.0},{"damage":0.0,"enemies":"Masked Bandits","floor":22.0,"turns":4.0},{"damage":10.0,"enemies":"Book of Stabbing","floor":23.0,"turns":6.0},{"damage":16.0,"enemies":"Gremlin Leader","floor":25.0,"turns":8.0},{"damage":12.0,"enemies":"3 Cultists","floor":30.0,"turns":3.0},{"damage":19.0,"enemies":"Automaton","floor":33.0,"turns":8.0},{"damage":0.0,"enemies":"3 Shapes","floor":35.0,"turns":3.0},{"damage":0.0,"enemies":"Mind Bloom Boss Battle","floor":37.0,"turns":5.0},{"damage":2.0,"enemies":"3 Darklings","floor":41.0,"turns":6.0},{"damage":21.0,"enemies":"Nemesis","floor":42.0,"turns":7.0},{"damage":8.0,"enemies":"4 Shapes","floor":44.0,"turns":3.0},{"damage":0.0,"enemies":"Reptomancer","floor":45.0,"turns":6.0},{"damage":0.0,"enemies":"Sphere and 2 Shapes","floor":48.0,"turns":3.0},{"damage":32.0,"enemies":"Time Eater","floor":50.0,"turns":10.0},{"damage":31.0,"enemies":"Shield and Spear","floor":54.0,"turns":11.0},{"damage":30,"enemies":"The Heart","floor":55,"turns":14}],"seed_played":"7172271763865680418","potions_obtained":[{"floor":1.0,"key":"LiquidBronze"},{"floor":8.0,"key":"Swift Potion"},{"floor":14.0,"key":"SpeedPotion"},{"floor":16.0,"key":"Swift Potion"},{"floor":23.0,"key":"Regen Potion"},{"floor":30.0,"key":"SkillPotion"},{"floor":33.0,"key":"Strength Potion"},{"floor":35.0,"key":"Swift Potion"},{"floor":37.0,"key":"Dexterity Potion"},{"floor":48.0,"key":"AttackPotion"}],"is_trial":false,"path_per_floor":["M","$","?","?","M","E","R","M","T","?","R","M","M","E","R","B",null,"M","$","M","M","?","E","?","E","T","?","$","R","M","$","R","B",null,"M","$","?","$","?","R","M","E","T","M","E","$","?","M","R","B",null,"R","$","E","B",null],"character_chosen":"DEFECT","items_purchased":["Sunder","Capacitor","Ball Lightning","Cold Snap","Capacitor","Cold Snap","Defragment","Cold Snap"],"campfire_rested":1,"item_purchase_floors":[2,28,28,31,36,36,53,53],"current_hp_per_floor":[73,73,73,73,73,42,42,38,38,38,38,40,42,8,30,15,75,65,65,67,60,62,54,54,55,55,55,55,55,45,45,45,28,75,75,75,75,75,75,75,73,64,64,68,75,75,75,75,75,43,75,75,75,54,26],"gold":2,"neow_bonus":"HUNDRED_GOLD","is_prod":false,"is_daily":false,"chose_seed":false,"campfire_upgraded":6,"win_rate":0,"timestamp":1544644391,"path_taken":["M","$","?","?","M","E","R","?","T","?","R","M","M","E","R","BOSS","M","$","M","M","?","E","?","E","T","?","$","R","M","?","R","BOSS","M","$","?","$","?","R","M","E","T","?","E","$","?","M","R","BOSS","R","$","E","BOSS"],"build_version":"2018-12-06","purchased_purges":0,"victory":true,"max_hp_per_floor":[75,75,75,75,75,75,75,75,75,75,75,75,75,75,75,75,75,75,75,75,75,75,75,75,75,75,75,75,75,75,75,75,75,75,75,75,75,75,75,75,75,75,75,75,75,75,75,75,75,75,75,75,75,75,75],"card_choices":[{"not_picked":["Auto Shields","Static Discharge","Heatsinks"],"picked":"SKIP","floor":1.0},{"not_picked":["Go for the Eyes","BootSequence"],"picked":"Coolheaded","floor":5.0},{"not_picked":["Turbo","Reinforced Body"],"picked":"White Noise","floor":6.0},{"not_picked":["Gash","Stack"],"picked":"Sunder","floor":8.0},{"not_picked":["Turbo","Aggregate","Leap"],"picked":"SKIP","floor":12.0},{"not_picked":["Recycle","Conserve Battery"],"picked":"Consume","floor":13.0},{"not_picked":["Hologram","Turbo"],"picked":"Ball Lightning","floor":14.0},{"not_picked":["All For One","Machine Learning"],"picked":"Buffer","floor":16.0},{"not_picked":["Rebound+1","Gash"],"picked":"Conserve Battery+1","floor":18.0},{"not_picked":["Auto Shields","Darkness"],"picked":"Undo+1","floor":20.0},{"not_picked":["Coolheaded","Turbo"],"picked":"Sweeping Beam","floor":21.0},{"not_picked":["Steam","Force Field"],"picked":"Cold Snap+1","floor":22.0},{"not_picked":["Steam+1","Lockon"],"picked":"Core Surge","floor":23.0},{"not_picked":["Coolheaded","Beam Cell"],"picked":"Electrodynamics","floor":25.0},{"not_picked":["Coolheaded","BootSequence"],"picked":"Hologram+1","floor":30.0},{"not_picked":["Core Surge","Rainbow"],"picked":"Electrodynamics","floor":33.0},{"not_picked":["Ball Lightning","BootSequence+1"],"picked":"Conserve Battery+1","floor":35.0},{"not_picked":["Rebound+1","Redo"],"picked":"Hello World+1","floor":37.0},{"not_picked":["Gash","Barrage+1"],"picked":"Self Repair+1","floor":41.0},{"not_picked":["Double Energy","Go for the Eyes+1"],"picked":"Chill","floor":42.0},{"not_picked":["Doom and Gloom","Conserve Battery"],"picked":"Coolheaded","floor":44.0},{"not_picked":["Gash","Rebound","Leap"],"picked":"SKIP","floor":45.0},{"not_picked":["Beam Cell","Self Repair+1"],"picked":"Barrage+1","floor":48.0},{"not_picked":["Tempest","Turbo"],"picked":"Loop","floor":54.0}],"player_experience":502494,"relics_obtained":[{"floor":6.0,"key":"Mummified Hand"},{"floor":9.0,"key":"Blood Vial"},{"floor":14.0,"key":"Oddly Smooth Stone"},{"floor":22.0,"key":"Red Mask"},{"floor":23.0,"key":"Nunchaku"},{"floor":25.0,"key":"Symbiotic Virus"},{"floor":26.0,"key":"Pen Nib"},{"floor":37.0,"key":"Incense Burner"},{"floor":42.0,"key":"Vajra"},{"floor":45.0,"key":"Potion Belt"},{"floor":54.0,"key":"Bag of Preparation"}],"event_choices":[{"cards_removed":["Strike_B"],"damage_healed":0.0,"max_hp_gain":0.0,"max_hp_loss":0.0,"gold_gain":0.0,"event_name":"The Cleric","player_choice":"Card Removal","floor":3.0,"gold_loss":50.0,"damage_taken":0.0},{"damage_healed":0.0,"max_hp_gain":0.0,"max_hp_loss":0.0,"gold_gain":0.0,"event_name":"The Woman in Blue","player_choice":"Bought 0 Potions","floor":4.0,"gold_loss":0.0,"damage_taken":0.0},{"damage_healed":0.0,"max_hp_gain":0.0,"max_hp_loss":0.0,"gold_gain":68.0,"event_name":"Golden Wing","player_choice":"Gained Gold","floor":10.0,"gold_loss":0.0,"damage_taken":0.0},{"damage_healed":0.0,"max_hp_gain":0.0,"max_hp_loss":0.0,"gold_gain":0.0,"event_name":"Masked Bandits","player_choice":"Fought Bandits","floor":22.0,"gold_loss":0.0,"damage_taken":0.0},{"damage_healed":0.0,"max_hp_gain":0.0,"max_hp_loss":0.0,"gold_gain":0.0,"event_name":"Back to Basics","player_choice":"Simplicity","floor":24.0,"gold_loss":0.0,"damage_taken":0.0,"cards_upgraded":["Strike_B","Strike_B","Strike_B","Defend_B","Defend_B","Defend_B","Defend_B"]},{"damage_healed":0.0,"max_hp_gain":0.0,"max_hp_loss":0.0,"gold_gain":0.0,"event_name":"Ghosts","player_choice":"Ignored","floor":27.0,"gold_loss":0.0,"damage_taken":0.0},{"damage_healed":0.0,"max_hp_gain":0.0,"max_hp_loss":0.0,"gold_gain":0.0,"event_name":"MindBloom","player_choice":"Fight","floor":37.0,"gold_loss":0.0,"damage_taken":0.0},{"damage_healed":0.0,"max_hp_gain":0.0,"max_hp_loss":0.0,"gold_gain":0.0,"event_name":"Upgrade Shrine","player_choice":"Upgraded","floor":39.0,"gold_loss":0.0,"damage_taken":0.0,"cards_upgraded":["Capacitor"]},{"damage_healed":0.0,"max_hp_gain":0.0,"max_hp_loss":0.0,"gold_gain":0.0,"event_name":"Tomb of Lord Red Mask","player_choice":"Ignored","floor":47.0,"gold_loss":0.0,"damage_taken":0.0}],"is_beta":false,"boss_relics":[{"not_picked":["Tiny House","Velvet Choker"],"picked":"Ectoplasm"},{"not_picked":["Eternal Feather","Runic Pyramid"],"picked":"Astrolabe"}],"items_purged_floors":[],"is_endless":false,"potions_floor_spawned":[1,8,14,16,23,30,33,35,37,48],"ascension_level":0}