{"gold_per_floor":[11,21,21,40,40,40,75,75,75,75,51,82,94,67,67,146,146,162,191,290,117,117,144,144,162,188,204,217,217,231,133,133,133],"floor_reached":33,"playtime":3853,"items_purged":["Decay"],"score":450,"play_id":"1c2af4a1-96d1-43d1-b122-cdd425dc6970","local_time":"20190219155033","is_ascension_mode":true,"campfire_choices":[{"data":"Shrug It Off","floor":6,"key":"SMITH"},{"floor":8,"key":"REST"},{"data":"Clothesline","floor":15,"key":"SMITH"},{"floor":24,"key":"REST"},{"floor":29,"key":"REST"},{"floor":32,"key":"REST"}],"neow_cost":"NO_GOLD","seed_source_timestamp":450470421083000,"circlet_count":0,"master_deck":["AscendersBane","Strike_R","Strike_R","Strike_R","Defend_R","Defend_R","Defend_R","Bash","Inflame","Spot Weakness","Shrug It Off+1","Anger","Shrug It Off","Spot Weakness","Whirlwind","Clothesline+1","Barricade","Rage","Pommel Strike+1","Mayhem","Entrench","Entrench+1","Shockwave","Body Slam","Shrug It Off"],"relics":["Burning Blood","Kunai","Happy Flower","Question Card","Ancient Tea Set","Lizard Tail","Red Mask","Lantern","Bag of Preparation"],"potions_floor_usage":[2,12,25,27,28],"damage_taken":[{"damage":2,"enemies":"2 Louse","floor":1,"turns":5},{"damage":7,"enemies":"Small Slimes","floor":2,"turns":3},{"damage":8,"enemies":"Jaw Worm","floor":4,"turns":4},{"damage":29,"enemies":"3 Sentries","floor":7,"turns":9},{"damage":14,"enemies":"Gremlin Nob","floor":12,"turns":4},{"damage":0,"enemies":"Large Slime","floor":13,"turns":6},{"damage":15,"enemies":"Hexaghost","floor":16,"turns":9},{"damage":37,"enemies":"2 Thieves","floor":18,"turns":5},{"damage":35,"enemies":"Masked Bandits","floor":19,"turns":4},{"damage":56,"enemies":"Book of Stabbing","floor":23,"turns":7},{"damage":15,"enemies":"3 Byrds","floor":25,"turns":5},{"damage":19,"enemies":"Centurion and Healer","floor":27,"turns":10},{"damage":3,"enemies":"Snecko","floor":28,"turns":7},{"damage":15,"enemies":"3 Cultists","floor":30,"turns":4},{"damage":87,"enemies":"Collector","floor":33,"turns":6}],"seed_played":"-9160288997083880920","potions_obtained":[{"floor":1,"key":"Fire Potion"},{"floor":4,"key":"Swift Potion"},{"floor":19,"key":"EssenceOfSteel"},{"floor":25,"key":"SkillPotion"},{"floor":27,"key":"Regen Potion"}],"is_trial":false,"path_per_floor":["M","M","?","M","?","R","E","R","T","?","$","E","M","$","R","B",null,"M","?","?","$","?","E","R","M","T","M","M","R","M","$","R","B"],"character_chosen":"IRONCLAD","items_purchased":["Shrug It Off","Clothesline","Mayhem","Shrug It Off"],"campfire_rested":4,"item_purchase_floors":[11,14,21,31],"current_hp_per_floor":[76,75,80,78,71,71,48,73,73,61,61,53,59,59,59,50,76,45,16,16,16,16,20,45,36,36,23,40,65,56,56,81,0],"gold":133,"neow_bonus":"REMOVE_TWO","is_prod":false,"is_daily":false,"chose_seed":false,"campfire_upgraded":2,"win_rate":0,"timestamp":1550609433,"path_taken":["M","M","?","M","?","R","E","R","T","?","?","E","M","$","R","BOSS","M","?","?","$","?","E","R","M","T","M","?","R","M","$","R","BOSS"],"build_version":"2019-01-23","purchased_purges":1,"victory":false,"max_hp_per_floor":[80,80,85,85,85,85,85,85,85,85,85,85,85,85,85,85,85,85,85,85,85,85,85,85,85,85,85,85,85,85,85,85,85],"card_choices":[{"not_picked":["Hemokinesis","Seeing Red"],"picked":"Inflame","floor":1},{"not_picked":["Clothesline","Pommel Strike"],"picked":"Spot Weakness","floor":2},{"not_picked":["Twin Strike","Iron Wave"],"picked":"Shrug It Off","floor":4},{"not_picked":["Double Tap","Evolve"],"picked":"Anger","floor":7},{"not_picked":["Evolve","Flex","Sword Boomerang"],"picked":"Spot Weakness","floor":12},{"not_picked":["Body Slam","Feel No Pain","Thunderclap"],"picked":"Whirlwind","floor":13},{"not_picked":["Brutality","Juggernaut","Bludgeon"],"picked":"Barricade","floor":16},{"not_picked":["Flex","Dropkick","Whirlwind"],"picked":"Rage","floor":18},{"not_picked":["Havoc","Flex","Clothesline"],"picked":"Pommel Strike+1","floor":19},{"not_picked":["Havoc+1","Flex","Iron Wave"],"picked":"Entrench","floor":23},{"not_picked":["Clash","Wild Strike","Blood for Blood+1"],"picked":"Entrench+1","floor":25},{"not_picked":["Second Wind+1","Offering","Perfected Strike","Feel No Pain"],"picked":"SKIP","floor":27},{"not_picked":["Pommel Strike","Evolve","Anger"],"picked":"Shockwave","floor":28},{"not_picked":["Corruption","Evolve","Spot Weakness"],"picked":"Body Slam","floor":30}],"player_experience":1242838,"relics_obtained":[{"floor":7,"key":"Kunai"},{"floor":9,"key":"Happy Flower"},{"floor":12,"key":"Ancient Tea Set"},{"floor":19,"key":"Red Mask"},{"floor":23,"key":"Lantern"},{"floor":26,"key":"Bag of Preparation"}],"event_choices":[{"damage_healed":0,"gold_gain":0,"player_choice":"Donut","damage_taken":0,"max_hp_gain":5,"max_hp_loss":0,"event_name":"Big Fish","floor":3,"gold_loss":0},{"cards_removed":["Defend_R"],"damage_healed":0,"gold_gain":0,"player_choice":"Card Removal","damage_taken":7,"max_hp_gain":0,"max_hp_loss":0,"event_name":"Golden Wing","floor":5,"gold_loss":0},{"damage_healed":0,"gold_gain":0,"player_choice":"Success","damage_taken":12,"relics_obtained":["Question Card"],"max_hp_gain":0,"max_hp_loss":0,"event_name":"Scrap Ooze","floor":10,"gold_loss":0},{"damage_healed":0,"gold_gain":0,"player_choice":"Fought Bandits","damage_taken":0,"max_hp_gain":0,"max_hp_loss":0,"event_name":"Masked Bandits","floor":19,"gold_loss":0},{"damage_healed":0,"gold_gain":99,"player_choice":"Stole From Cult","damage_taken":0,"max_hp_gain":0,"max_hp_loss":0,"event_name":"Nest","floor":20,"gold_loss":0},{"damage_healed":0,"gold_gain":0,"player_choice":"Smashed Altar","damage_taken":0,"max_hp_gain":0,"max_hp_loss":0,"event_name":"Forgotten Altar","floor":22,"gold_loss":0,"cards_obtained":["Decay"]}],"is_beta":false,"boss_relics":[{"not_picked":["Runic Cube","Eternal Feather"],"picked":"Lizard Tail"}],"items_purged_floors":[31],"is_endless":false,"potions_floor_spawned":[1,4,19,25,27],"killed_by":"Collector","ascension_level":13}