{"gold_per_floor":[111,111,122,139,116,116,145,160,160,34,62,62,73,13,13,109,109,122,122,57,73,13,13,26,26],"floor_reached":25,"playtime":806,"items_purged":["Strike_R"],"score":253,"play_id":"95f6093b-38bc-4b3a-96a4-e7ac1059cf85","local_time":"20190128183017","is_ascension_mode":true,"campfire_choices":[{"data":"Bash","floor":6.0,"key":"SMITH"},{"data":"Searing Blow","floor":15.0,"key":"SMITH"},{"data":"Demon Form","floor":23.0,"key":"SMITH"}],"neow_cost":"NONE","seed_source_timestamp":1556603840267253,"circlet_count":0,"master_deck":["Strike_R","Strike_R","Strike_R","Strike_R","Defend_R","Defend_R","Defend_R","Defend_R","Bash+1","Rage","Rage","Sword Boomerang","Armaments","Pummel","Feed","Iron Wave","Searing Blow+1","Heavy Blade","Havoc","Demon Form+1","Heavy Blade","Rampage"],"special_seed":0,"relics":["Burning Blood","NeowsBlessing","Gremlin Horn","The Courier","Matryoshka","Coffee Dripper","Potion Belt"],"potions_floor_usage":[],"damage_taken":[{"damage":0.0,"enemies":"Small Slimes","floor":1.0,"turns":1.0},{"damage":0.0,"enemies":"2 Louse","floor":3.0,"turns":1.0},{"damage":0.0,"enemies":"Cultist","floor":4.0,"turns":1.0},{"damage":23.0,"enemies":"3 Sentries","floor":7.0,"turns":11.0},{"damage":6.0,"enemies":"Looter","floor":8.0,"turns":3.0},{"damage":29.0,"enemies":"Lagavulin","floor":11.0,"turns":8.0},{"damage":6.0,"enemies":"Exordium Thugs","floor":13.0,"turns":4.0},{"damage":37.0,"enemies":"Hexaghost","floor":16.0,"turns":7.0},{"damage":6.0,"enemies":"Spheric Guardian","floor":18.0,"turns":3.0},{"damage":17.0,"enemies":"2 Thieves","floor":21.0,"turns":4.0},{"damage":9.0,"enemies":"Chosen and Byrds","floor":24.0,"turns":3.0},{"damage":79,"enemies":"Book of Stabbing","floor":25,"turns":5}],"seed_played":"6547996958872716890","potions_obtained":[{"floor":1.0,"key":"Strength Potion"},{"floor":3.0,"key":"LiquidBronze"},{"floor":7.0,"key":"Strength Potion"}],"is_trial":false,"path_per_floor":["M","?","M","M","$","R","E","M","T","$","E","?","M","$","R","B",null,"M","$","?","M","$","R","M","E"],"character_chosen":"IRONCLAD","items_purchased":["Armaments","Feed","Heavy Blade","Havoc"],"campfire_rested":0,"item_purchase_floors":[5,10,14,14],"current_hp_per_floor":[80,85,85,85,85,85,68,68,68,68,48,48,51,51,51,20,91,91,91,91,80,80,80,77,0],"gold":26,"neow_bonus":"THREE_ENEMY_KILL","is_prod":false,"is_daily":false,"chose_seed":false,"campfire_upgraded":3,"win_rate":0,"timestamp":1548729017,"path_taken":["M","?","M","M","$","R","E","M","T","$","E","?","?","$","R","BOSS","M","$","?","M","?","R","M","E"],"build_version":"2019-01-23","purchased_purges":1,"victory":false,"max_hp_per_floor":[80,85,85,85,85,85,85,85,85,85,88,88,91,91,91,91,91,91,91,91,91,91,91,91,91],"card_choices":[{"not_picked":["Havoc","Combust"],"picked":"Rage","floor":1.0},{"not_picked":["Heavy Blade","Uppercut"],"picked":"Rage","floor":3.0},{"not_picked":["Carnage","Sentinel"],"picked":"Sword Boomerang","floor":4.0},{"not_picked":["Blood for Blood","Rage"],"picked":"Clothesline","floor":7.0},{"not_picked":["Sever Soul","Combust"],"picked":"Pummel","floor":8.0},{"not_picked":["Havoc","Blood for Blood","Clash"],"picked":"SKIP","floor":11.0},{"not_picked":["Havoc","Twin Strike"],"picked":"Searing Blow","floor":13.0},{"not_picked":["Bludgeon","Exhume"],"picked":"Demon Form","floor":16.0},{"not_picked":["Iron Wave","Shrug It Off"],"picked":"Heavy Blade","floor":18.0},{"not_picked":["Flex","Infernal Blade"],"picked":"Rampage","floor":21.0},{"not_picked":["Battle Trance","Headbutt+1","Flex"],"picked":"SKIP","floor":24.0}],"player_experience":216540,"relics_obtained":[{"floor":7.0,"key":"Gremlin Horn"},{"floor":9.0,"key":"The Courier"},{"floor":11.0,"key":"Matryoshka"}],"event_choices":[{"damage_healed":0.0,"max_hp_gain":5.0,"max_hp_loss":0.0,"gold_gain":0.0,"event_name":"Big Fish","player_choice":"Donut","floor":2.0,"gold_loss":0.0,"damage_taken":0.0},{"damage_healed":0.0,"max_hp_gain":0.0,"max_hp_loss":0.0,"gold_gain":0.0,"cards_transformed":["Clothesline"],"event_name":"Transmorgrifier","player_choice":"Transformed","floor":12.0,"gold_loss":0.0,"damage_taken":0.0,"cards_obtained":["Iron Wave"]},{"damage_healed":0.0,"max_hp_gain":0.0,"max_hp_loss":0.0,"gold_gain":0.0,"event_name":"WeMeetAgain","player_choice":"Paid Gold","floor":20.0,"gold_loss":65.0,"damage_taken":0.0,"relics_obtained":["Potion Belt"]}],"is_beta":false,"boss_relics":[{"not_picked":["Astrolabe","Runic Cube"],"picked":"Coffee Dripper"}],"items_purged_floors":[22],"is_endless":false,"potions_floor_spawned":[1,3,7,13],"killed_by":"Book of Stabbing","ascension_level":4}