{"path_per_floor":["M","?","?","$","M","E","R","$","T","?","$","E","M","M","R","B",null,"M","?","?","T","M","R","M","$","T","$","E","R","$","M","R","B",null,"M","?","M","T","?","E","R","T","T","R","$","R","$","M","R","B"],"character_chosen":"IRONCLAD","items_purchased":["Perfected Strike","Offering","Armaments","Rampage","Offering","Shrug It Off","Lantern","Shrug It Off","Pommel Strike","Metallicize"],"gold_per_floor":[116,116,191,168,180,210,210,24,96,96,26,359,376,394,394,493,493,513,428,428,453,472,472,492,140,166,119,174,174,99,111,111,206,206,225,225,244,244,244,273,273,300,300,300,246,246,69,88,88,88],"floor_reached":51,"campfire_rested":2,"playtime":1319,"current_hp_per_floor":[76,80,69,69,69,58,58,58,58,58,58,60,62,60,60,14,64,49,49,49,49,51,51,57,57,57,57,55,55,55,63,82,37,72,76,76,78,78,78,71,71,71,71,71,71,71,71,75,88,29],"items_purged":["Bash","Armaments"],"gold":88,"score":1067,"play_id":"7f841165-6d9d-4f2b-92df-7d9651fb8a64","local_time":"20180320052039","is_prod":false,"is_daily":false,"is_ascension_mode":true,"campfire_upgraded":7,"timestamp":1521541239,"path_taken":["M","?","?","$","?","E","R","$","T","?","?","E","M","M","R","BOSS","M","?","?","?","M","R","?","$","T","$","E","R","?","M","R","BOSS","M","?","?","?","?","E","R","?","T","R","$","R","$","M","R","BOSS"],"build_version":"2018-03-15v3","purchased_purges":3,"victory":true,"master_deck":["Strike_R+1","Strike_R+1","Strike_R+1","Strike_R+1","Strike_R+1","Defend_R+1","Defend_R+1","Defend_R+1","Defend_R+1","Seeing Red","Perfected Strike+1","Pommel Strike","Offering","Rampage+1","Perfected Strike+1","Ghostly Armor+1","Offering+1","Flex+1","Offering","Shrug It Off","Shrug It Off","Uppercut+1","Perfected Strike+1","Pummel+1","Perfected Strike+1","Pommel Strike+1","Metallicize","Perfected Strike+1"],"max_hp_per_floor":[80,80,80,80,80,80,80,80,80,80,80,80,80,80,80,80,80,80,80,80,80,80,80,80,80,80,80,80,80,80,82,82,84,84,86,86,86,86,86,86,86,86,86,86,86,86,86,88,88,88],"relics":["Burning Blood","Pen Nib","Shuriken","Vajra","Old Coin","Sozu","Dream Catcher","War Paint","Lantern","Singing Bowl","Tiny Chest","Lizard Tail","Ice Cream","Happy Flower","Orichalcum","Gambling Chip"],"card_choices":[{"not_picked":["Body Slam","Rupture"],"picked":"Seeing Red"},{"not_picked":["Seeing Red","Iron Wave"],"picked":"Pommel Strike"},{"not_picked":["Sentinel","Thunderclap"],"picked":"Perfected Strike"},{"not_picked":["Havoc","Dual Wield"],"picked":"Ghostly Armor"},{"not_picked":["Impervious","Demon Form"],"picked":"Offering"},{"not_picked":["Sentinel","Anger"],"picked":"Cleave"},{"not_picked":["Anger","Burning Pact"],"picked":"Flex"},{"not_picked":["Disarm","Cleave"],"picked":"Uppercut"},{"not_picked":["Headbutt","True Grit"],"picked":"Perfected Strike"},{"not_picked":["True Grit","Flex"],"picked":"Pummel"},{"not_picked":["Ghostly Armor","Fiend Fire"],"picked":"Perfected Strike"},{"not_picked":["Body Slam","Sever Soul"],"picked":"Perfected Strike"}],"player_experience":321858,"potions_floor_usage":[],"damage_taken":[{"damage":2.0,"enemies":"Jaw Worm","floor":1.0,"turns":4.0},{"damage":6.0,"enemies":"Cultist","floor":5.0,"turns":3.0},{"damage":26.0,"enemies":"Gremlin Nob","floor":6.0,"turns":4.0},{"damage":4.0,"enemies":"3 Sentries","floor":12.0,"turns":3.0},{"damage":4.0,"enemies":"Small Slimes","floor":13.0,"turns":3.0},{"damage":8.0,"enemies":"Blue Slaver","floor":14.0,"turns":2.0},{"damage":52.0,"enemies":"Hexaghost","floor":16.0,"turns":5.0},{"damage":21.0,"enemies":"2 Thieves","floor":18.0,"turns":2.0},{"damage":4.0,"enemies":"Spheric Guardian","floor":22.0,"turns":1.0},{"damage":0.0,"enemies":"Snake Plant","floor":24.0,"turns":2.0},{"damage":8.0,"enemies":"Slavers","floor":28.0,"turns":3.0},{"damage":0.0,"enemies":"Snecko","floor":31.0,"turns":3.0},{"damage":53.0,"enemies":"Champ","floor":33.0,"turns":7.0},{"damage":4.0,"enemies":"Orb Walker","floor":35.0,"turns":1.0},{"damage":4.0,"enemies":"3 Shapes","floor":37.0,"turns":2.0},{"damage":13,"enemies":"Giant Head","floor":40,"turns":4},{"damage":4,"enemies":"3 Darklings","floor":48,"turns":1},{"damage":65,"enemies":"Donu and Deca","floor":50,"turns":6}],"event_choices":[{"event_name":"Wheel of Change","player_choice":"Full Heal","floor":2.0,"damage_taken":0.0},{"event_name":"World of Goop","player_choice":"Gather Gold","floor":3.0,"damage_taken":0.0},{"event_name":"Dead Adventurer","player_choice":"Searched \u00271\u0027 times","floor":10.0,"damage_taken":0.0},{"event_name":"Addict","player_choice":"Obtained Relic","floor":19.0,"damage_taken":0.0},{"event_name":"Back to Basics","player_choice":"Simplicity","floor":20.0,"damage_taken":0.0},{"event_name":"Tomb of Lord Red Mask","player_choice":"Ignored","floor":39.0,"damage_taken":0.0}],"boss_relics":[],"potions_floor_spawned":[5,12,14,16,22,28,35,48],"seed_played":"-7728881790142186313","ascension_level":8,"is_trial":false}