{"gold_per_floor":[109,123,73,87,104,104,179,104,104,104,104,119,19,29,29,29],"floor_reached":16,"playtime":847,"items_purged":["Defend_R","Defend_R"],"score":92,"play_id":"2cedeca8-fd58-43c3-a903-dcde8f8b5acf","local_time":"20190224153555","is_ascension_mode":false,"campfire_choices":[{"data":"Bash","floor":6,"key":"SMITH"},{"data":"Defend_R","floor":10,"key":"SMITH"},{"data":"Iron Wave","floor":15,"key":"SMITH"}],"neow_cost":"NONE","seed_source_timestamp":764645943235836,"circlet_count":0,"master_deck":["Strike_R","Strike_R","Strike_R","Strike_R","Defend_R","Defend_R+1","Iron Wave+1"],"relics":["Burning Blood","Molten Egg 2"],"potions_floor_usage":[5,16],"damage_taken":[{"damage":0,"enemies":"2 Louse","floor":1,"turns":3},{"damage":1,"enemies":"Jaw Worm","floor":2,"turns":5},{"damage":5,"enemies":"Small Slimes","floor":4,"turns":4},{"damage":10,"enemies":"Exordium Thugs","floor":5,"turns":5},{"damage":2,"enemies":"Blue Slaver","floor":12,"turns":6},{"damage":14,"enemies":"3 Louse","floor":14,"turns":3},{"damage":73,"enemies":"Slime Boss","floor":16,"turns":10}],"seed_played":"4704723114184508627","potions_obtained":[{"floor":2,"key":"Explosive Potion"},{"floor":4,"key":"LiquidBronze"},{"floor":12,"key":"FearPotion"},{"floor":14,"key":"LiquidBronze"}],"is_trial":false,"path_per_floor":["M","M","?","M","M","R","?","$","T","R","?","M","$","M","R","B"],"character_chosen":"IRONCLAD","items_purchased":[],"campfire_rested":0,"item_purchase_floors":[],"current_hp_per_floor":[88,88,88,88,84,84,73,73,73,73,73,77,77,69,69,0],"gold":29,"neow_bonus":"TEN_PERCENT_HP_BONUS","is_prod":false,"is_daily":false,"chose_seed":false,"campfire_upgraded":3,"win_rate":0,"timestamp":1550990155,"path_taken":["M","M","?","M","M","R","?","$","T","R","?","M","$","M","R","BOSS"],"build_version":"2019-01-23","purchased_purges":2,"victory":false,"max_hp_per_floor":[88,88,88,88,88,88,88,88,88,88,88,88,88,88,88,88],"card_choices":[{"not_picked":["True Grit","Iron Wave","Flex"],"picked":"SKIP","floor":1},{"not_picked":["Clothesline","Perfected Strike","Body Slam"],"picked":"SKIP","floor":2},{"not_picked":["Feel No Pain","Thunderclap","Cleave"],"picked":"SKIP","floor":4},{"not_picked":["Heavy Blade","Cleave","Twin Strike"],"picked":"SKIP","floor":5},{"not_picked":["Clothesline+1","Power Through","Exhume"],"picked":"SKIP","floor":12},{"not_picked":["True Grit","Wild Strike+1","Dual Wield"],"picked":"SKIP","floor":14}],"player_experience":908913,"relics_obtained":[{"floor":9,"key":"Molten Egg 2"}],"event_choices":[{"cards_removed":["Strike_R"],"damage_healed":0,"gold_gain":0,"player_choice":"Card Removal","damage_taken":0,"max_hp_gain":0,"max_hp_loss":0,"event_name":"The Cleric","floor":3,"gold_loss":50},{"damage_healed":0,"gold_gain":75,"player_choice":"Gather Gold","damage_taken":11,"max_hp_gain":0,"max_hp_loss":0,"event_name":"World of Goop","floor":7,"gold_loss":0},{"cards_removed":["Bash"],"damage_healed":0,"gold_gain":0,"player_choice":"Took Card","damage_taken":0,"max_hp_gain":0,"max_hp_loss":0,"event_name":"NoteForYourself","floor":11,"gold_loss":0,"cards_obtained":["Iron Wave"]}],"is_beta":false,"boss_relics":[],"items_purged_floors":[8,13],"is_endless":false,"potions_floor_spawned":[2,4,12,14],"killed_by":"Slime Boss","ascension_level":0}