{"gold_per_floor":[113,123,48,66,66,66,76,76,76,86,98,98],"floor_reached":12,"playtime":544,"items_purged":["Strike_R"],"score":133,"play_id":"229ce007-9ca1-4f0c-bd47-0b0ebc2b4fc7","local_time":"20190227232922","is_ascension_mode":true,"campfire_choices":[{"data":"Pummel","floor":6,"key":"SMITH"},{"data":"Anger","floor":8,"key":"SMITH"}],"neow_cost":"NONE","seed_source_timestamp":12742984566028,"circlet_count":0,"master_deck":["AscendersBane","Strike_R","Strike_R","Strike_R","Strike_R","Defend_R","Defend_R","Defend_R","Defend_R","Bash","Warcry","Pommel Strike","Pummel+1","Anger+1"],"relics":["Burning Blood","Art of War","CultistMask","Bird Faced Urn"],"potions_floor_usage":[],"damage_taken":[{"damage":19,"enemies":"Small Slimes","floor":1,"turns":6},{"damage":8,"enemies":"Cultist","floor":2,"turns":5},{"damage":9,"enemies":"Jaw Worm","floor":4,"turns":4},{"damage":20,"enemies":"Red Slaver","floor":7,"turns":4},{"damage":9,"enemies":"3 Louse","floor":10,"turns":3},{"damage":26,"enemies":"Large Slime","floor":11,"turns":5}],"seed_played":"-7542498494254466310","potions_obtained":[{"floor":1,"key":"Explosive Potion"},{"floor":7,"key":"Swift Potion"}],"is_trial":false,"path_per_floor":["M","M","$","M","?","R","M","R","T","M","M","?"],"character_chosen":"IRONCLAD","items_purchased":[],"campfire_rested":0,"item_purchase_floors":[],"current_hp_per_floor":[55,53,53,50,50,50,36,36,36,33,13,0],"gold":98,"neow_bonus":"RANDOM_COMMON_RELIC","is_prod":false,"is_daily":false,"chose_seed":false,"campfire_upgraded":2,"win_rate":0,"timestamp":1551277762,"path_taken":["M","M","$","M","?","R","M","R","T","M","?","?"],"build_version":"2019-01-23","purchased_purges":1,"victory":false,"max_hp_per_floor":[75,75,75,75,75,75,75,75,75,75,75,75],"card_choices":[{"not_picked":["Infernal Blade","Iron Wave"],"picked":"Warcry","floor":1},{"not_picked":["Cleave","Headbutt"],"picked":"Pommel Strike","floor":2},{"not_picked":["Body Slam","Reckless Charge"],"picked":"Pummel","floor":4},{"not_picked":["Clothesline","Disarm"],"picked":"Anger","floor":7},{"not_picked":["Pommel Strike","True Grit","Iron Wave"],"picked":"SKIP","floor":10},{"not_picked":["Evolve","Clothesline","Headbutt"],"picked":"SKIP","floor":11}],"player_experience":946570,"relics_obtained":[{"floor":9,"key":"Bird Faced Urn"}],"event_choices":[{"damage_healed":0,"gold_gain":0,"player_choice":"Trade","damage_taken":0,"relics_obtained":["CultistMask"],"max_hp_gain":0,"max_hp_loss":0,"event_name":"FaceTrader","floor":5,"gold_loss":0}],"is_beta":false,"boss_relics":[],"items_purged_floors":[3],"is_endless":false,"potions_floor_spawned":[1,7],"ascension_level":17}