{"gold_per_floor":[214,229,154,154,154,154,54,75,102,102,102,123,142,142,142,265,265,288,288,288,329,5,5,19,19,46,46,86,86,86,121,121,250,250,273,273,294,308,308,308],"floor_reached":40,"playtime":969,"items_purged":["Strike_R","Strike_R","Strike_R"],"score":435,"play_id":"9bfeb754-75cb-4d30-aab8-c13ea1c1b444","local_time":"20190224162130","is_ascension_mode":false,"campfire_choices":[{"data":"Whirlwind","floor":6.0,"key":"SMITH"},{"data":"Bash","floor":11.0,"key":"SMITH"},{"data":"Defend_R","floor":15.0,"key":"SMITH"},{"data":"Flex","floor":23.0,"key":"SMITH"},{"data":"Defend_R","floor":25.0,"key":"SMITH"},{"floor":32.0,"key":"DIG"}],"neow_cost":"NONE","seed_source_timestamp":0,"circlet_count":0,"master_deck":["Defend_R+1","Bash+1","Whirlwind+1","Flex+1","Bloodletting+1","Power Through+1"],"special_seed":0,"relics":["Burning Blood","Golden Idol","Anchor","Busted Crown","Red Mask","Chemical X","Bag of Marbles","WingedGreaves","Bottled Lightning","Shovel","Unceasing Top","Astrolabe"],"potions_floor_usage":[40,40],"damage_taken":[{"damage":7.0,"enemies":"Small Slimes","floor":1.0,"turns":4.0},{"damage":0.0,"enemies":"2 Louse","floor":2.0,"turns":1.0},{"damage":6.0,"enemies":"Jaw Worm","floor":8.0,"turns":2.0},{"damage":0.0,"enemies":"2 Fungi Beasts","floor":12.0,"turns":2.0},{"damage":2.0,"enemies":"Blue Slaver","floor":13.0,"turns":3.0},{"damage":60.0,"enemies":"Hexaghost","floor":16.0,"turns":8.0},{"damage":12.0,"enemies":"2 Thieves","floor":18.0,"turns":3.0},{"damage":0.0,"enemies":"Masked Bandits","floor":21.0,"turns":2.0},{"damage":0.0,"enemies":"Shell Parasite","floor":24.0,"turns":2.0},{"damage":0.0,"enemies":"Slavers","floor":28.0,"turns":1.0},{"damage":27.0,"enemies":"Gremlin Leader","floor":31.0,"turns":3.0},{"damage":27.0,"enemies":"Collector","floor":33.0,"turns":5.0},{"damage":3.0,"enemies":"3 Darklings","floor":35.0,"turns":1.0},{"damage":3.0,"enemies":"Orb Walker","floor":37.0,"turns":1.0},{"damage":31.0,"enemies":"Maw","floor":38.0,"turns":3.0},{"damage":77,"enemies":"Nemesis","floor":40,"turns":6}],"seed_played":"514328871928970916","potions_obtained":[{"floor":2.0,"key":"Strength Potion"},{"floor":8.0,"key":"BloodPotion"},{"floor":12.0,"key":"Strength Potion"},{"floor":21.0,"key":"BloodPotion"},{"floor":28.0,"key":"Ancient Potion"},{"floor":33.0,"key":"EssenceOfSteel"}],"is_trial":false,"path_per_floor":["M","M","$","?","?","R","$","M","T","?","R","M","M","?","R","B",null,"M","?","?","?","$","R","M","R","T","?","E","T","$","E","R","B",null,"M","?","M","M","?","E"],"character_chosen":"IRONCLAD","items_purchased":["Chemical X"],"campfire_rested":0,"item_purchase_floors":[22],"current_hp_per_floor":[79,80,80,60,65,65,65,65,65,65,65,71,75,75,75,21,85,79,79,79,85,85,85,85,85,85,85,85,85,85,64,64,43,85,85,85,85,68,68,0],"gold":308,"neow_bonus":"HUNDRED_GOLD","is_prod":false,"is_daily":false,"chose_seed":false,"campfire_upgraded":5,"win_rate":0,"timestamp":1550992890,"path_taken":["M","M","$","?","?","R","$","M","T","?","R","M","M","?","R","BOSS","M","?","?","?","$","R","M","R","T","?","E","?","$","E","R","BOSS","M","?","M","M","?","E"],"build_version":"2019-01-23","purchased_purges":3,"victory":false,"max_hp_per_floor":[80,80,80,80,85,85,85,85,85,85,85,85,85,85,85,85,85,85,85,85,85,85,85,85,85,85,85,85,85,85,85,85,85,85,85,85,85,85,81,81],"card_choices":[{"not_picked":["Thunderclap","Iron Wave"],"picked":"Whirlwind","floor":1.0},{"not_picked":["Infernal Blade","Cleave","Wild Strike"],"picked":"SKIP","floor":2.0},{"not_picked":["Rupture","Twin Strike","Clothesline"],"picked":"SKIP","floor":8.0},{"not_picked":["Evolve","Heavy Blade","Infernal Blade"],"picked":"SKIP","floor":12.0},{"not_picked":["Carnage","Pummel","Havoc"],"picked":"SKIP","floor":13.0},{"not_picked":["Body Slam"],"picked":"SKIP","floor":18.0},{"not_picked":["Havoc"],"picked":"SKIP","floor":24.0},{"not_picked":["Bludgeon"],"picked":"SKIP","floor":28.0},{"not_picked":["Bloodletting"],"picked":"SKIP","floor":31.0},{"not_picked":["Body Slam"],"picked":"SKIP","floor":35.0},{"not_picked":["Sword Boomerang+1"],"picked":"SKIP","floor":37.0},{"not_picked":["Havoc+1"],"picked":"SKIP","floor":38.0}],"player_experience":911246,"relics_obtained":[{"floor":9.0,"key":"Anchor"},{"floor":21.0,"key":"Red Mask"},{"floor":26.0,"key":"Bag of Marbles"},{"floor":28.0,"key":"WingedGreaves"},{"floor":29.0,"key":"Bottled Lightning"},{"floor":31.0,"key":"Shovel"},{"floor":32.0,"key":"Unceasing Top"}],"event_choices":[{"damage_healed":0.0,"max_hp_gain":0.0,"max_hp_loss":0.0,"gold_gain":0.0,"event_name":"Golden Idol","player_choice":"Take Damage","floor":4.0,"gold_loss":0.0,"damage_taken":20.0,"relics_obtained":["Golden Idol"]},{"damage_healed":0.0,"max_hp_gain":5.0,"max_hp_loss":0.0,"gold_gain":0.0,"event_name":"Big Fish","player_choice":"Donut","floor":5.0,"gold_loss":0.0,"damage_taken":0.0},{"cards_removed":["Defend_R"],"damage_healed":0.0,"max_hp_gain":0.0,"max_hp_loss":0.0,"gold_gain":0.0,"event_name":"Living Wall","player_choice":"Forget","floor":10.0,"gold_loss":0.0,"damage_taken":0.0},{"damage_healed":0.0,"max_hp_gain":0.0,"max_hp_loss":0.0,"gold_gain":0.0,"event_name":"Liars Game","player_choice":"Ignored","floor":14.0,"gold_loss":0.0,"damage_taken":0.0},{"damage_healed":0.0,"max_hp_gain":0.0,"max_hp_loss":0.0,"gold_gain":0.0,"event_name":"Vampires","player_choice":"Ignored","floor":19.0,"gold_loss":0.0,"damage_taken":0.0},{"damage_healed":0.0,"max_hp_gain":0.0,"max_hp_loss":0.0,"gold_gain":0.0,"event_name":"The Library","player_choice":"Read","floor":20.0,"gold_loss":0.0,"damage_taken":0.0,"cards_obtained":["Flex"]},{"damage_healed":0.0,"max_hp_gain":0.0,"max_hp_loss":0.0,"gold_gain":0.0,"event_name":"Masked Bandits","player_choice":"Fought Bandits","floor":21.0,"gold_loss":0.0,"damage_taken":0.0},{"cards_removed":["Strike_R"],"damage_healed":0.0,"max_hp_gain":0.0,"max_hp_loss":0.0,"gold_gain":0.0,"event_name":"Back to Basics","player_choice":"Elegance","floor":27.0,"gold_loss":0.0,"damage_taken":0.0},{"cards_removed":["Feed"],"damage_healed":0.0,"max_hp_gain":0.0,"max_hp_loss":0.0,"gold_gain":0.0,"event_name":"Falling","player_choice":"Removed Attack","floor":36.0,"gold_loss":0.0,"damage_taken":0.0},{"damage_healed":0.0,"max_hp_gain":0.0,"max_hp_loss":4.0,"gold_gain":0.0,"event_name":"Winding Halls","player_choice":"Max HP","floor":39.0,"gold_loss":0.0,"damage_taken":0.0}],"is_beta":false,"boss_relics":[{"not_picked":["Runic Pyramid","Pandora\u0027s Box"],"picked":"Busted Crown"},{"not_picked":["Calling Bell","Runic Cube"],"picked":"Astrolabe"}],"items_purged_floors":[3,7,22],"is_endless":false,"potions_floor_spawned":[2,8,12,21,28,33],"killed_by":"Nemesis","ascension_level":0}