{"gold_per_floor":[368,368,368,223,298,326,326,338,338,348,348,360,360,373,373,373],"floor_reached":16,"playtime":1066,"items_purged":["Regret"],"score":100,"play_id":"c129d801-7452-4257-a0e7-5c77773674b8","local_time":"20190124203225","is_ascension_mode":false,"campfire_choices":[{"data":"Body Slam","floor":7,"key":"SMITH"},{"data":"Rage","floor":11,"key":"SMITH"},{"floor":15,"key":"REST"}],"neow_cost":"TEN_PERCENT_HP_LOSS","seed_source_timestamp":378384689638732,"circlet_count":0,"master_deck":["Strike_R","Strike_R","Strike_R","Strike_R","Strike_R","Defend_R","Defend_R","Defend_R","Defend_R","Body Slam+1","Evolve","Rage+1","Thunderclap"],"relics":["Burning Blood","Matryoshka","Orichalcum","Juzu Bracelet","Paper Frog","Boot","Ancient Tea Set"],"potions_floor_usage":[12,16],"damage_taken":[{"damage":0,"enemies":"Small Slimes","floor":1,"turns":3},{"damage":29,"enemies":"3 Sentries","floor":6,"turns":13},{"damage":2,"enemies":"Jaw Worm","floor":8,"turns":4},{"damage":0,"enemies":"2 Louse","floor":10,"turns":3},{"damage":31,"enemies":"Exordium Thugs","floor":12,"turns":9},{"damage":6,"enemies":"Blue Slaver","floor":14,"turns":4},{"damage":44,"enemies":"The Guardian","floor":16,"turns":10}],"seed_played":"-6800769743888731639","potions_obtained":[{"floor":8,"key":"Fire Potion"},{"floor":10,"key":"GamblersBrew"}],"is_trial":false,"path_per_floor":["M","?","?","$","?","E","R","M","T","M","R","M","T","M","R","B"],"character_chosen":"IRONCLAD","items_purchased":["Evolve"],"campfire_rested":1,"item_purchase_floors":[4],"current_hp_per_floor":[72,72,72,72,61,38,38,42,42,48,48,23,23,23,44,0],"gold":373,"neow_bonus":"TWO_FIFTY_GOLD","is_prod":false,"is_daily":false,"chose_seed":false,"campfire_upgraded":2,"win_rate":0,"timestamp":1548361945,"path_taken":["M","?","?","$","?","E","R","M","T","M","R","M","?","M","R","BOSS"],"build_version":"2019-01-23","purchased_purges":1,"victory":false,"max_hp_per_floor":[72,72,72,72,72,72,72,72,72,72,72,72,72,72,72,72],"card_choices":[{"not_picked":["Clothesline","Wild Strike"],"picked":"Body Slam","floor":1},{"not_picked":["Body Slam","Headbutt","Sword Boomerang"],"picked":"SKIP","floor":6},{"not_picked":["Clash","Sword Boomerang","Havoc"],"picked":"SKIP","floor":8},{"not_picked":["Sword Boomerang","Anger"],"picked":"Rage","floor":10},{"not_picked":["Warcry","Twin Strike"],"picked":"Thunderclap","floor":12},{"not_picked":["Body Slam","Perfected Strike","True Grit"],"picked":"SKIP","floor":14}],"player_experience":341992,"relics_obtained":[{"floor":6,"key":"Orichalcum"},{"floor":9,"key":"Juzu Bracelet"},{"floor":9,"key":"Paper Frog"},{"floor":13,"key":"Boot"},{"floor":13,"key":"Ancient Tea Set"}],"event_choices":[{"cards_removed":["Bash"],"damage_healed":0,"gold_gain":0,"player_choice":"Forget","damage_taken":0,"max_hp_gain":0,"max_hp_loss":0,"event_name":"Living Wall","floor":2,"gold_loss":0},{"damage_healed":0,"gold_gain":0,"player_choice":"Box","damage_taken":0,"relics_obtained":["Matryoshka"],"max_hp_gain":0,"max_hp_loss":0,"event_name":"Big Fish","floor":3,"gold_loss":0,"cards_obtained":["Regret"]},{"damage_healed":0,"gold_gain":75,"player_choice":"Gather Gold","damage_taken":11,"max_hp_gain":0,"max_hp_loss":0,"event_name":"World of Goop","floor":5,"gold_loss":0}],"is_beta":false,"boss_relics":[],"items_purged_floors":[4],"is_endless":false,"potions_floor_spawned":[8,10],"killed_by":"The Guardian","ascension_level":0}