{"gold_per_floor":[215,232,246,246,171,191,210,220,269,280,292,292,303,317,317,417,417,435,404,379,379,396,396,396,315,315,240,258,258,270,270],"floor_reached":31,"playtime":3663,"items_purged":["Strike_G"],"score":235,"play_id":"904e8427-650e-401f-9c49-c2a8ac135274","local_time":"20190125174919","is_ascension_mode":false,"campfire_choices":[{"data":"Skewer","floor":12,"key":"SMITH"},{"data":"Footwork","floor":15,"key":"SMITH"},{"floor":29,"key":"REST"}],"neow_cost":"NONE","seed_source_timestamp":0,"circlet_count":0,"master_deck":["Defend_G","Defend_G","Defend_G","Defend_G","Defend_G","Strike_G","Strike_G","Strike_G","Strike_G","Survivor","Neutralize","Skewer+1","Concentrate","Self Repair","Envenom","Catalyst","Deflect","Leg Sweep","Footwork+1","Doppelganger","Deflect","Heel Hook+1","Dagger Spray","Heel Hook","Footwork","Prepared+1","Leg Sweep"],"special_seed":0,"relics":["Ring of the Serpent","Lantern","PreservedInsect","Anchor"],"potions_floor_usage":[8,11,13,16,21],"damage_taken":[{"damage":0,"enemies":"Cultist","floor":1,"turns":5},{"damage":0,"enemies":"Jaw Worm","floor":2,"turns":4},{"damage":0,"enemies":"Small Slimes","floor":3,"turns":3},{"damage":2,"enemies":"Blue Slaver","floor":6,"turns":7},{"damage":5,"enemies":"3 Louse","floor":7,"turns":6},{"damage":24,"enemies":"Exordium Wildlife","floor":8,"turns":10},{"damage":2,"enemies":"Blue Slaver","floor":10,"turns":5},{"damage":0,"enemies":"3 Louse","floor":11,"turns":4},{"damage":8,"enemies":"Exordium Wildlife","floor":13,"turns":5},{"damage":0,"enemies":"Red Slaver","floor":14,"turns":5},{"damage":41,"enemies":"Slime Boss","floor":16,"turns":19},{"damage":5,"enemies":"Spheric Guardian","floor":18,"turns":19},{"damage":12,"enemies":"2 Thieves","floor":19,"turns":5},{"damage":14,"enemies":"Colosseum Slavers","floor":21,"turns":7},{"damage":45,"enemies":"3 Cultists","floor":22,"turns":7},{"damage":2,"enemies":"Centurion and Healer","floor":28,"turns":7},{"damage":17,"enemies":"Snecko","floor":30,"turns":10},{"damage":1,"enemies":"Snake Plant","floor":31,"turns":3}],"seed_played":"-4043513688499840716","potions_obtained":[{"floor":3,"key":"FairyPotion"},{"floor":6,"key":"SpeedPotion"},{"floor":10,"key":"Fire Potion"},{"floor":11,"key":"Weak Potion"},{"floor":13,"key":"Poison Potion"},{"floor":19,"key":"Fire Potion"}],"is_trial":false,"path_per_floor":["M","M","M","?","$","M","M","M","T","M","M","R","M","M","R","B",null,"M","M","$","?","M","?","T","$","T","?","M","R","M","M"],"character_chosen":"THE_SILENT","items_purchased":["Dagger Spray","Footwork"],"campfire_rested":1,"item_purchase_floors":[20,25],"current_hp_per_floor":[70,70,70,70,70,70,70,53,53,58,65,65,64,64,64,30,70,70,58,58,44,7,7,7,7,7,7,12,33,23,22],"gold":270,"neow_bonus":"HUNDRED_GOLD","is_prod":false,"is_daily":false,"chose_seed":false,"campfire_upgraded":2,"win_rate":0,"timestamp":1548438559,"path_taken":["M","M","?","?","$","M","?","M","T","M","M","R","M","M","R","BOSS","M","M","$","?","M","?","?","$","T","?","M","R","M","M"],"build_version":"2019-01-23","purchased_purges":1,"victory":false,"max_hp_per_floor":[70,70,70,70,70,70,70,70,70,70,70,70,70,70,70,70,70,70,70,70,70,70,70,70,70,70,70,70,70,70,70],"card_choices":[{"not_picked":["Outmaneuver","Sucker Punch"],"picked":"Skewer","floor":1},{"not_picked":["Dagger Spray","Underhanded Strike"],"picked":"Flying Knee","floor":2},{"not_picked":["Deadly Poison","Outmaneuver"],"picked":"Concentrate","floor":3},{"not_picked":["Cloak And Dagger","Dagger Throw"],"picked":"Envenom","floor":6},{"not_picked":["Blade Dance","Poisoned Stab"],"picked":"Catalyst","floor":7},{"not_picked":["Concentrate","Blade Dance","Underhanded Strike"],"picked":"SKIP","floor":8},{"not_picked":["Eviscerate","Quick Slash"],"picked":"Deflect","floor":10},{"not_picked":["Sucker Punch","Quick Slash","Prepared"],"picked":"SKIP","floor":11},{"not_picked":["Prepared","Acrobatics"],"picked":"Leg Sweep","floor":13},{"not_picked":["Slice","Blade Dance"],"picked":"Footwork","floor":14},{"not_picked":["Tools of the Trade","Unload"],"picked":"Doppelganger","floor":16},{"not_picked":["Poisoned Stab","Quick Slash"],"picked":"Deflect","floor":18},{"not_picked":["Flechettes+1","Deadly Poison"],"picked":"Heel Hook+1","floor":19},{"not_picked":["Acrobatics","Masterful Stab"],"picked":"Heel Hook","floor":22},{"not_picked":["Eviscerate","Underhanded Strike"],"picked":"Prepared+1","floor":28},{"not_picked":["Backstab+1","Deflect"],"picked":"Leg Sweep","floor":30}],"player_experience":343058,"relics_obtained":[{"floor":9,"key":"Lantern"},{"floor":24,"key":"PreservedInsect"},{"floor":26,"key":"Anchor"}],"event_choices":[{"cards_removed":["Flying Knee"],"damage_healed":0,"gold_gain":0,"player_choice":"Took Card","damage_taken":0,"max_hp_gain":0,"max_hp_loss":0,"event_name":"NoteForYourself","floor":4,"gold_loss":0,"cards_obtained":["Self Repair"]},{"damage_healed":0,"gold_gain":0,"player_choice":"Fight","damage_taken":0,"max_hp_gain":0,"max_hp_loss":0,"event_name":"Colosseum","floor":21,"gold_loss":0},{"damage_healed":0,"gold_gain":0,"player_choice":"Fled From Nobs","damage_taken":0,"max_hp_gain":0,"max_hp_loss":0,"event_name":"Colosseum","floor":21,"gold_loss":0},{"damage_healed":0,"gold_gain":0,"player_choice":"Smashed Altar","damage_taken":0,"max_hp_gain":0,"max_hp_loss":0,"event_name":"Forgotten Altar","floor":23,"gold_loss":0,"cards_obtained":["Decay"]},{"cards_removed":["Decay"],"damage_healed":0,"gold_gain":0,"player_choice":"Gave Gold","damage_taken":0,"max_hp_gain":0,"max_hp_loss":0,"event_name":"Beggar","floor":27,"gold_loss":75}],"is_beta":false,"boss_relics":[{"not_picked":["Orrery","Coffee Dripper"],"picked":"Ring of the Serpent"}],"items_purged_floors":[5],"is_endless":false,"potions_floor_spawned":[3,6,10,11,13,19],"killed_by":"Snake Plant","ascension_level":0}