{"gold_per_floor":[110,4,15,33,43,71,81,96,148,175,175,175,194,213,213,311,311,325,30,50,68,82,115,125,153,153,153,187,11,110,33,33,132,132,145,161,171,171,171,204,204,222,290,306,323,356,356,0,0,0],"floor_reached":51,"playtime":6848,"items_purged":[],"score":808,"play_id":"16b81f10-3e01-42b3-bc69-c2c963bb8803","local_time":"20180806003410","is_ascension_mode":false,"campfire_choices":[{"data":"Endless Agony","floor":12,"key":"SMITH"},{"floor":15,"key":"REST"},{"floor":32,"key":"REST"},{"floor":41,"key":"REST"},{"floor":47,"key":"REST"},{"data":"Apotheosis","floor":49,"key":"SMITH"}],"neow_cost":"","seed_source_timestamp":0,"circlet_count":0,"master_deck":["Defend_G","Defend_G","Defend_G","Defend_G","Strike_G","Strike_G","Strike_G","Strike_G","Strike_G","Survivor","Neutralize","Deflect","Trip","Dash","Deadly Poison","Outmaneuver","Noxious Fumes","Endless Agony+1","Backflip","Noxious Fumes","Dagger Throw+1","Prepared","Adrenaline","Poisoned Stab","Dark Shackles","Flying Knee+1","Slice+1","Backstab","Blade Dance","Deflect+1","Footwork+1","Die Die Die","Adrenaline","Finisher","Apotheosis+1","J.A.X.","Phantasmal Killer","Slice","Noxious Fumes","Backstab","Distraction+1","Dagger Throw","Terror+1","Acrobatics","Acrobatics","Secret Weapon","Madness","Madness","Prepared+1","Dagger Throw","Finisher"],"special_seed":0,"relics":["Ring of the Snake","Oddly Smooth Stone","Regal Pillow","Pear","Runic Pyramid","Lantern","Bottled Flame","Whetstone","Tough Bandages","Shuriken","Orrery","Gremlin Horn","Frozen Egg 2","Matryoshka","Red Mask"],"potions_floor_usage":[10,16,23,23,25,28,40,45,46,50],"damage_taken":[{"damage":1.0,"enemies":"Cultist","floor":1.0,"turns":4.0},{"damage":0.0,"enemies":"Small Slimes","floor":3.0,"turns":5.0},{"damage":3.0,"enemies":"2 Louse","floor":4.0,"turns":3.0},{"damage":0.0,"enemies":"Blue Slaver","floor":5.0,"turns":4.0},{"damage":11.0,"enemies":"3 Sentries","floor":6.0,"turns":11.0},{"damage":10,"enemies":"Large Slime","floor":7,"turns":6},{"damage":0,"enemies":"3 Louse","floor":8,"turns":3},{"damage":7,"enemies":"Gremlin Nob","floor":10,"turns":5},{"damage":0,"enemies":"Looter","floor":13,"turns":2},{"damage":11,"enemies":"Exordium Wildlife","floor":14,"turns":3},{"damage":51,"enemies":"Hexaghost","floor":16,"turns":10},{"damage":1,"enemies":"3 Byrds","floor":18,"turns":4},{"damage":0,"enemies":"Shell Parasite","floor":20,"turns":4},{"damage":0,"enemies":"Chosen and Byrds","floor":21,"turns":5},{"damage":0,"enemies":"Centurion and Healer","floor":22,"turns":5},{"damage":22,"enemies":"Slavers","floor":23,"turns":6},{"damage":0,"enemies":"Cultist and Chosen","floor":24,"turns":5},{"damage":0,"enemies":"Gremlin Leader","floor":25,"turns":8},{"damage":16,"enemies":"Book of Stabbing","floor":28,"turns":5},{"damage":20,"enemies":"Automaton","floor":33,"turns":7},{"damage":0,"enemies":"Orb Walker","floor":35,"turns":1},{"damage":8,"enemies":"3 Shapes","floor":36,"turns":5},{"damage":0,"enemies":"Maw","floor":37,"turns":6},{"damage":34,"enemies":"2 Orb Walkers","floor":40,"turns":6},{"damage":0,"enemies":"Flame Bruiser 2 Orb","floor":42,"turns":4},{"damage":0,"enemies":"Transient","floor":44,"turns":5},{"damage":14,"enemies":"3 Darklings","floor":45,"turns":3},{"damage":5,"enemies":"Giant Head","floor":46,"turns":4},{"damage":57,"enemies":"Donu and Deca","floor":50,"turns":7}],"seed_played":"402798944533701846","potions_obtained":[{"floor":3.0,"key":"SpeedPotion"},{"floor":4.0,"key":"Explosive Potion"},{"floor":10,"key":"SpeedPotion"},{"floor":13,"key":"Explosive Potion"},{"floor":21,"key":"GhostInAJar"},{"floor":25,"key":"PowerPotion"},{"floor":33,"key":"SpeedPotion"},{"floor":40,"key":"Block Potion"},{"floor":42,"key":"LiquidBronze"},{"floor":45,"key":"Swift Potion"}],"is_trial":false,"path_per_floor":["M","$","M","M","M","E","M","M","T","E","?","R","M","M","R","B",null,"M","$","M","M","M","E","M","E","T","?","E","$","?","?","R","B",null,"M","M","M","?","?","E","R","M","T","M","M","E","R","?","R","B"],"character_chosen":"THE_SILENT","items_purchased":["Trip","Lantern","Dark Shackles","Flying Knee","Apotheosis"],"campfire_rested":4,"item_purchase_floors":[2,19,19,19,29],"current_hp_per_floor":[69,69,69,66,66,55,45,45,45,48,48,48,48,37,76,25,80,79,79,79,79,79,57,57,57,57,57,41,41,41,41,80,60,80,80,72,72,72,62,28,67,67,67,67,53,48,80,80,80,23],"gold":0,"neow_bonus":"","is_prod":false,"is_daily":false,"chose_seed":false,"campfire_upgraded":2,"win_rate":0.0,"timestamp":1533504850,"path_taken":["M","$","M","?","?","E","M","M","T","E","?","R","M","M","R","BOSS","M","$","M","M","M","E","M","E","T","?","E","$","?","?","R","BOSS","M","M","M","?","?","E","R","M","T","M","?","E","R","?","R","BOSS"],"build_version":"2018-08-02","purchased_purges":0,"victory":true,"max_hp_per_floor":[70,70,70,70,70,70,70,70,70,80,80,80,80,80,80,80,80,80,80,80,80,80,80,80,80,80,80,80,80,80,80,80,80,80,80,80,80,80,80,80,80,80,80,80,80,80,80,80,80,80],"card_choices":[{"not_picked":["Blade Dance","Quick Slash"],"picked":"Deflect","floor":1.0},{"not_picked":["Poisoned Stab","Blade Dance"],"picked":"Dash","floor":3.0},{"not_picked":["Poisoned Stab","Distraction"],"picked":"Deadly Poison","floor":4.0},{"not_picked":["Blade Dance","Unload"],"picked":"Outmaneuver","floor":5.0},{"not_picked":["Dagger Spray","Acrobatics"],"picked":"Noxious Fumes","floor":6.0},{"not_picked":["Outmaneuver","Masterful Stab"],"picked":"Endless Agony","floor":7},{"not_picked":["Heel Hook","Noxious Fumes"],"picked":"Backflip","floor":8},{"not_picked":["PiercingWail","Deflect"],"picked":"Noxious Fumes","floor":10},{"not_picked":["Slice","Calculated Gamble"],"picked":"Dagger Throw","floor":13},{"not_picked":["Underhanded Strike","Heel Hook"],"picked":"Prepared","floor":14},{"not_picked":["Burst","Die Die Die"],"picked":"Adrenaline","floor":16},{"not_picked":["Bouncing Flask","Distraction"],"picked":"Poisoned Stab","floor":18},{"not_picked":["Prepared","Outmaneuver"],"picked":"Slice+1","floor":20},{"not_picked":["Deflect","Well Laid Plans"],"picked":"Backstab","floor":21},{"not_picked":["Bouncing Flask","Flying Knee+1"],"picked":"Blade Dance","floor":22},{"not_picked":["Blade Dance+1","Backflip"],"picked":"Deflect+1","floor":23},{"not_picked":["Dodge and Roll+1","Backflip"],"picked":"Footwork+1","floor":24},{"not_picked":["Flying Knee+1","Poisoned Stab"],"picked":"Die Die Die","floor":25},{"not_picked":["Crippling Poison","Leg Sweep"],"picked":"Finisher","floor":28},{"not_picked":["Glass Knife","Malaise"],"picked":"Phantasmal Killer","floor":33},{"not_picked":["Outmaneuver","Choke"],"picked":"Slice","floor":34},{"not_picked":["Slice","Eviscerate+1"],"picked":"Noxious Fumes","floor":34},{"not_picked":["Underhanded Strike+1","Flying Knee"],"picked":"Backstab","floor":34},{"not_picked":["Underhanded Strike","Deflect+1"],"picked":"Distraction+1","floor":34},{"not_picked":["Outmaneuver","Crippling Poison"],"picked":"Dagger Throw","floor":34},{"not_picked":["Poisoned Stab","Flying Knee"],"picked":"Terror+1","floor":35},{"not_picked":["Deadly Poison+1","Flechettes"],"picked":"Acrobatics","floor":36},{"not_picked":["Underhanded Strike+1","Venomology"],"picked":"Acrobatics","floor":37},{"not_picked":["Transmutation","Thinking Ahead"],"picked":"Secret Weapon","floor":38},{"not_picked":["Deflect+1","Calculated Gamble+1"],"picked":"Prepared+1","floor":40},{"not_picked":["Flying Knee","Distraction+1"],"picked":"Dagger Throw","floor":42},{"not_picked":["PiercingWail+1","Venomology","Eviscerate+1"],"picked":"SKIP","floor":44},{"not_picked":["Underhanded Strike","Backstab"],"picked":"Finisher","floor":45},{"not_picked":["Blade Dance","All Out Attack","Eviscerate+1"],"picked":"SKIP","floor":46}],"player_experience":5592,"relics_obtained":[{"floor":6.0,"key":"Oddly Smooth Stone"},{"floor":9,"key":"Regal Pillow"},{"floor":10,"key":"Pear"},{"floor":23,"key":"Bottled Flame"},{"floor":25,"key":"Whetstone"},{"floor":26,"key":"Tough Bandages"},{"floor":28,"key":"Shuriken"},{"floor":40,"key":"Gremlin Horn"},{"floor":43,"key":"Frozen Egg 2"},{"floor":46,"key":"Matryoshka"}],"event_choices":[{"event_name":"Bonfire Elementals","player_choice":"BASIC","floor":11,"damage_taken":0},{"event_name":"Duplicator","player_choice":"One dupe","floor":27,"damage_taken":0},{"event_name":"Nest","player_choice":"Stole From Cult","floor":30,"damage_taken":0},{"event_name":"Drug Dealer","player_choice":"Got JAXXED","floor":31,"damage_taken":0},{"event_name":"SensoryStone","player_choice":"Memory 1","floor":38,"damage_taken":0},{"event_name":"Winding Halls","player_choice":"Embrace Madness","floor":39,"damage_taken":0},{"event_name":"Tomb of Lord Red Mask","player_choice":"Paid","floor":48,"damage_taken":0}],"is_beta":false,"boss_relics":[{"not_picked":["Velvet Choker","Runic Dome"],"picked":"Runic Pyramid"},{"not_picked":["WristBlade","Coffee Dripper"],"picked":"Orrery"}],"items_purged_floors":[],"is_endless":false,"potions_floor_spawned":[3,4,10,13,21,22,25,33,40,42,45],"ascension_level":0}