{"path_per_floor":["M","M","?","?","M","R","?","E","T","E","?","M","$","M","R","B",null,"M","M","?","M","$"],"character_chosen":"IRONCLAD","items_purchased":["Bottled Lightning","Bronze Scales","Headbutt"],"gold_per_floor":[114,132,132,132,148,148,176,201,224,259,259,276,23,35,35,140,140,157,175,175,195,21],"floor_reached":23,"campfire_rested":1,"playtime":907,"current_hp_per_floor":[80,80,80,68,59,59,43,30,30,12,12,18,18,38,62,19,80,80,51,51,48,48],"items_purged":[],"gold":21,"score":201,"play_id":"7e01366d-e9e3-4468-b497-70265fa56b91","local_time":"20180304114603","is_prod":false,"is_daily":false,"is_ascension_mode":false,"campfire_upgraded":1,"timestamp":1520181963,"path_taken":["M","M","?","?","M","R","?","E","T","E","?","?","?","M","R","BOSS","M","M","?","M","?","E"],"build_version":"2018-03-01-PROD1","purchased_purges":0,"victory":false,"master_deck":["Strike_R+1","Strike_R+1","Strike_R+1","Strike_R+1","Strike_R+1","Defend_R+1","Defend_R+1","Defend_R+1","Defend_R+1","Bash","Whirlwind","Perfected Strike+1","Reaper","Thunderclap","Armaments+1","Inflame","Limit Break","Regret","Warcry+1","Twin Strike+1","Twin Strike+1","Headbutt"],"max_hp_per_floor":[80,80,80,80,80,80,80,80,80,80,80,80,80,80,80,80,80,80,80,80,80,80],"relics":["Burning Blood","Pen Nib","Charon\u0027s Ashes","Odd Mushroom","Omamori","War Paint","Bag of Marbles","Bottled Lightning","Calling Bell","Meat on the Bone","Regal Pillow","Anchor","Bronze Scales"],"card_choices":[{"not_picked":["Bloodletting","Thunderclap"],"picked":"Whirlwind"},{"not_picked":["Twin Strike","True Grit"],"picked":"Perfected Strike"},{"not_picked":["Perfected Strike","Carnage"],"picked":"Reaper"},{"not_picked":["True Grit","Spot Weakness"],"picked":"Thunderclap"},{"not_picked":["Body Slam","Warcry"],"picked":"Armaments"},{"not_picked":["Blood for Blood","Iron Wave"],"picked":"Inflame"},{"not_picked":["Feed","Immolate"],"picked":"Limit Break"},{"not_picked":["Corruption","Clash"],"picked":"Warcry"},{"not_picked":["Warcry","Rampage"],"picked":"Twin Strike"},{"not_picked":["Body Slam","Seeing Red"],"picked":"Twin Strike"}],"player_experience":81829,"potions_floor_usage":[8,14,16,16,16,23,23],"damage_taken":[{"damage":5,"enemies":"Cultist","floor":1,"turns":4},{"damage":5,"enemies":"Small Slimes","floor":2,"turns":3},{"damage":15,"enemies":"Jaw Worm","floor":5,"turns":4},{"damage":22,"enemies":"The Mushroom Lair","floor":7,"turns":3},{"damage":19,"enemies":"3 Sentries","floor":8,"turns":5},{"damage":28,"enemies":"Gremlin Nob","floor":10,"turns":5},{"damage":0,"enemies":"Blue Slaver","floor":12,"turns":3},{"damage":16,"enemies":"Exordium Wildlife","floor":14,"turns":2},{"damage":55,"enemies":"The Guardian","floor":16,"turns":11},{"damage":10,"enemies":"3 Byrds","floor":18,"turns":4},{"damage":57,"enemies":"Shell Parasite","floor":19,"turns":9},{"damage":21,"enemies":"Snake Plant","floor":21,"turns":3},{"damage":49,"enemies":"Gremlin Leader","floor":23,"turns":4}],"event_choices":[{"event_name":"The Cleric","player_choice":"Leave","floor":3,"damage_taken":0},{"event_name":"Scrap Ooze","player_choice":"success","floor":4,"damage_taken":12},{"event_name":"Mushrooms","player_choice":"Fought Mushrooms","floor":7,"damage_taken":0},{"event_name":"Upgrade Shrine","player_choice":"Upgraded","floor":11,"damage_taken":0},{"event_name":"Back to Basics","player_choice":"Simplicity","floor":20,"damage_taken":0}],"boss_relics":[{"not_picked":["Ectoplasm","Tiny House"],"picked":"Calling Bell"}],"potions_floor_spawned":[1,5,8,12,14,16,21],"seed_played":"6347644074138235288","killed_by":"Gremlin Leader","ascension_level":0,"is_trial":false}