{"gold_per_floor":[116,66,18,29,3,28,28,46,46,46,46,70,20,20,20,117,117,129,129,23,23,43,43,57,57,80,90,90,110,110,32,32,135,135,155,18,30,40,52,52,81,81,159,172,172,184,184,184,184,184],"floor_reached":50,"playtime":2067,"items_purged":["Strike_B","Normality"],"score":593,"play_id":"a9b50d08-d4b9-46b6-885f-a58865c27a94","local_time":"20180702230455","is_ascension_mode":false,"campfire_choices":[{"data":"Gash","floor":7,"key":"SMITH"},{"data":"Gash","floor":11,"key":"SMITH"},{"data":"Gash","floor":15,"key":"SMITH"},{"data":"Sunder","floor":23,"key":"SMITH"},{"data":"Hologram","floor":25,"key":"SMITH"},{"data":"Gash","floor":30,"key":"SMITH"},{"data":"Zap","floor":32,"key":"SMITH"},{"floor":40,"key":"REST"},{"floor":45,"key":"REST"},{"data":"Echo Form","floor":47,"key":"SMITH"},{"floor":49,"key":"REST"}],"neow_cost":"NONE","seed_source_timestamp":1659413060227568,"circlet_count":0,"master_deck":["Defend_B","Defend_B","Defend_B","Defend_B","Zap+1","Dualcast","Gash+1","Gash+1","Cold Snap","Hologram+1","Rebound","Gash+1","All For One","Go for the Eyes","Bite","Bite","Bite","Bite","Bite","Good Instincts","Zap","Sunder+1","Streamline+1","Gash+1","Stack","Sunder","Echo Form+1","Injury","Injury","Scrape","Hello World","Go for the Eyes","Hologram+1","Gash","Go for the Eyes","Scrape","Gash+1","Ball Lightning+1","Madness","Madness"],"relics":["Cracked Core","NeowsBlessing","Smiling Mask","Pear","Inserter","Oddly Smooth Stone","Du-Vu Doll","Calling Bell","Boot","Meat on the Bone","Torii","Bronze Scales","Matryoshka"],"potions_floor_usage":[16,33,33,39,39,39,50,50,50,50,50],"damage_taken":[{"damage":0,"enemies":"Jaw Worm","floor":1,"turns":1},{"damage":0,"enemies":"Small Slimes","floor":4,"turns":1},{"damage":0,"enemies":"3 Sentries","floor":6,"turns":1},{"damage":0,"enemies":"Cultist","floor":8,"turns":2},{"damage":23,"enemies":"Slime Boss","floor":16,"turns":8},{"damage":6,"enemies":"Shell Parasite","floor":18,"turns":4},{"damage":7,"enemies":"Chosen","floor":22,"turns":4},{"damage":7,"enemies":"Snecko","floor":24,"turns":4},{"damage":25,"enemies":"Centurion and Healer","floor":27,"turns":4},{"damage":6,"enemies":"Cultist and Chosen","floor":29,"turns":6},{"damage":67,"enemies":"Collector","floor":33,"turns":7},{"damage":20,"enemies":"3 Shapes","floor":35,"turns":3},{"damage":37,"enemies":"3 Darklings","floor":37,"turns":6},{"damage":28,"enemies":"4 Shapes","floor":38,"turns":5},{"damage":22,"enemies":"Sphere and 2 Shapes","floor":39,"turns":5},{"damage":38,"enemies":"Nemesis","floor":41,"turns":6},{"damage":19,"enemies":"3 Darklings","floor":44,"turns":3},{"damage":38,"enemies":"Maw","floor":46,"turns":7},{"damage":72,"enemies":"Donu and Deca","floor":50,"turns":5}],"seed_played":"7674464798413828223","potions_obtained":[{"floor":8,"key":"Fruit Juice"},{"floor":10,"key":"EntropicBrew"},{"floor":10,"key":"LiquidBronze"},{"floor":27,"key":"Strength Potion"},{"floor":35,"key":"EntropicBrew"},{"floor":39,"key":"GamblersBrew"},{"floor":44,"key":"FearPotion"}],"is_trial":false,"path_per_floor":["M","?","$","M","$","E","R","M","T","?","R","T","$","$","R","B",null,"M","?","$","?","M","R","M","R","T","M","T","M","R","$","R","B",null,"M","$","M","M","M","R","E","?","T","M","R","M","R","?","R"],"character_chosen":"DEFECT","items_purchased":["Gash","Hologram","Good Instincts","Sunder","Hello World","Go for the Eyes"],"campfire_rested":3,"item_purchase_floors":[3,5,20,31,36,36],"current_hp_per_floor":[75,75,75,75,75,75,75,75,85,85,85,85,85,85,85,67,90,84,84,84,84,81,81,82,82,82,63,63,65,65,65,65,8,90,76,76,51,39,31,58,40,40,40,35,62,44,44,33,60,0],"gold":184,"neow_bonus":"THREE_ENEMY_KILL","is_prod":false,"is_daily":false,"chose_seed":false,"campfire_upgraded":8,"win_rate":0,"timestamp":1530587095,"path_taken":["M","?","?","M","$","E","R","?","T","?","R","?","?","$","R","BOSS","M","?","$","?","M","R","M","R","T","M","?","M","R","$","R","BOSS","M","$","M","?","M","R","E","?","T","M","R","M","R","?","R","BOSS"],"build_version":"2018-06-28","purchased_purges":2,"victory":false,"max_hp_per_floor":[75,75,75,75,75,75,75,75,85,85,85,85,85,85,85,90,90,90,90,90,90,90,90,90,90,90,90,90,90,90,90,90,90,90,90,90,90,90,90,90,90,90,90,90,90,90,90,90,90,90],"card_choices":[{"not_picked":["White Noise","Cold Snap"],"picked":"Gash","floor":1},{"not_picked":["Compile Driver","Recycle"],"picked":"Cold Snap","floor":4},{"not_picked":["Darkness","Ball Lightning"],"picked":"Rebound","floor":6},{"not_picked":["Self Repair","Stack"],"picked":"Gash","floor":8},{"not_picked":["Core Surge","Electrodynamics"],"picked":"All For One","floor":16},{"not_picked":["Rebound+1","Sweeping Beam"],"picked":"Go for the Eyes","floor":18},{"not_picked":["Auto Shields","Self Repair"],"picked":"Sunder","floor":22},{"not_picked":["Tempest","Barrage+1"],"picked":"Streamline+1","floor":24},{"not_picked":["Turbo","Blizzard"],"picked":"Gash","floor":27},{"not_picked":["Chaos","Sweeping Beam"],"picked":"Stack","floor":29},{"not_picked":["Biased Cognition","Core Surge"],"picked":"Echo Form","floor":33},{"not_picked":["Chaos","Turbo"],"picked":"Scrape","floor":35},{"not_picked":["Rip and Tear","Recycle"],"picked":"Hologram+1","floor":37},{"not_picked":["Rebound+1","Scrape+1"],"picked":"Gash","floor":38},{"not_picked":["Reprogram","Storm"],"picked":"Go for the Eyes","floor":39},{"not_picked":["Conserve Battery+1","Rip and Tear"],"picked":"Scrape","floor":41},{"not_picked":["Hologram+1","Cold Snap"],"picked":"Gash+1","floor":44},{"not_picked":["Rip and Tear","Hyperbeam"],"picked":"Ball Lightning+1","floor":46}],"player_experience":544197,"relics_obtained":[{"floor":6,"key":"Smiling Mask"},{"floor":9,"key":"Pear"},{"floor":12,"key":"Blood Vial"},{"floor":26,"key":"Oddly Smooth Stone"},{"floor":28,"key":"Du-Vu Doll"},{"floor":34,"key":"Boot"},{"floor":34,"key":"Meat on the Bone"},{"floor":34,"key":"Torii"},{"floor":41,"key":"Bronze Scales"},{"floor":43,"key":"Matryoshka"}],"event_choices":[{"event_name":"The Cleric","player_choice":"Card Removal","floor":2,"damage_taken":0},{"event_name":"The Lab","player_choice":"Got Potions","floor":10,"damage_taken":0},{"event_name":"Vampires","player_choice":"Became a vampire (Vial)","floor":19,"damage_taken":0},{"event_name":"Match and Keep!","player_choice":"1 cards matched","floor":21,"damage_taken":0},{"event_name":"The Moai Head","player_choice":"Ignored","floor":42,"damage_taken":0},{"event_name":"Winding Halls","player_choice":"Embrace Madness","floor":48,"damage_taken":0}],"boss_relics":[{"not_picked":["Velvet Choker","Snecko Eye"],"picked":"Inserter"},{"not_picked":["Runic Dome","Pandora\u0027s Box"],"picked":"Calling Bell"}],"items_purged_floors":[13,36],"is_endless":false,"potions_floor_spawned":[8,27,29,35,39,44],"killed_by":"Donu and Deca","ascension_level":0}