{"gold_per_floor":[110,126,51,51,51,76,94,94,120,138,148,148,158,168,168,244,244,244,244,244,144,144,144,144,144,144,144,144,144,144,144,144,144],"floor_reached":33,"playtime":1550,"items_purged":["Defend_R","Strike_R"],"score":536,"play_id":"01943f44-a702-44cf-ac68-6f17bab8519d","local_time":"20190224220347","is_ascension_mode":true,"campfire_choices":[{"data":"Flame Barrier","floor":12.0,"key":"SMITH"},{"data":"Immolate","floor":15.0,"key":"SMITH"},{"data":"Bash","floor":23.0,"key":"SMITH"},{"data":"True Grit","floor":27.0,"key":"SMITH"},{"data":"Offering","floor":32,"key":"SMITH"}],"neow_cost":"NONE","seed_source_timestamp":0,"circlet_count":0,"master_deck":["AscendersBane","Strike_R","Strike_R","Strike_R","Strike_R","Defend_R","Defend_R","Bash+1","Flame Barrier+1","Battle Trance","Immolate+1","True Grit+1","Offering+1","Warcry"],"special_seed":0,"relics":["Burning Blood","NeowsBlessing","Nunchaku","Mercury Hourglass","Omamori","Ectoplasm","Happy Flower","Darkstone Periapt"],"potions_floor_usage":[33],"damage_taken":[{"damage":0.0,"enemies":"Cultist","floor":1.0,"turns":1.0},{"damage":0.0,"enemies":"Jaw Worm","floor":2.0,"turns":1.0},{"damage":0.0,"enemies":"Gremlin Nob","floor":6.0,"turns":1.0},{"damage":3.0,"enemies":"2 Louse","floor":7.0,"turns":3.0},{"damage":7.0,"enemies":"Red Slaver","floor":10.0,"turns":3.0},{"damage":6.0,"enemies":"Looter","floor":11.0,"turns":3.0},{"damage":6.0,"enemies":"Exordium Thugs","floor":13.0,"turns":2.0},{"damage":1.0,"enemies":"2 Fungi Beasts","floor":14.0,"turns":3.0},{"damage":62.0,"enemies":"The Guardian","floor":16.0,"turns":10.0},{"damage":2.0,"enemies":"Chosen","floor":18.0,"turns":4.0},{"damage":0.0,"enemies":"3 Byrds","floor":20.0,"turns":2.0},{"damage":21.0,"enemies":"Centurion and Healer","floor":22.0,"turns":3.0},{"damage":0.0,"enemies":"Snake Plant","floor":24.0,"turns":2.0},{"damage":23.0,"enemies":"Book of Stabbing","floor":25.0,"turns":5.0},{"damage":9,"enemies":"Cultist and Chosen","floor":29,"turns":2},{"damage":7,"enemies":"3 Cultists","floor":30,"turns":3},{"damage":20,"enemies":"Shelled Parasite and Fungi","floor":31,"turns":3},{"damage":42,"enemies":"Champ","floor":33,"turns":5}],"seed_played":"-4132599018884413492","potions_obtained":[{"floor":6.0,"key":"Regen Potion"},{"floor":7.0,"key":"SpeedPotion"},{"floor":16.0,"key":"Explosive Potion"},{"floor":19.0,"key":"Explosive Potion"},{"floor":25.0,"key":"Strength Potion"},{"floor":31,"key":"BloodPotion"}],"is_trial":false,"path_per_floor":["M","M","$","?","T","E","M","?","T","M","M","R","M","M","R","B",null,"M","?","M","$","M","R","M","E","T","R","?","M","M","M","R","B"],"character_chosen":"IRONCLAD","items_purchased":[],"campfire_rested":0,"item_purchase_floors":[],"current_hp_per_floor":[74,75,75,75,75,75,75,75,75,74,74,74,74,75,75,19,61,65,65,71,71,56,56,62,45,45,45,45,42,41,27,27,0],"gold":144,"neow_bonus":"THREE_ENEMY_KILL","is_prod":false,"is_daily":false,"chose_seed":false,"campfire_upgraded":5,"win_rate":0,"timestamp":1551013427,"path_taken":["M","M","$","?","?","E","M","?","T","M","M","R","M","?","R","BOSS","M","?","M","?","M","R","M","E","T","R","?","M","?","M","R","BOSS"],"build_version":"2019-01-23","purchased_purges":2,"victory":false,"max_hp_per_floor":[75,75,75,75,75,75,75,75,75,75,75,75,75,75,75,75,75,75,75,75,75,75,75,75,75,75,75,75,75,75,75,75,75],"card_choices":[{"not_picked":["Perfected Strike","True Grit"],"picked":"Flame Barrier","floor":1.0},{"not_picked":["Combust","Armaments","Uppercut"],"picked":"SKIP","floor":2.0},{"not_picked":["Blood for Blood","Ghostly Armor","Sword Boomerang"],"picked":"SKIP","floor":6.0},{"not_picked":["Bloodletting","Inflame"],"picked":"Battle Trance","floor":7.0},{"not_picked":["Dropkick","Reckless Charge","Bloodletting"],"picked":"SKIP","floor":11.0},{"not_picked":["Infernal Blade","Spot Weakness","Inflame"],"picked":"SKIP","floor":13.0},{"not_picked":["Inflame","Heavy Blade"],"picked":"True Grit","floor":14.0},{"not_picked":["Fiend Fire","Double Tap"],"picked":"Offering","floor":16.0},{"not_picked":["Rage","Thunderclap","Fire Breathing"],"picked":"SKIP","floor":18.0},{"not_picked":["Havoc","Body Slam","Dropkick"],"picked":"SKIP","floor":20.0},{"not_picked":["Armaments","Wild Strike+1","Clash"],"picked":"SKIP","floor":22.0},{"not_picked":["Cleave","Thunderclap","Flex"],"picked":"SKIP","floor":24.0},{"not_picked":["Body Slam","Flex"],"picked":"Warcry","floor":25.0},{"not_picked":["Twin Strike","Pommel Strike","Sword Boomerang"],"picked":"SKIP","floor":29},{"not_picked":["Cleave","Second Wind","Rampage"],"picked":"SKIP","floor":30},{"not_picked":["True Grit","Clothesline","Entrench"],"picked":"SKIP","floor":31}],"player_experience":930034,"relics_obtained":[{"floor":5.0,"key":"Nunchaku"},{"floor":6.0,"key":"Mercury Hourglass"},{"floor":9.0,"key":"Omamori"},{"floor":25.0,"key":"Happy Flower"},{"floor":26.0,"key":"Darkstone Periapt"}],"event_choices":[{"cards_removed":["Defend_R"],"damage_healed":0.0,"max_hp_gain":0.0,"max_hp_loss":0.0,"gold_gain":0.0,"event_name":"Living Wall","player_choice":"Forget","floor":4.0,"gold_loss":0.0,"damage_taken":0.0},{"damage_healed":0.0,"max_hp_gain":0.0,"max_hp_loss":0.0,"gold_gain":0.0,"event_name":"Match and Keep!","player_choice":"1 cards matched","floor":8.0,"gold_loss":0.0,"damage_taken":0.0,"cards_obtained":["Immolate"]},{"damage_healed":0.0,"max_hp_gain":0.0,"max_hp_loss":0.0,"gold_gain":0.0,"event_name":"Lab","player_choice":"Got Potions","floor":19.0,"gold_loss":0.0,"damage_taken":0.0},{"damage_healed":0,"gold_gain":0,"player_choice":"Leave","damage_taken":0,"max_hp_gain":0,"max_hp_loss":0,"event_name":"FaceTrader","floor":28,"gold_loss":0}],"is_beta":false,"boss_relics":[{"not_picked":["Runic Dome","Snecko Eye"],"picked":"Ectoplasm"}],"items_purged_floors":[3,21],"is_endless":false,"potions_floor_spawned":[6,7,16,20,25,30,31],"killed_by":"Champ","ascension_level":16}