{"gold_per_floor":[119,138,158,169,67,67,67,86,136,149,51,70,70,87,87,189,189,209,459,459,459,439,439,364,364,364,364,381,296,316,198,198,301,301,312,323,323,323,323],"floor_reached":39,"playtime":1893,"items_purged":["Strike_B","Strike_B"],"score":373,"play_id":"e56958ae-b89e-472e-bd95-e02be075072c","local_time":"20180624163334","is_ascension_mode":false,"campfire_choices":[{"data":"Defragment","floor":6,"key":"SMITH"},{"data":"Defragment","floor":13,"key":"SMITH"},{"data":"Loop","floor":15,"key":"SMITH"},{"data":"Capacitor","floor":23,"key":"SMITH"},{"data":"Biased Cognition","floor":25,"key":"SMITH"},{"data":"Gash","floor":27,"key":"SMITH"},{"floor":32,"key":"REST"}],"neow_cost":"NONE","seed_source_timestamp":944904989683714,"circlet_count":0,"master_deck":["Strike_B+1","Defend_B","Defend_B","Zap","Dualcast","Defragment+1","Hello World","Stack","Gash+1","Defragment+1","Conserve Battery","Loop+1","Cold Snap","Redo","Biased Cognition+1","Gash+1","Capacitor+1","Genetic Algorithm","Cold Snap","Stack","Self Repair","Electrodynamics","Sweeping Beam+1","Hyperbeam+1","Rainbow+1","Defragment+1","Blizzard+1"],"relics":["Cracked Core","NeowsBlessing","Whetstone","Orrery","Matryoshka","Boot","Smiling Mask","Bronze Scales","Astrolabe"],"potions_floor_usage":[16,33,33],"damage_taken":[{"damage":0,"enemies":"Cultist","floor":1,"turns":1},{"damage":0,"enemies":"2 Louse","floor":2,"turns":1},{"damage":0,"enemies":"Jaw Worm","floor":3,"turns":1},{"damage":6,"enemies":"Blue Slaver","floor":4,"turns":4},{"damage":0,"enemies":"Looter","floor":8,"turns":4},{"damage":0,"enemies":"Large Slime","floor":10,"turns":4},{"damage":1,"enemies":"3 Louse","floor":12,"turns":3},{"damage":2,"enemies":"2 Fungi Beasts","floor":14,"turns":4},{"damage":18,"enemies":"Slime Boss","floor":16,"turns":9},{"damage":1,"enemies":"Spheric Guardian","floor":18,"turns":4},{"damage":25,"enemies":"2 Thieves","floor":22,"turns":4},{"damage":16,"enemies":"Centurion and Healer","floor":28,"turns":7},{"damage":8,"enemies":"Snecko","floor":30,"turns":5},{"damage":29,"enemies":"Collector","floor":33,"turns":13},{"damage":9,"enemies":"3 Shapes","floor":35,"turns":3},{"damage":39,"enemies":"3 Darklings","floor":36,"turns":3},{"damage":34,"enemies":"Sphere and 2 Shapes","floor":39,"turns":3}],"seed_played":"7808784839402188110","potions_obtained":[{"floor":1,"key":"Swift Potion"},{"floor":3,"key":"EssenceOfSteel"},{"floor":4,"key":"Regen Potion"},{"floor":22,"key":"SteroidPotion"},{"floor":33,"key":"EssenceOfSteel"}],"is_trial":false,"path_per_floor":["M","M","M","M","$","R","$","M","T","M","$","M","R","M","R","B",null,"M","?","?","?","M","R","?","R","T","R","M","?","M","$","R","B",null,"M","M","?","?"],"character_chosen":"DEFECT","items_purchased":["Defragment","Conserve Battery","Cold Snap","Self Repair"],"campfire_rested":1,"item_purchase_floors":[5,5,11,31],"current_hp_per_floor":[75,75,75,69,69,69,69,69,69,69,69,68,68,66,66,48,75,74,74,74,74,49,49,49,49,49,49,33,33,25,25,47,40,75,66,34,34,34,0],"gold":323,"neow_bonus":"THREE_ENEMY_KILL","is_prod":false,"is_daily":false,"chose_seed":false,"campfire_upgraded":6,"win_rate":0,"timestamp":1529872414,"path_taken":["M","M","?","M","?","R","$","M","T","M","$","M","R","M","R","BOSS","M","?","?","?","M","R","?","R","T","R","M","?","M","$","R","BOSS","M","M","?","?","M"],"build_version":"2018-06-21v2","purchased_purges":2,"victory":false,"max_hp_per_floor":[75,75,75,75,75,75,75,75,75,75,75,75,75,75,75,75,75,75,75,75,75,75,75,75,75,75,75,75,75,75,75,75,75,75,75,75,75,75,75],"card_choices":[{"not_picked":["Cold Snap","Lockon"],"picked":"Defragment","floor":1},{"not_picked":["Rebound","Beam Cell"],"picked":"Hello World","floor":2},{"not_picked":["Auto Shields","Go for the Eyes"],"picked":"Stack","floor":3},{"not_picked":["Beam Cell","Conserve Battery"],"picked":"Gash","floor":4},{"not_picked":["Heatsinks","Hello World"],"picked":"Loop","floor":8},{"not_picked":["Scrape","Conserve Battery"],"picked":"Coolheaded","floor":10},{"not_picked":["Compile Driver","Rainbow","Aggregate"],"picked":"SKIP","floor":12},{"not_picked":["Streamline","Steam"],"picked":"Redo","floor":14},{"not_picked":["Fission","Buffer"],"picked":"Biased Cognition","floor":16},{"not_picked":["Stack","Hologram"],"picked":"Gash","floor":17},{"not_picked":["Undo","Beam Cell"],"picked":"Capacitor","floor":17},{"not_picked":["Stack","Steam"],"picked":"Genetic Algorithm","floor":17},{"not_picked":["Leap","Redo"],"picked":"Cold Snap","floor":17},{"not_picked":["Reinforced Body","Hologram","Compile Driver"],"picked":"SKIP","floor":18},{"not_picked":["Turbo","Streamline","Glacier"],"picked":"SKIP","floor":22},{"not_picked":["Sunder","Reinforced Body","Fission"],"picked":"SKIP","floor":28},{"not_picked":["Compile Driver","Cold Snap"],"picked":"Stack","floor":30},{"not_picked":["Meteor Strike","All For One"],"picked":"Electrodynamics","floor":33},{"not_picked":["Streamline","Steam"],"picked":"Defragment+1","floor":35},{"not_picked":["Force Field","Go for the Eyes"],"picked":"Blizzard+1","floor":36}],"player_experience":523398,"relics_obtained":[{"floor":9,"key":"Whetstone"},{"floor":26,"key":"Boot"},{"floor":26,"key":"Smiling Mask"}],"event_choices":[{"event_name":"Golden Shrine","player_choice":"Desecrate","floor":19,"damage_taken":0},{"event_name":"The Mausoleum","player_choice":"Yes","floor":20,"damage_taken":0},{"event_name":"Vampires","player_choice":"Ignored","floor":21,"damage_taken":0},{"event_name":"Beggar","player_choice":"Gave Gold","floor":24,"damage_taken":0},{"event_name":"Addict","player_choice":"Obtained Relic","floor":29,"damage_taken":0},{"event_name":"Tomb of Lord Red Mask","player_choice":"Ignored","floor":37,"damage_taken":0},{"event_name":"Falling","player_choice":"Removed Skill","floor":38,"damage_taken":0}],"boss_relics":[{"not_picked":["Eternal Feather","White Beast Statue"],"picked":"Orrery"},{"not_picked":["Philosopher\u0027s Stone","Tiny House"],"picked":"Astrolabe"}],"items_purged_floors":[11,31],"is_endless":false,"potions_floor_spawned":[1,3,4,10,22,30,33],"killed_by":"Sphere and 2 Shapes","ascension_level":0}