{"gold_per_floor":[116,116,26,40,40,40,65,85,112,146,146,146,146,162,162,260,260,270,195,214,414,414],"floor_reached":22,"playtime":1079,"items_purged":[],"score":293,"play_id":"a1907db0-132a-47ab-b110-a2b9e9a521bb","local_time":"20190205213306","is_ascension_mode":true,"campfire_choices":[{"floor":6,"key":"REST"},{"data":"Armaments","floor":11,"key":"SMITH"},{"floor":13,"key":"REST"},{"floor":15,"key":"REST"}],"neow_cost":"NONE","seed_source_timestamp":1126993365895600,"circlet_count":0,"master_deck":["Strike_R","Strike_R","Strike_R","Strike_R","Strike_R","Defend_R","Defend_R","Defend_R","Defend_R","Bash","Armaments+1","Uppercut","Cleave","Flex","Flame Barrier","Perfected Strike","Clothesline","Pommel Strike","Barricade","Decay","Parasite","Twin Strike","Double Tap+1"],"relics":["Burning Blood","NeowsBlessing","Dream Catcher","Gremlin Horn","Juzu Bracelet","Blue Candle","Calling Bell","Thread and Needle","Toxic Egg 2","Centennial Puzzle"],"potions_floor_usage":[10,16,18],"damage_taken":[{"damage":0,"enemies":"Jaw Worm","floor":1,"turns":1},{"damage":0,"enemies":"Cultist","floor":4,"turns":1},{"damage":0,"enemies":"Gremlin Nob","floor":7,"turns":1},{"damage":4,"enemies":"2 Louse","floor":8,"turns":3},{"damage":30,"enemies":"Lagavulin","floor":10,"turns":5},{"damage":1,"enemies":"Lots of Slimes","floor":14,"turns":2},{"damage":56,"enemies":"The Guardian","floor":16,"turns":13},{"damage":22,"enemies":"Chosen","floor":18,"turns":6},{"damage":37,"enemies":"Shell Parasite","floor":20,"turns":9},{"damage":31,"enemies":"3 Cultists","floor":22,"turns":4}],"seed_played":"448682469642337502","potions_obtained":[{"floor":7,"key":"FearPotion"},{"floor":8,"key":"Fire Potion"},{"floor":10,"key":"Block Potion"},{"floor":16,"key":"GamblersBrew"}],"is_trial":false,"path_per_floor":["M","?","?","M","$","R","E","M","T","E","R","$","R","M","R","B",null,"M","?","M","?","M"],"character_chosen":"IRONCLAD","items_purchased":[],"campfire_rested":3,"item_purchase_floors":[],"current_hp_per_floor":[78,78,78,80,80,80,80,80,80,56,56,56,80,80,80,30,68,52,52,21,21,0],"gold":414,"neow_bonus":"THREE_ENEMY_KILL","is_prod":false,"is_daily":false,"chose_seed":false,"campfire_upgraded":1,"win_rate":0,"timestamp":1549420386,"path_taken":["M","?","?","M","$","R","E","?","T","E","R","$","R","M","R","BOSS","M","?","M","?","M"],"build_version":"2019-01-23","purchased_purges":0,"victory":false,"max_hp_per_floor":[80,80,80,80,80,80,80,80,80,80,80,80,80,80,80,80,80,80,80,80,80,80],"card_choices":[{"not_picked":["Uppercut","Flex"],"picked":"Armaments","floor":1},{"not_picked":["Rupture","Armaments"],"picked":"Uppercut","floor":4},{"not_picked":["Armaments","Anger"],"picked":"Cleave","floor":6},{"not_picked":["Pummel","Sever Soul","Clash"],"picked":"SKIP","floor":7},{"not_picked":["Heavy Blade","Feel No Pain"],"picked":"Flex","floor":8},{"not_picked":["Body Slam","Second Wind"],"picked":"Flame Barrier","floor":10},{"not_picked":["Rupture","Burning Pact"],"picked":"Perfected Strike","floor":13},{"not_picked":["Sentinel","Corruption"],"picked":"Clothesline","floor":14},{"not_picked":["Havoc","Body Slam"],"picked":"Pommel Strike","floor":15},{"not_picked":["Fiend Fire","Juggernaut"],"picked":"Barricade","floor":16},{"not_picked":["Second Wind+1","Headbutt"],"picked":"Twin Strike","floor":18},{"not_picked":["Searing Blow","Rampage"],"picked":"Double Tap+1","floor":20}],"player_experience":452725,"relics_obtained":[{"floor":7,"key":"Gremlin Horn"},{"floor":9,"key":"Juzu Bracelet"},{"floor":10,"key":"Blue Candle"},{"floor":17,"key":"Thread and Needle"},{"floor":17,"key":"Toxic Egg 2"},{"floor":17,"key":"Centennial Puzzle"}],"event_choices":[{"damage_healed":0,"gold_gain":0,"player_choice":"Ignored","damage_taken":0,"max_hp_gain":0,"max_hp_loss":0,"event_name":"Golden Wing","floor":2,"gold_loss":0},{"damage_healed":0,"gold_gain":0,"player_choice":"Paid Gold","damage_taken":0,"relics_obtained":["Dream Catcher"],"max_hp_gain":0,"max_hp_loss":0,"event_name":"WeMeetAgain","floor":3,"gold_loss":90},{"cards_removed":["Shame"],"damage_healed":0,"gold_gain":0,"player_choice":"Gave Gold","damage_taken":0,"max_hp_gain":0,"max_hp_loss":0,"event_name":"Beggar","floor":19,"gold_loss":75},{"damage_healed":0,"gold_gain":200,"player_choice":"Gold","damage_taken":0,"max_hp_gain":0,"max_hp_loss":0,"event_name":"Wheel of Change","floor":21,"gold_loss":0}],"is_beta":false,"boss_relics":[{"not_picked":["Pandora\u0027s Box","Tiny House"],"picked":"Calling Bell"}],"items_purged_floors":[],"is_endless":false,"potions_floor_spawned":[7,8,10,16],"killed_by":"3 Cultists","ascension_level":7}