{"gold_per_floor":[114,11,11,29,104,121,121,132,132,132,148,158,174,190,190,190],"floor_reached":16,"playtime":738,"items_purged":[],"score":115,"play_id":"f95c5189-3e0b-4e87-90cf-99c7b4c13e27","local_time":"20181106192504","is_ascension_mode":true,"campfire_choices":[{"data":"Zap","floor":7,"key":"SMITH"},{"floor":15,"key":"REST"}],"neow_cost":"NONE","seed_source_timestamp":258615277012853,"circlet_count":0,"master_deck":["Strike_B","Strike_B","Strike_B","Strike_B","Defend_B","Defend_B","Defend_B","Defend_B","Zap+1","Dualcast","Seek","Genetic Algorithm","Beam Cell","Coolheaded","Beam Cell","Conserve Battery","Go for the Eyes+1","Steam","Chill"],"relics":["Cracked Core","Dodecahedron","Molten Egg 2","Incense Burner"],"potions_floor_usage":[],"damage_taken":[{"damage":9,"enemies":"Small Slimes","floor":1,"turns":3},{"damage":0,"enemies":"2 Louse","floor":4,"turns":2},{"damage":0,"enemies":"Cultist","floor":6,"turns":4},{"damage":15,"enemies":"3 Louse","floor":8,"turns":4},{"damage":0,"enemies":"Blue Slaver","floor":11,"turns":3},{"damage":15,"enemies":"Gremlin Gang","floor":12,"turns":5},{"damage":1,"enemies":"Large Slime","floor":13,"turns":5},{"damage":0,"enemies":"2 Fungi Beasts","floor":14,"turns":4},{"damage":39,"enemies":"Slime Boss","floor":16,"turns":8}],"seed_played":"322020884485001549","potions_obtained":[{"floor":4,"key":"AttackPotion"},{"floor":8,"key":"Strength Potion"},{"floor":14,"key":"Strength Potion"}],"is_trial":false,"path_per_floor":["M","$","?","M","?","M","R","M","T","?","M","M","M","M","R","B"],"character_chosen":"DEFECT","items_purchased":["Beam Cell","Coolheaded"],"campfire_rested":1,"item_purchase_floors":[2,2],"current_hp_per_floor":[66,66,59,59,48,48,48,33,33,33,33,18,17,17,39,0],"gold":190,"neow_bonus":"ONE_RANDOM_RARE_CARD","is_prod":false,"is_daily":false,"chose_seed":false,"campfire_upgraded":1,"win_rate":0,"timestamp":1541550304,"path_taken":["M","$","?","M","?","M","R","M","T","?","M","?","M","M","R","BOSS"],"build_version":"2018-11-01","purchased_purges":0,"victory":false,"max_hp_per_floor":[75,75,75,75,75,75,75,75,75,75,75,75,75,75,75,75],"card_choices":[{"not_picked":["Turbo","Self Repair"],"picked":"Genetic Algorithm","floor":1},{"not_picked":["Tempest","Defragment"],"picked":"Beam Cell","floor":4},{"not_picked":["Rebound","Sweeping Beam","Consume"],"picked":"SKIP","floor":6},{"not_picked":["Ball Lightning","Storm"],"picked":"Conserve Battery","floor":8},{"not_picked":["Sweeping Beam+1","Multi-Cast"],"picked":"Go for the Eyes+1","floor":11},{"not_picked":["Leap","Cold Snap+1","Sweeping Beam+1"],"picked":"SKIP","floor":12},{"not_picked":["Cold Snap+1","Chill"],"picked":"Steam","floor":13},{"not_picked":["Force Field","Barrage+1"],"picked":"Chill","floor":14}],"player_experience":755724,"relics_obtained":[{"floor":9,"key":"Molten Egg 2"}],"event_choices":[{"damage_healed":0,"gold_gain":0,"player_choice":"Success","damage_taken":7,"relics_obtained":["Dodecahedron"],"max_hp_gain":0,"max_hp_loss":0,"event_name":"Scrap Ooze","floor":3,"gold_loss":0},{"damage_healed":0,"gold_gain":75,"player_choice":"Gather Gold","damage_taken":11,"max_hp_gain":0,"max_hp_loss":0,"event_name":"World of Goop","floor":5,"gold_loss":0},{"damage_healed":0,"gold_gain":0,"player_choice":"Gave Potion","damage_taken":0,"relics_obtained":["Incense Burner"],"max_hp_gain":0,"max_hp_loss":0,"event_name":"WeMeetAgain","floor":10,"gold_loss":0}],"is_beta":false,"boss_relics":[],"items_purged_floors":[],"is_endless":false,"potions_floor_spawned":[4,8,14],"killed_by":"Slime Boss","ascension_level":4}