{"path_per_floor":["M","M","?","?","M","R","?","E","T","$","M","E","R","E","R","B",null,"M","$","M","M","M","R","E","$","T","E","R","M","?","M","R","B",null,"M","M","?","?","M","R","E","R","T","M","E","$","?","M","R","B"],"character_chosen":"IRONCLAD","items_purchased":["Paper Frog","True Grit","Reaper","Inflame"],"gold_per_floor":[118,134,134,84,100,100,250,281,281,11,22,49,49,79,79,156,156,173,98,116,129,144,144,169,5,5,30,30,46,46,62,62,137,137,156,173,0,46,57,57,83,83,83,102,131,0,0,13,13,13],"floor_reached":51,"campfire_rested":0,"playtime":4457,"current_hp_per_floor":[73,75,72,72,72,72,72,51,51,51,52,40,40,35,35,10,67,57,57,54,52,37,37,23,23,23,27,27,48,48,57,57,69,82,86,86,86,71,86,86,71,71,71,77,86,86,86,86,86,70],"items_purged":["Doubt","Barricade"],"gold":13,"score":989,"play_id":"82956d23-18b9-4a12-922e-d7a3ca0b25cc","local_time":"20180302164229","is_prod":false,"is_daily":false,"is_ascension_mode":true,"campfire_upgraded":2,"timestamp":1520037749,"path_taken":["M","M","?","?","M","R","?","E","T","$","M","E","R","E","R","BOSS","M","$","M","M","M","R","E","$","T","E","R","M","?","M","R","BOSS","M","M","?","?","M","R","E","R","T","M","E","$","?","M","R","BOSS"],"build_version":"2018-03-01-BETA2","purchased_purges":2,"victory":true,"master_deck":["Strike_R","Strike_R","Strike_R+1","Strike_R","Strike_R","Defend_R","Defend_R","Bash+1","Offering","Shrug It Off","Uppercut+1","True Grit","Metallicize","Brutality","Inflame+1","Twin Strike+1","Dropkick","Reaper","True Grit+1","Pummel","Reaper","Armaments+1","Battle Trance+1","Twin Strike+1","Inflame","Heavy Blade"],"max_hp_per_floor":[75,75,72,72,72,72,72,86,86,86,86,86,86,86,86,86,86,86,86,86,86,86,86,86,86,86,86,86,86,86,86,86,86,86,86,86,86,86,86,86,86,86,86,86,86,86,86,86,86,86],"relics":["Burning Blood","Mango","Girya","Paper Frog","Toxic Egg 2","Orichalcum","Runic Dome","Whetstone","Vajra","Shovel","Art of War","Smiling Mask","Velvet Choker","Red Mask","Frozen Eye","Champion Belt","Ancient Tea Set","Lantern","Bird Faced Urn","Letter Opener"],"card_choices":[{"not_picked":["Twin Strike","Havoc"],"picked":"Offering"},{"not_picked":["Flex","Fire Breathing"],"picked":"Shrug It Off"},{"not_picked":["Iron Wave","Heavy Blade"],"picked":"Uppercut"},{"not_picked":["Blood for Blood","Berserk"],"picked":"Metallicize"},{"not_picked":["Immolate","Dark Embrace"],"picked":"Brutality"},{"not_picked":["Searing Blow","Feel No Pain"],"picked":"Inflame"},{"not_picked":["Pommel Strike","Havoc"],"picked":"Twin Strike"},{"not_picked":["Fire Breathing","Cleave"],"picked":"Dropkick"},{"not_picked":["Warcry","Perfected Strike"],"picked":"True Grit"},{"not_picked":["Infernal Blade","True Grit"],"picked":"Pummel"},{"not_picked":["Fiend Fire","Brutality"],"picked":"Reaper"},{"not_picked":["Clothesline","Cleave"],"picked":"Armaments"},{"not_picked":["Iron Wave","Cleave"],"picked":"Battle Trance"},{"not_picked":["Evolve","Corruption"],"picked":"Twin Strike"},{"not_picked":["Shrug It Off","Warcry"],"picked":"Barricade"},{"not_picked":["Thunderclap","Uppercut"],"picked":"Heavy Blade"}],"player_experience":270619,"potions_floor_usage":[12,18,24,27,27,29,33,33,33,50,50],"damage_taken":[{"damage":1,"enemies":"Small Slimes","floor":1,"turns":3},{"damage":4,"enemies":"Cultist","floor":2,"turns":2},{"damage":4,"enemies":"Jaw Worm","floor":5,"turns":3},{"damage":41,"enemies":"3 Sentries","floor":8,"turns":8},{"damage":5,"enemies":"Exordium Wildlife","floor":11,"turns":4},{"damage":18,"enemies":"Lagavulin","floor":12,"turns":7},{"damage":11,"enemies":"3 Sentries","floor":14,"turns":8},{"damage":31,"enemies":"Slime Boss","floor":16,"turns":12},{"damage":16,"enemies":"3 Byrds","floor":18,"turns":5},{"damage":9,"enemies":"Shell Parasite","floor":20,"turns":3},{"damage":8,"enemies":"Centurion and Healer","floor":21,"turns":4},{"damage":21,"enemies":"Snake Plant","floor":22,"turns":3},{"damage":20,"enemies":"Book of Stabbing","floor":24,"turns":3},{"damage":16,"enemies":"Slavers","floor":27,"turns":4},{"damage":12,"enemies":"Cultist and Chosen","floor":29,"turns":4},{"damage":19,"enemies":"Centurion and Healer","floor":31,"turns":2},{"damage":28,"enemies":"Automaton","floor":33,"turns":6},{"damage":6,"enemies":"Orb Walker","floor":35,"turns":2},{"damage":36,"enemies":"3 Shapes","floor":36,"turns":4},{"damage":51,"enemies":"Mysterious Sphere","floor":38,"turns":4},{"damage":12,"enemies":"Spire Growth","floor":39,"turns":3},{"damage":21,"enemies":"Giant Head","floor":41,"turns":6},{"damage":17,"enemies":"3 Darklings","floor":44,"turns":3},{"damage":14,"enemies":"Nemesis","floor":45,"turns":3},{"damage":4,"enemies":"Flame Bruiser 2 Orb","floor":48,"turns":3},{"damage":72,"enemies":"Time Eater","floor":50,"turns":7}],"event_choices":[{"event_name":"Purifier","player_choice":"One Purge","floor":3,"damage_taken":0},{"event_name":"The Cleric","player_choice":"Card Removal","floor":4,"damage_taken":0},{"event_name":"Liars Game","player_choice":"agreed","floor":7,"damage_taken":0},{"event_name":"The Lab","player_choice":"Got Potions","floor":30,"damage_taken":0},{"event_name":"Tomb of Lord Red Mask","player_choice":"Paid","floor":37,"damage_taken":0},{"event_name":"Mysterious Sphere","player_choice":"Fight","floor":38,"damage_taken":0}],"boss_relics":[{"not_picked":["Philosopher\u0027s Stone","Black Star"],"picked":"Runic Dome"},{"not_picked":["Pandora\u0027s Box","Orrery"],"picked":"Velvet Choker"}],"potions_floor_spawned":[5,11,12,16,20,21,24,29,36,38,45],"seed_played":"-7056193745321977726","ascension_level":15,"is_trial":false}