{"gold_per_floor":[109,124,143,161,111,111,145,163,163,176,176,176,176,176,176,280,280,298,50,68,42,42,42,72,72],"floor_reached":25,"playtime":4278,"items_purged":["Corruption"],"score":343,"play_id":"1146e6a6-ab47-4fbc-9781-9f2066708d06","local_time":"20190201132155","is_ascension_mode":true,"campfire_choices":[{"data":"Clothesline","floor":6.0,"key":"SMITH"},{"data":"Armaments","floor":13.0,"key":"SMITH"},{"data":"True Grit","floor":15.0,"key":"SMITH"},{"floor":23,"key":"REST"}],"neow_cost":"NONE","seed_source_timestamp":1071355184506827,"circlet_count":0,"master_deck":["AscendersBane","Bash","Deep Breath","Pummel","Headbutt+1","Shrug It Off","Clothesline+1","Armaments+1","True Grit+1","Clothesline","Juggernaut","Ghostly Armor","Intimidate","Infernal Blade","Demon Form","Feed","Flame Barrier","Fire Breathing+1","Inflame","Spot Weakness","Thunderclap","Iron Wave","Shrug It Off","Body Slam"],"special_seed":0,"relics":["Burning Blood","Whetstone","Champion Belt","Pandora\u0027s Box","Unceasing Top"],"potions_floor_usage":[18,18,22,24,24],"damage_taken":[{"damage":8.0,"enemies":"2 Louse","floor":1.0,"turns":3.0},{"damage":4.0,"enemies":"Small Slimes","floor":2.0,"turns":5.0},{"damage":1.0,"enemies":"Cultist","floor":3.0,"turns":4.0},{"damage":4.0,"enemies":"Large Slime","floor":4.0,"turns":6.0},{"damage":36.0,"enemies":"Gremlin Nob","floor":7.0,"turns":5.0},{"damage":14.0,"enemies":"Gremlin Gang","floor":8.0,"turns":10.0},{"damage":1.0,"enemies":"Exordium Wildlife","floor":10.0,"turns":3.0},{"damage":38.0,"enemies":"The Guardian","floor":16.0,"turns":18.0},{"damage":36,"enemies":"Chosen","floor":18,"turns":7},{"damage":14,"enemies":"Shell Parasite","floor":20,"turns":6},{"damage":68,"enemies":"Slavers","floor":24,"turns":8},{"damage":20,"enemies":"3 Cultists","floor":25,"turns":4}],"seed_played":"-5433073543990188918","potions_obtained":[{"floor":1.0,"key":"Swift Potion"},{"floor":3.0,"key":"BloodPotion"},{"floor":8.0,"key":"FearPotion"},{"floor":16.0,"key":"Fire Potion"},{"floor":22,"key":"Fruit Juice"},{"floor":22,"key":"Regen Potion"},{"floor":22,"key":"Strength Potion"}],"is_trial":false,"path_per_floor":["M","M","M","M","?","R","E","M","T","M","?","?","R","?","R","B",null,"M","$","M","$","?","R","E","M"],"character_chosen":"IRONCLAD","items_purchased":["Inflame","Spot Weakness","Thunderclap","Shrug It Off"],"campfire_rested":1,"item_purchase_floors":[19,19,19,21],"current_hp_per_floor":[70,72,77,79,79,79,49,41,41,46,39,59,59,59,59,27,65,42,42,34,34,39,63,16,0],"gold":72,"neow_bonus":"RANDOM_COLORLESS","is_prod":false,"is_daily":false,"chose_seed":false,"campfire_upgraded":3,"win_rate":0,"timestamp":1549045315,"path_taken":["M","M","M","M","?","R","E","M","T","M","?","?","R","?","R","BOSS","M","?","M","$","?","R","E","M"],"build_version":"2019-01-23","purchased_purges":1,"victory":false,"max_hp_per_floor":[80,80,80,80,80,80,80,80,80,80,80,80,80,77,77,77,77,77,77,77,77,82,82,82,82],"card_choices":[{"not_picked":["Wild Strike","Twin Strike"],"picked":"Pummel","floor":1.0},{"not_picked":["Thunderclap","Clash"],"picked":"Headbutt","floor":2.0},{"not_picked":["Clash","Disarm"],"picked":"Shrug It Off","floor":3.0},{"not_picked":["Thunderclap","Headbutt"],"picked":"Clothesline","floor":4.0},{"not_picked":["Heavy Blade","Flex"],"picked":"Armaments","floor":7.0},{"not_picked":["Infernal Blade","Sentinel"],"picked":"True Grit","floor":8.0},{"not_picked":["Warcry","Flex"],"picked":"Clothesline","floor":10.0},{"not_picked":["Immolate","Fiend Fire"],"picked":"Juggernaut","floor":16.0},{"not_picked":["Warcry","True Grit"],"picked":"Fire Breathing+1","floor":18},{"not_picked":["Headbutt+1","Reckless Charge"],"picked":"Iron Wave","floor":20},{"not_picked":["Inflame","Rupture"],"picked":"Body Slam","floor":24}],"player_experience":1095426,"relics_obtained":[{"floor":7.0,"key":"Whetstone"},{"floor":9.0,"key":"Champion Belt"},{"floor":24,"key":"Unceasing Top"}],"event_choices":[{"cards_removed":["Strike_R"],"damage_healed":0.0,"max_hp_gain":0.0,"max_hp_loss":0.0,"gold_gain":0.0,"event_name":"The Cleric","player_choice":"Card Removal","floor":5.0,"gold_loss":50.0,"damage_taken":0.0},{"cards_removed":["Strike_R"],"damage_healed":0.0,"max_hp_gain":0.0,"max_hp_loss":0.0,"gold_gain":0.0,"event_name":"Golden Wing","player_choice":"Card Removal","floor":11.0,"gold_loss":0.0,"damage_taken":7.0},{"damage_healed":20.0,"max_hp_gain":0.0,"max_hp_loss":0.0,"gold_gain":0.0,"event_name":"Mushrooms","player_choice":"Healed and dodged fight","floor":12.0,"gold_loss":0.0,"damage_taken":0.0,"cards_obtained":["Parasite"]},{"cards_removed":["Parasite"],"damage_healed":0.0,"max_hp_gain":0.0,"max_hp_loss":0.0,"gold_gain":0.0,"event_name":"Purifier","player_choice":"Purged","floor":14.0,"gold_loss":0.0,"damage_taken":0.0},{"damage_healed":0,"gold_gain":0,"player_choice":"Got Potions","damage_taken":0,"max_hp_gain":0,"max_hp_loss":0,"event_name":"Lab","floor":22,"gold_loss":0}],"is_beta":false,"boss_relics":[{"not_picked":["Coffee Dripper","White Beast Statue"],"picked":"Pandora\u0027s Box"}],"items_purged_floors":[19],"is_endless":false,"potions_floor_spawned":[1,3,8,10,16],"killed_by":"3 Cultists","ascension_level":11}