{"gold_per_floor":[18,31,9,19,94,126,126,143,143,156,156,81,81,99,99,99],"floor_reached":16,"playtime":840,"items_purged":["Strike_R"],"score":102,"play_id":"cee7ccff-a808-4b01-8dbc-ea254bd6b91f","local_time":"20181013150249","is_ascension_mode":false,"campfire_choices":[{"data":"Whirlwind","floor":7,"key":"SMITH"},{"data":"Shrug It Off","floor":11,"key":"SMITH"},{"floor":15,"key":"REST"}],"neow_cost":"NO_GOLD","seed_source_timestamp":249017499094670,"circlet_count":0,"master_deck":["Strike_R","Strike_R","Strike_R","Defend_R","Defend_R","Defend_R","Defend_R","Shrug It Off+1","Reckless Charge","Iron Wave","Whirlwind+1","Sword Boomerang","Body Slam"],"relics":["Burning Blood","Ginger","Letter Opener","Golden Idol"],"potions_floor_usage":[6,14,16],"damage_taken":[{"damage":8,"enemies":"Cultist","floor":1,"turns":6},{"damage":1,"enemies":"Jaw Worm","floor":2,"turns":7},{"damage":0,"enemies":"Small Slimes","floor":4,"turns":4},{"damage":22,"enemies":"Gremlin Nob","floor":6,"turns":4},{"damage":0,"enemies":"3 Louse","floor":8,"turns":1},{"damage":2,"enemies":"Blue Slaver","floor":10,"turns":4},{"damage":10,"enemies":"Exordium Thugs","floor":14,"turns":3},{"damage":60,"enemies":"Hexaghost","floor":16,"turns":10}],"seed_played":"5563580263844096163","potions_obtained":[{"floor":2,"key":"Poison Potion"},{"floor":6,"key":"Explosive Potion"},{"floor":10,"key":"SteroidPotion"},{"floor":14,"key":"Ancient Potion"}],"is_trial":false,"path_per_floor":["M","M","$","M","?","E","R","M","T","M","R","$","?","M","R"],"character_chosen":"IRONCLAD","items_purchased":["Iron Wave"],"campfire_rested":1,"item_purchase_floors":[3],"current_hp_per_floor":[78,80,80,80,69,53,53,59,59,63,63,63,43,39,63,3],"gold":99,"neow_bonus":"REMOVE_TWO","is_prod":false,"is_daily":false,"chose_seed":false,"campfire_upgraded":2,"win_rate":0,"timestamp":1539439369,"path_taken":["M","?","?","?","?","E","R","M","T","M","R","$","?","M","R","BOSS"],"build_version":"2018-10-11","purchased_purges":1,"victory":false,"max_hp_per_floor":[80,80,80,80,80,80,80,80,80,80,80,80,80,80,80,80],"card_choices":[{"not_picked":["Pommel Strike","Rage"],"picked":"Shrug It Off","floor":1},{"not_picked":["Entrench","Warcry"],"picked":"Reckless Charge","floor":2},{"not_picked":["Armaments","Shrug It Off"],"picked":"Whirlwind","floor":4},{"not_picked":["Corruption","Carnage"],"picked":"Sword Boomerang","floor":6},{"not_picked":["Disarm","Sword Boomerang","Corruption"],"picked":"SKIP","floor":8},{"not_picked":["Headbutt","Exhume","Fire Breathing"],"picked":"SKIP","floor":10},{"not_picked":["Iron Wave","Heavy Blade"],"picked":"Body Slam","floor":14}],"player_experience":221126,"relics_obtained":[{"floor":6,"key":"Ginger"},{"floor":9,"key":"Letter Opener"}],"event_choices":[{"event_name":"World of Goop","player_choice":"Gather Gold","floor":5,"damage_taken":0},{"event_name":"Golden Idol","player_choice":"Take Damage","floor":13,"damage_taken":0}],"is_beta":false,"boss_relics":[],"items_purged_floors":[12],"is_endless":false,"potions_floor_spawned":[2,6,10,14],"killed_by":"Hexaghost","ascension_level":0}