{"path_per_floor":["M","$","?","M","?","E","R","M","T","R","M","E","R","E","R","B",null,"M","M","M","?","M","R","E","?","T","R","E","M","M","T","R"],"character_chosen":"IRONCLAD","items_purchased":["Uppercut"],"gold_per_floor":[110,28,28,47,126,156,156,175,225,225,236,261,261,295,295,398,398,411,426,436,436,455,455,483,483,483,483,515,525,544,544,544],"floor_reached":33,"campfire_rested":0,"playtime":1284,"current_hp_per_floor":[80,80,80,79,79,64,64,59,59,59,60,49,49,37,37,16,80,83,72,72,72,62,62,26,55,55,55,42,47,37,37,37],"items_purged":[],"gold":544,"score":305,"play_id":"b0d2ae58-062f-406e-b28f-ab63c4d91937","is_prod":false,"is_daily":false,"is_ascension_mode":false,"campfire_upgraded":2,"path_taken":["M","$","?","M","?","E","R","M","T","R","?","E","R","E","R","BOSS","M","M","M","?","M","R","E","?","T","R","E","M","?","?","R","BOSS"],"build_version":"2018-02-22-PROD2","purchased_purges":1,"victory":false,"master_deck":["Strike_R","Strike_R","Strike_R","Strike_R","Strike_R","Defend_R","Defend_R","Defend_R","Bash","Fire Breathing","Perfected Strike","Uppercut+1","Twin Strike","Cleave","Double Tap","Perfected Strike","Offering","Headbutt","Feed","Headbutt","Clothesline","Perfected Strike","Rampage+1","Headbutt+1","Armaments","Limit Break+1","Writhe","Hemokinesis+1","Wild Strike","Heavy Blade","Cleave+1","Rampage"],"max_hp_per_floor":[80,80,80,80,80,80,80,80,80,80,80,80,80,80,80,80,80,83,86,89,89,89,89,89,89,89,89,89,89,89,89,89],"relics":["Burning Blood","Girya","Blood Vial","Happy Flower","Vajra","Orrery","Shovel","Regal Pillow","Whetstone","Charon\u0027s Ashes","Bronze Scales","Ancient Tea Set","Red Skull"],"card_choices":[{"not_picked":["Cleave","Whirlwind"],"picked":"Perfected Strike"},{"not_picked":["Sword Boomerang","Sever Soul"],"picked":"Twin Strike"},{"not_picked":["Flex","Clothesline"],"picked":"Cleave"},{"not_picked":["True Grit","Warcry"],"picked":"Double Tap"},{"not_picked":["Headbutt","Flex"],"picked":"Perfected Strike"},{"not_picked":["Dropkick","Searing Blow"],"picked":"Offering"},{"not_picked":["Impervious","Disarm"],"picked":"Headbutt"},{"not_picked":["Immolate","Offering"],"picked":"Feed"},{"not_picked":["Combust","Shrug It Off"],"picked":"Headbutt"},{"not_picked":["Shrug It Off","Power Through"],"picked":"Clothesline"},{"not_picked":["Body Slam","Spot Weakness"],"picked":"Perfected Strike"},{"not_picked":["Perfected Strike","Wild Strike"],"picked":"Rampage"},{"not_picked":["Clothesline","Havoc"],"picked":"Headbutt"},{"not_picked":["Clothesline","Pummel"],"picked":"Armaments"},{"not_picked":["Headbutt","Bloodletting"],"picked":"Limit Break"},{"not_picked":["Flame Barrier","Havoc"],"picked":"Hemokinesis"},{"not_picked":["Infernal Blade","Body Slam"],"picked":"Wild Strike"},{"not_picked":["Anger","Feel No Pain"],"picked":"Heavy Blade"},{"not_picked":["Shrug It Off","Searing Blow"],"picked":"Cleave"},{"not_picked":["Infernal Blade","Warcry"],"picked":"Rampage"}],"player_experience":28267,"potions_floor_usage":[12,24,24,24,28,29,30],"damage_taken":[{"damage":0,"enemies":"Small Slimes","floor":1,"turns":3},{"damage":7,"enemies":"2 Louse","floor":4,"turns":2},{"damage":21,"enemies":"Gremlin Nob","floor":6,"turns":4},{"damage":11,"enemies":"Jaw Worm","floor":8,"turns":2},{"damage":7,"enemies":"Looter","floor":11,"turns":2},{"damage":19,"enemies":"Lagavulin","floor":12,"turns":4},{"damage":20,"enemies":"3 Sentries","floor":14,"turns":3},{"damage":29,"enemies":"Slime Boss","floor":16,"turns":4},{"damage":0,"enemies":"Chosen","floor":18,"turns":3},{"damage":20,"enemies":"3 Byrds","floor":19,"turns":4},{"damage":11,"enemies":"Snecko","floor":20,"turns":3},{"damage":18,"enemies":"Centurion and Healer","floor":22,"turns":3},{"damage":44,"enemies":"Gremlin Leader","floor":24,"turns":3},{"damage":21,"enemies":"Slavers","floor":28,"turns":3},{"damage":3,"enemies":"Snake Plant","floor":29,"turns":2},{"damage":21,"enemies":"Snecko","floor":30,"turns":4},{"damage":52,"enemies":"Collector","floor":33,"turns":3}],"event_choices":[{"event_name":"The Cleric","player_choice":"Leave","floor":3,"damage_taken":0},{"event_name":"Golden Wing","player_choice":"Gained Gold","floor":5,"damage_taken":0},{"event_name":"The Mausoleum","player_choice":"Yes","floor":21,"damage_taken":0},{"event_name":"The Library","player_choice":"Heal","floor":25,"damage_taken":0}],"boss_relics":[{"not_picked":["White Beast Statue","Philosopher\u0027s Stone"],"picked":"Orrery"}],"potions_floor_spawned":[4,6,12,14,18,24,28,29],"seed_played":"-4495045960037821683","killed_by":"Collector","ascension_level":0,"is_trial":false}