{"gold_per_floor":[115,65,81,6,6,33,46,46,101,101,121,137,147,147,147,248,248,259,333,283,294,304,304,304],"floor_reached":24,"playtime":928,"items_purged":["Defend_R"],"score":223,"play_id":"9064f282-f729-4783-9145-f3ba42201dfa","local_time":"20181108225827","is_ascension_mode":false,"campfire_choices":[{"data":"Body Slam","floor":8,"key":"SMITH"},{"data":"Flex","floor":10,"key":"SMITH"},{"data":"Feed","floor":15,"key":"SMITH"},{"data":"Rupture","floor":23,"key":"SMITH"}],"neow_cost":"NONE","seed_source_timestamp":1139571422618440,"circlet_count":0,"master_deck":["Bash","Body Slam+1","Rampage","Flex+1","Sword Boomerang","Spot Weakness","Flame Barrier","Feed+1","Seeing Red","Ghostly Armor","Combust","Pommel Strike","Perfected Strike","Perfected Strike","Wild Strike","Rupture+1","Intimidate+1","Flex"],"relics":["Burning Blood","NeowsBlessing","Prayer Wheel","Centennial Puzzle","Tiny Chest","Pandora\u0027s Box","Sundial"],"potions_floor_usage":[16,16,18,18,22,22,24],"damage_taken":[{"damage":0,"enemies":"Jaw Worm","floor":1,"turns":1},{"damage":0,"enemies":"Small Slimes","floor":3,"turns":1},{"damage":0,"enemies":"Gremlin Nob","floor":6,"turns":1},{"damage":1,"enemies":"Cultist","floor":7,"turns":3},{"damage":7,"enemies":"3 Louse","floor":11,"turns":3},{"damage":8,"enemies":"Exordium Thugs","floor":12,"turns":3},{"damage":5,"enemies":"Looter","floor":13,"turns":3},{"damage":53,"enemies":"The Guardian","floor":16,"turns":8},{"damage":16,"enemies":"Spheric Guardian","floor":18,"turns":5},{"damage":47,"enemies":"2 Thieves","floor":21,"turns":4},{"damage":21,"enemies":"3 Cultists","floor":22,"turns":5},{"damage":25,"enemies":"Book of Stabbing","floor":24,"turns":4}],"seed_played":"-1640810525383808044","potions_obtained":[{"floor":6,"key":"LiquidBronze"},{"floor":7,"key":"AttackPotion"},{"floor":12,"key":"Explosive Potion"},{"floor":13,"key":"BloodPotion"},{"floor":14,"key":"EntropicBrew"},{"floor":14,"key":"Explosive Potion"},{"floor":21,"key":"Explosive Potion"},{"floor":22,"key":"EssenceOfSteel"}],"is_trial":false,"path_per_floor":["M","?","M","$","T","E","M","R","T","R","M","M","M","?","R","B",null,"M","T","?","M","M","R","E"],"character_chosen":"IRONCLAD","items_purchased":[],"campfire_rested":0,"item_purchase_floors":[],"current_hp_per_floor":[80,80,80,80,80,80,80,80,80,80,79,77,78,78,78,35,84,74,74,74,33,22,22,0],"gold":304,"neow_bonus":"THREE_ENEMY_KILL","is_prod":false,"is_daily":false,"chose_seed":false,"campfire_upgraded":4,"win_rate":0,"timestamp":1541685507,"path_taken":["M","?","M","?","?","E","M","R","T","R","M","?","M","?","R","BOSS","M","?","?","?","M","R","E"],"build_version":"2018-11-01","purchased_purges":1,"victory":false,"max_hp_per_floor":[80,80,80,80,80,80,80,80,80,80,80,80,80,80,80,84,84,84,84,84,84,88,88,88],"card_choices":[{"not_picked":["Havoc","True Grit"],"picked":"Body Slam","floor":1},{"not_picked":["Wild Strike","Warcry"],"picked":"Rampage","floor":3},{"not_picked":["Seeing Red","Cleave"],"picked":"Flex","floor":6},{"not_picked":["Dual Wield","Clothesline"],"picked":"Sword Boomerang","floor":7},{"not_picked":["Flex","Carnage","Clash"],"picked":"SKIP","floor":7},{"not_picked":["Hemokinesis","Iron Wave","Warcry"],"picked":"SKIP","floor":11},{"not_picked":["Iron Wave","Second Wind","Spot Weakness"],"picked":"SKIP","floor":11},{"not_picked":["Iron Wave","Second Wind"],"picked":"Spot Weakness","floor":11},{"not_picked":["Hemokinesis","Iron Wave","Warcry"],"picked":"SKIP","floor":11},{"not_picked":["True Grit","Warcry"],"picked":"Flame Barrier","floor":12},{"not_picked":["Thunderclap","Twin Strike","Feed"],"picked":"SKIP","floor":12},{"not_picked":["Thunderclap","Twin Strike"],"picked":"Feed","floor":12},{"not_picked":["Pommel Strike","Perfected Strike","True Grit"],"picked":"SKIP","floor":13},{"not_picked":["Thunderclap","Heavy Blade","Power Through"],"picked":"SKIP","floor":13},{"not_picked":["Anger","Spot Weakness"],"picked":"Rupture","floor":18},{"not_picked":["Second Wind+1","Thunderclap","Rampage"],"picked":"SKIP","floor":18},{"not_picked":["Heavy Blade","Anger"],"picked":"Intimidate+1","floor":21},{"not_picked":["Armaments","Bloodletting","Metallicize"],"picked":"SKIP","floor":21},{"not_picked":["True Grit","Flame Barrier"],"picked":"Flex","floor":22},{"not_picked":["Thunderclap","Clothesline","Armaments+1"],"picked":"SKIP","floor":22}],"player_experience":819252,"relics_obtained":[{"floor":5,"key":"Prayer Wheel"},{"floor":6,"key":"Centennial Puzzle"},{"floor":9,"key":"Tiny Chest"},{"floor":19,"key":"Sundial"}],"event_choices":[{"cards_removed":["Strike_R"],"damage_healed":0,"gold_gain":0,"player_choice":"Card Removal","damage_taken":0,"max_hp_gain":0,"max_hp_loss":0,"event_name":"The Cleric","floor":2,"gold_loss":50},{"damage_healed":0,"gold_gain":0,"player_choice":"Got Potions","damage_taken":0,"max_hp_gain":0,"max_hp_loss":0,"event_name":"Lab","floor":14,"gold_loss":0},{"damage_healed":0,"gold_gain":0,"player_choice":"Bet on Murderer","damage_taken":0,"max_hp_gain":0,"max_hp_loss":0,"event_name":"The Joust","floor":20,"gold_loss":50}],"is_beta":false,"boss_relics":[{"not_picked":["Orrery","Eternal Feather"],"picked":"Pandora\u0027s Box"}],"items_purged_floors":[4],"is_endless":false,"potions_floor_spawned":[6,7,12,13,21,22],"killed_by":"Book of Stabbing","ascension_level":0}