{"gold_per_floor":[18,18,18,31,43,218,238,60,83,95,95,20,20,46,46,151,151,170,70,89,89,100,120,132,132,132,151,56,81,92,102,102,200,200,215,3,3],"floor_reached":37,"playtime":2145,"items_purged":["Doubt","Strike_R"],"score":498,"play_id":"800abba5-d40a-4605-9f40-93322f9af147","local_time":"20190106010956","is_ascension_mode":false,"campfire_choices":[{"data":"Body Slam","floor":11,"key":"SMITH"},{"data":"Metallicize","floor":13,"key":"SMITH"},{"floor":15,"key":"RECALL"},{"data":"Entrench","floor":25,"key":"SMITH"},{"data":"Armaments","floor":32,"key":"SMITH"}],"neow_cost":"NO_GOLD","seed_source_timestamp":1369271894913307,"circlet_count":0,"master_deck":["Strike_R","Defend_R","Defend_R","Defend_R","Defend_R","Bash","Barricade+1","Burning Pact","Body Slam+1","Metallicize+1","Impervious","Impervious","Shrug It Off+1","Clash+1","Impervious+1","Armaments+1","Entrench+1","Body Slam","Armaments","Shrug It Off","Battle Trance+1","Impervious","Entrench"],"relics":["Burning Blood","Anchor","Vajra","Astrolabe","Pantograph","Potion Belt","Orrery"],"potions_floor_usage":[35,37,37],"damage_taken":[{"damage":3,"enemies":"2 Louse","floor":1,"turns":4},{"damage":1,"enemies":"Cultist","floor":4,"turns":4},{"damage":0,"enemies":"Small Slimes","floor":5,"turns":3},{"damage":32,"enemies":"Looter","floor":7,"turns":4},{"damage":11,"enemies":"3 Louse","floor":10,"turns":5},{"damage":0,"enemies":"Lagavulin","floor":14,"turns":5},{"damage":0,"enemies":"Hexaghost","floor":16,"turns":11},{"damage":0,"enemies":"3 Byrds","floor":18,"turns":7},{"damage":14,"enemies":"Shell Parasite","floor":20,"turns":6},{"damage":35,"enemies":"Cultist and Chosen","floor":22,"turns":14},{"damage":8,"enemies":"Shelled Parasite and Fungi","floor":23,"turns":7},{"damage":0,"enemies":"Snake Plant","floor":24,"turns":5},{"damage":0,"enemies":"Snecko","floor":27,"turns":5},{"damage":14,"enemies":"Shelled Parasite and Fungi","floor":30,"turns":6},{"damage":0,"enemies":"Centurion and Healer","floor":31,"turns":4},{"damage":23,"enemies":"Champ","floor":33,"turns":10},{"damage":11,"enemies":"3 Shapes","floor":35,"turns":6},{"damage":102,"enemies":"2 Orb Walkers","floor":37,"turns":7}],"seed_played":"7730536542166834532","potions_obtained":[{"floor":1,"key":"Strength Potion"},{"floor":4,"key":"Regen Potion"},{"floor":7,"key":"Ancient Potion"},{"floor":27,"key":"Dexterity Potion"},{"floor":30,"key":"Energy Potion"},{"floor":31,"key":"SteroidPotion"},{"floor":33,"key":"SpeedPotion"},{"floor":35,"key":"Dexterity Potion"}],"is_trial":false,"path_per_floor":["M","?","?","M","M","?","M","$","T","M","R","$","R","E","R","B",null,"M","$","M","$","M","M","M","R","T","M","$","T","M","M","R","B",null,"M","$","?"],"character_chosen":"IRONCLAD","items_purchased":["Metallicize","Anchor","Body Slam","Armaments","Impervious","Entrench"],"campfire_rested":0,"item_purchase_floors":[8,8,28,28,36,36],"current_hp_per_floor":[80,80,85,85,85,85,59,59,59,54,54,54,54,60,60,66,85,85,85,77,77,48,46,52,52,52,58,58,58,50,56,56,64,85,80,80,0],"gold":3,"neow_bonus":"THREE_RARE_CARDS","is_prod":false,"is_daily":false,"chose_seed":false,"campfire_upgraded":4,"win_rate":0,"timestamp":1546754996,"path_taken":["M","?","?","M","M","?","M","?","T","M","R","$","R","E","R","BOSS","M","$","M","?","M","M","?","R","T","M","$","?","M","M","R","BOSS","M","$","?"],"build_version":"2019-01-03v4","purchased_purges":2,"victory":false,"max_hp_per_floor":[80,80,85,85,85,85,85,85,85,85,85,85,85,85,85,85,85,85,85,85,85,85,85,85,85,85,85,85,85,85,85,85,85,85,85,85,85],"card_choices":[{"not_picked":["Feed","Reaper"],"picked":"Barricade","floor":0},{"not_picked":["Fire Breathing","Rage"],"picked":"Burning Pact","floor":1},{"not_picked":["Pummel","Clothesline","Spot Weakness"],"picked":"SKIP","floor":4},{"not_picked":["Flex","Fire Breathing","Sword Boomerang"],"picked":"SKIP","floor":5},{"not_picked":["Anger","Cleave"],"picked":"Body Slam","floor":7},{"not_picked":["Inflame","Perfected Strike","Havoc"],"picked":"SKIP","floor":10},{"not_picked":["Rage","Iron Wave"],"picked":"Impervious","floor":14},{"not_picked":["Offering","Dark Embrace"],"picked":"Impervious","floor":16},{"not_picked":["Sword Boomerang","Clash","Warcry+1"],"picked":"SKIP","floor":18},{"not_picked":["Warcry","Sever Soul"],"picked":"Armaments","floor":20},{"not_picked":["Clash","Shrug It Off"],"picked":"Entrench","floor":22},{"not_picked":["Burning Pact+1","Cleave+1","Clothesline"],"picked":"SKIP","floor":23},{"not_picked":["Thunderclap+1","Perfected Strike","True Grit"],"picked":"SKIP","floor":24},{"not_picked":["Immolate","True Grit","Perfected Strike"],"picked":"SKIP","floor":27},{"not_picked":["Fiend Fire","Warcry+1"],"picked":"Shrug It Off","floor":30},{"not_picked":["Shockwave","Searing Blow","Burning Pact+1"],"picked":"SKIP","floor":31},{"not_picked":["Havoc","Twin Strike"],"picked":"Battle Trance+1","floor":35}],"player_experience":901560,"relics_obtained":[{"floor":14,"key":"Vajra"},{"floor":26,"key":"Pantograph"},{"floor":29,"key":"Potion Belt"}],"event_choices":[{"damage_healed":0,"gold_gain":0,"player_choice":"Grow","damage_taken":0,"max_hp_gain":0,"max_hp_loss":0,"event_name":"Living Wall","floor":2,"gold_loss":0,"cards_upgraded":["Barricade"]},{"damage_healed":0,"gold_gain":0,"player_choice":"Donut","damage_taken":0,"max_hp_gain":5,"max_hp_loss":0,"event_name":"Big Fish","floor":3,"gold_loss":0},{"damage_healed":0,"gold_gain":175,"player_choice":"AGREE","damage_taken":0,"max_hp_gain":0,"max_hp_loss":0,"event_name":"Liars Game","floor":6,"gold_loss":0,"cards_obtained":["Doubt"]},{"damage_healed":0,"gold_gain":0,"player_choice":"Fight","damage_taken":0,"max_hp_gain":0,"max_hp_loss":0,"event_name":"Mysterious Sphere","floor":37,"gold_loss":0}],"is_beta":false,"boss_relics":[{"not_picked":["Eternal Feather","Velvet Choker"],"picked":"Astrolabe"},{"not_picked":["Runic Pyramid","Busted Crown"],"picked":"Orrery"}],"items_purged_floors":[12,19],"is_endless":false,"potions_floor_spawned":[1,4,7,24,27,30,31,33,35],"killed_by":"2 Orb Walkers","ascension_level":0}