{"gold_per_floor":[118,118,137,153,228,261,261,187,213,225,225,400,416,433,433,536,536,550,550,550,168,185,185],"floor_reached":23,"playtime":1064,"items_purged":["Doubt"],"score":239,"play_id":"bf9a9b41-0772-408f-a2a2-2e834854304b","local_time":"20181209094720","is_ascension_mode":true,"campfire_choices":[{"data":"Distraction","floor":7,"key":"SMITH"},{"floor":15,"key":"REST"}],"neow_cost":"NONE","seed_source_timestamp":1337683374690581,"circlet_count":0,"master_deck":["Defend_G","Defend_G","Defend_G","Defend_G","Defend_G","Strike_G","Strike_G","Strike_G","Strike_G","Strike_G","Survivor+1","Neutralize+1","Distraction+1","Slice","Catalyst","Dash","Noxious Fumes+1","Dodge and Roll","Acrobatics","Bullet Time+1","J.A.X.","Wraith Form v2","Acrobatics+1"],"relics":["Ring of the Snake","NeowsBlessing","Regal Pillow","Oddly Smooth Stone","Black Star","PreservedInsect"],"potions_floor_usage":[6,6,16,23],"damage_taken":[{"damage":0,"enemies":"Cultist","floor":1,"turns":1},{"damage":0,"enemies":"Small Slimes","floor":3,"turns":1},{"damage":0,"enemies":"Jaw Worm","floor":4,"turns":1},{"damage":25,"enemies":"Gremlin Nob","floor":6,"turns":4},{"damage":13,"enemies":"Large Slime","floor":10,"turns":7},{"damage":1,"enemies":"Blue Slaver","floor":13,"turns":4},{"damage":2,"enemies":"Red Slaver","floor":14,"turns":4},{"damage":23,"enemies":"The Guardian","floor":16,"turns":9},{"damage":18,"enemies":"Shell Parasite","floor":18,"turns":8},{"damage":23,"enemies":"3 Byrds","floor":22,"turns":7},{"damage":19,"enemies":"Book of Stabbing","floor":23,"turns":3}],"seed_played":"146938365000925792","potions_obtained":[{"floor":3,"key":"Explosive Potion"},{"floor":4,"key":"Fire Potion"},{"floor":14,"key":"Explosive Potion"},{"floor":22,"key":"PowerPotion"}],"is_trial":false,"path_per_floor":["M","?","M","M","?","E","R","$","T","M","?","?","M","M","R","B",null,"M","?","?","$","M","E"],"character_chosen":"THE_SILENT","items_purchased":["Noxious Fumes","PreservedInsect","Wraith Form v2"],"campfire_rested":1,"item_purchase_floors":[8,21,21],"current_hp_per_floor":[70,70,70,70,59,34,34,34,34,21,7,7,6,4,40,17,57,39,39,39,39,16,0],"gold":185,"neow_bonus":"THREE_ENEMY_KILL","is_prod":false,"is_daily":false,"chose_seed":false,"campfire_upgraded":1,"win_rate":0,"timestamp":1544366840,"path_taken":["M","?","M","M","?","E","R","$","T","M","?","?","M","?","R","BOSS","M","?","?","$","M","E"],"build_version":"2018-12-06","purchased_purges":1,"victory":false,"max_hp_per_floor":[70,70,70,70,70,70,70,70,70,70,70,70,70,70,70,70,70,70,70,70,70,70,70],"card_choices":[{"not_picked":["Prepared","Setup"],"picked":"Distraction","floor":1},{"not_picked":["Flying Knee","Bane"],"picked":"Slice","floor":3},{"not_picked":["Underhanded Strike","Heel Hook"],"picked":"Catalyst","floor":4},{"not_picked":["Wraith Form v2","Sucker Punch"],"picked":"Dash","floor":6},{"not_picked":["Tactician","Reflex"],"picked":"Dodge and Roll","floor":10},{"not_picked":["Sucker Punch","Cloak And Dagger"],"picked":"Acrobatics","floor":13},{"not_picked":["Cloak And Dagger","Heel Hook","Dodge and Roll"],"picked":"SKIP","floor":14},{"not_picked":["Wraith Form v2","Die Die Die"],"picked":"Bullet Time","floor":16},{"not_picked":["Quick Slash","Outmaneuver","Sucker Punch"],"picked":"SKIP","floor":18},{"not_picked":["Flying Knee","All Out Attack+1"],"picked":"Acrobatics+1","floor":22}],"player_experience":273268,"relics_obtained":[{"floor":6,"key":"Regal Pillow"},{"floor":9,"key":"Oddly Smooth Stone"}],"event_choices":[{"damage_healed":0,"gold_gain":0,"player_choice":"Grow","damage_taken":0,"max_hp_gain":0,"max_hp_loss":0,"event_name":"Living Wall","floor":2,"gold_loss":0,"cards_upgraded":["Neutralize"]},{"damage_healed":0,"gold_gain":75,"player_choice":"Gather Gold","damage_taken":11,"max_hp_gain":0,"max_hp_loss":0,"event_name":"World of Goop","floor":5,"gold_loss":0},{"damage_healed":0,"gold_gain":0,"player_choice":"Entered Light","damage_taken":14,"max_hp_gain":0,"max_hp_loss":0,"event_name":"Shining Light","floor":11,"gold_loss":0,"cards_upgraded":["Survivor","Noxious Fumes"]},{"damage_healed":0,"gold_gain":175,"player_choice":"AGREE","damage_taken":0,"max_hp_gain":0,"max_hp_loss":0,"event_name":"Liars Game","floor":12,"gold_loss":0,"cards_obtained":["Doubt"]},{"damage_healed":0,"gold_gain":0,"player_choice":"Obtain J.A.X.","damage_taken":0,"max_hp_gain":0,"max_hp_loss":0,"event_name":"Drug Dealer","floor":19,"gold_loss":0,"cards_obtained":["J.A.X."]},{"damage_healed":0,"gold_gain":0,"player_choice":"Upgraded","damage_taken":0,"max_hp_gain":0,"max_hp_loss":0,"event_name":"Upgrade Shrine","floor":20,"gold_loss":0,"cards_upgraded":["Bullet Time"]}],"is_beta":false,"boss_relics":[{"not_picked":["Orrery","Calling Bell"],"picked":"Black Star"}],"items_purged_floors":[21],"is_endless":false,"potions_floor_spawned":[3,4,14,22],"killed_by":"Book of Stabbing","ascension_level":5}