{"path_per_floor":["M","M","$","?","M","E","R","E","T","R","?","M","$","?","R","B",null,"M","M","M","M","?","R","M"],"character_chosen":"IRONCLAD","items_purchased":[],"gold_per_floor":[117,134,59,59,74,109,109,136,136,136,136,156,56,56,56,185,185,210,235,255,278,278,278,296],"floor_reached":25,"campfire_rested":2,"playtime":2244,"current_hp_per_floor":[72,62,62,62,67,30,30,18,18,43,43,42,42,35,35,11,61,47,42,29,31,31,54,7],"items_purged":["Parasite","Strike_R"],"gold":296,"score":341,"play_id":"7d01a4ca-4f03-4b4f-8a8e-87adfe452239","is_prod":false,"is_daily":false,"is_ascension_mode":true,"campfire_upgraded":2,"path_taken":["M","M","$","?","M","E","R","E","T","R","?","M","$","?","R","BOSS","M","M","M","M","?","R","?","E"],"build_version":"2018-02-13-BETA1","purchased_purges":2,"victory":false,"master_deck":["Bash+1","Berserk","True Grit","Pommel Strike","Inflame","Carnage+1","Burning Pact","Carnage","Offering","Armaments","Armaments","Warcry","Clash","Fire Breathing+1","Clash","Dual Wield","Blood for Blood+1","Rampage","Offering","Fiend Fire"],"max_hp_per_floor":[80,80,77,77,77,84,84,84,84,84,78,78,78,78,78,78,78,78,78,78,78,78,78,78],"relics":["Burning Blood","Strawberry","Frozen Egg 2","Prayer Wheel","Golden Idol","Pandora\u0027s Box"],"card_choices":[{"not_picked":["Blood for Blood","Clash"],"picked":"True Grit"},{"not_picked":["Headbutt","Body Slam"],"picked":"Pommel Strike"},{"not_picked":["Bloodletting","Blood for Blood"],"picked":"Inflame"},{"not_picked":["Iron Wave","Dual Wield"],"picked":"Carnage"},{"not_picked":["Thunderclap","Sword Boomerang"],"picked":"Burning Pact"},{"not_picked":["True Grit","Twin Strike"],"picked":"Carnage"},{"not_picked":["Brutality","Fiend Fire"],"picked":"Offering"},{"not_picked":["Flex","Clothesline"],"picked":"Blood for Blood"},{"not_picked":["Thunderclap","Pommel Strike"],"picked":"Rampage"},{"not_picked":["Hemokinesis","Headbutt"],"picked":"Fiend Fire"}],"player_experience":204995,"potions_floor_usage":[8,16,16,24],"damage_taken":[{"damage":6,"enemies":"Cultist","floor":1,"turns":4},{"damage":16,"enemies":"Jaw Worm","floor":2,"turns":5},{"damage":1,"enemies":"2 Louse","floor":5,"turns":3},{"damage":50,"enemies":"Gremlin Nob","floor":6,"turns":5},{"damage":18,"enemies":"3 Sentries","floor":8,"turns":6},{"damage":7,"enemies":"Looter","floor":12,"turns":3},{"damage":30,"enemies":"Slime Boss","floor":16,"turns":7},{"damage":20,"enemies":"3 Byrds","floor":18,"turns":6},{"damage":11,"enemies":"Spheric Guardian","floor":19,"turns":3},{"damage":19,"enemies":"Centurion and Healer","floor":20,"turns":3},{"damage":4,"enemies":"Snecko","floor":21,"turns":3},{"damage":53,"enemies":"Cultist and Chosen","floor":24,"turns":6},{"damage":8,"enemies":"Slavers","floor":25,"turns":1}],"event_choices":[{"event_name":"Liars Game","player_choice":"disagreed","floor":4,"damage_taken":0},{"event_name":"Golden Idol","player_choice":"Lose Max HP","floor":11,"damage_taken":0},{"event_name":"Golden Wing","player_choice":"Card Removal","floor":14,"damage_taken":0},{"event_name":"Duplicator","player_choice":"One dupe","floor":22,"damage_taken":0}],"boss_relics":[{"not_picked":["Eternal Feather","Astrolabe"],"picked":"Pandora\u0027s Box"}],"potions_floor_spawned":[1,6,12,20,24],"seed_played":"7440894592191116072","killed_by":"Slavers","ascension_level":12,"is_trial":false}