{"path_per_floor":["M","M","$","M","M","R","M","?","T","?","?","M","R","?","R","B",null,"M","?","?","?","$"],"character_chosen":"IRONCLAD","items_purchased":["Dropkick"],"gold_per_floor":[116,130,55,70,80,80,100,100,100,175,175,187,187,187,187,284,284,297,297,197,197,21],"floor_reached":23,"campfire_rested":1,"playtime":891,"current_hp_per_floor":[82,81,81,76,74,74,62,62,62,51,51,58,58,51,95,36,101,71,71,71,50,50],"items_purged":["Strike_R","Normality"],"gold":21,"score":240,"play_id":"cf14a5c7-34ec-4506-af30-73b43b18c219","local_time":"20180322170218","is_prod":false,"is_daily":false,"is_ascension_mode":true,"campfire_upgraded":2,"timestamp":1521752538,"path_taken":["M","M","$","M","M","R","M","?","T","?","?","M","R","?","R","BOSS","M","?","?","?","$","E"],"build_version":"2018-03-15v3","purchased_purges":3,"victory":false,"master_deck":["Strike_R","Strike_R+1","Strike_R+1","Defend_R","Defend_R","Defend_R+1","Defend_R+1","Bash","Feed","Rampage+1","Pommel Strike","Barricade+1","Juggernaut","Iron Wave","J.A.X.","Dropkick"],"max_hp_per_floor":[83,86,86,89,92,92,95,95,95,95,95,98,98,98,98,101,101,104,104,104,109,109],"relics":["Burning Blood","Whetstone","Regal Pillow","Sozu","War Paint"],"card_choices":[{"not_picked":["Sentinel","Rupture"],"picked":"Rampage"},{"not_picked":["Rage","Metallicize"],"picked":"Pommel Strike"},{"not_picked":["Sword Boomerang","Anger"],"picked":"Barricade"},{"not_picked":["Feed","Barricade"],"picked":"Juggernaut"},{"not_picked":["Warcry","Sword Boomerang"],"picked":"Iron Wave"}],"player_experience":316091,"potions_floor_usage":[16,16,23],"damage_taken":[{"damage":7,"enemies":"Jaw Worm","floor":1,"turns":3},{"damage":10,"enemies":"Cultist","floor":2,"turns":5},{"damage":14,"enemies":"Small Slimes","floor":4,"turns":2},{"damage":11,"enemies":"Looter","floor":5,"turns":2},{"damage":21,"enemies":"3 Louse","floor":7,"turns":3},{"damage":2,"enemies":"2 Fungi Beasts","floor":12,"turns":3},{"damage":68,"enemies":"Slime Boss","floor":16,"turns":11},{"damage":39,"enemies":"Chosen","floor":18,"turns":7},{"damage":34,"enemies":"Gremlin Leader","floor":23,"turns":6}],"event_choices":[{"event_name":"The Woman in Blue","player_choice":"Bought 0 Potions","floor":8,"damage_taken":0},{"event_name":"World of Goop","player_choice":"Gather Gold","floor":10,"damage_taken":0},{"event_name":"Accursed Blacksmith","player_choice":"Rummage","floor":11,"damage_taken":0},{"event_name":"Golden Wing","player_choice":"Card Removal","floor":14,"damage_taken":0},{"event_name":"The Mausoleum","player_choice":"Yes","floor":19,"damage_taken":0},{"event_name":"Drug Dealer","player_choice":"Got JAXXED","floor":20,"damage_taken":0},{"event_name":"Forgotten Altar","player_choice":"Shed Blood","floor":21,"damage_taken":0}],"boss_relics":[{"not_picked":["Runic Dome","Philosopher\u0027s Stone"],"picked":"Sozu"}],"potions_floor_spawned":[1,2,12,18],"seed_played":"-2268241420064647902","killed_by":"Gremlin Leader","ascension_level":4,"is_trial":false}