{"gold_per_floor":[99,99,99,99,99,99,99,99,99,99,99,99,99,69,69,69,69,69,69,69,69,69,69,69],"floor_reached":24,"playtime":1239,"items_purged":[],"score":372,"play_id":"8e1443e1-406f-4a4f-9b95-6abfe5888720","local_time":"20181201130600","is_ascension_mode":false,"campfire_choices":[{"floor":10,"key":"REST"},{"data":"Malaise","floor":15,"key":"SMITH"},{"data":"Footwork","floor":23,"key":"SMITH"}],"neow_cost":"NONE","seed_source_timestamp":3765910419109,"circlet_count":0,"master_deck":["Defend_G","Defend_G","Defend_G","Defend_G","Defend_G","Survivor","Neutralize","Cloak And Dagger","Quick Slash+1","Noxious Fumes","Leg Sweep","Venomology","Terror","Quick Slash","Malaise+1","Backflip","Cloak And Dagger","Well Laid Plans","Envenom","Cloak And Dagger","Footwork+1","Bite","Bite","Bite","Bite","Bite"],"special_seed":0,"relics":["Ectoplasm","Darkstone Periapt","Pen Nib","Whetstone","Black Star"],"potions_floor_usage":[6,8,8,8,12,12,13,13,16,16,18,19,20,20,20,20,24],"damage_taken":[{"damage":0,"enemies":"2 Louse","floor":1,"turns":3},{"damage":2,"enemies":"Small Slimes","floor":3,"turns":4},{"damage":0,"enemies":"Cultist","floor":4,"turns":4},{"damage":7,"enemies":"Exordium Thugs","floor":5,"turns":7},{"damage":17,"enemies":"Lagavulin","floor":6,"turns":8},{"damage":2,"enemies":"Large Slime","floor":7,"turns":7},{"damage":16,"enemies":"Gremlin Nob","floor":8,"turns":5},{"damage":7,"enemies":"2 Fungi Beasts","floor":11,"turns":3},{"damage":0,"enemies":"3 Sentries","floor":12,"turns":8},{"damage":6,"enemies":"Gremlin Gang","floor":13,"turns":4},{"damage":0,"enemies":"Looter","floor":14,"turns":3},{"damage":27,"enemies":"The Guardian","floor":16,"turns":8},{"damage":6,"enemies":"Shell Parasite","floor":18,"turns":5},{"damage":1,"enemies":"Chosen","floor":19,"turns":6},{"damage":5,"enemies":"Shelled Parasite and Fungi","floor":20,"turns":8},{"damage":70,"enemies":"Slavers","floor":24,"turns":5}],"seed_played":"1573317735281054621","potions_obtained":[{"floor":3,"key":"AttackPotion"},{"floor":6,"key":"Block Potion"},{"floor":7,"key":"LiquidBronze"},{"floor":11,"key":"FearPotion"},{"floor":12,"key":"SteroidPotion"},{"floor":16,"key":"Weak Potion"}],"is_trial":false,"path_per_floor":["M","?","M","M","M","E","M","E","T","R","M","E","M","M","R","B",null,"M","M","M","?","?","R","E"],"character_chosen":"THE_SILENT","items_purchased":[],"campfire_rested":1,"item_purchase_floors":[],"current_hp_per_floor":[70,70,68,68,61,44,42,26,26,47,42,44,40,42,42,17,70,64,65,62,62,62,62,0],"gold":69,"neow_bonus":"BOSS_RELIC","is_prod":false,"is_daily":false,"chose_seed":false,"campfire_upgraded":2,"win_rate":0,"timestamp":1543665960,"path_taken":["M","?","M","M","M","E","M","E","T","R","M","E","M","M","R","BOSS","M","M","M","?","?","R","E"],"build_version":"2018-11-15","purchased_purges":0,"victory":false,"max_hp_per_floor":[70,70,70,70,70,70,70,70,70,70,70,70,70,70,70,70,70,70,70,70,70,70,70,70],"card_choices":[{"not_picked":["Heel Hook","Dagger Spray"],"picked":"Cloak And Dagger","floor":1},{"not_picked":["Bane","Dagger Throw"],"picked":"Quick Slash","floor":3},{"not_picked":["Calculated Gamble","Infinite Blades"],"picked":"Noxious Fumes","floor":4},{"not_picked":["Escape Plan","Bouncing Flask"],"picked":"Leg Sweep","floor":5},{"not_picked":["Concentrate","Backflip"],"picked":"Venomology","floor":6},{"not_picked":["Outmaneuver","Masterful Stab"],"picked":"Terror","floor":7},{"not_picked":["Flying Knee","Dodge and Roll"],"picked":"Quick Slash","floor":8},{"not_picked":["Backstab","Backflip"],"picked":"Malaise","floor":11},{"not_picked":["Blade Dance","PiercingWail"],"picked":"Backflip","floor":12},{"not_picked":["Dodge and Roll","PiercingWail"],"picked":"Cloak And Dagger","floor":13},{"not_picked":["Reflex","Sucker Punch"],"picked":"Well Laid Plans","floor":14},{"not_picked":["Venomology","Night Terror"],"picked":"Envenom","floor":16},{"not_picked":["Flying Knee","Bane+1","Outmaneuver"],"picked":"SKIP","floor":18},{"not_picked":["Dodge and Roll+1","Flying Knee"],"picked":"Cloak And Dagger","floor":19},{"not_picked":["Well Laid Plans","Poisoned Stab"],"picked":"Footwork","floor":20}],"player_experience":475416,"relics_obtained":[{"floor":6,"key":"Darkstone Periapt"},{"floor":8,"key":"Blood Vial"},{"floor":9,"key":"Pen Nib"},{"floor":12,"key":"Whetstone"}],"event_choices":[{"damage_healed":0,"gold_gain":0,"player_choice":"Ignored","damage_taken":0,"max_hp_gain":0,"max_hp_loss":0,"event_name":"Golden Idol","floor":2,"gold_loss":0},{"damage_healed":0,"gold_gain":0,"player_choice":"Became a vampire (Vial)","damage_taken":0,"max_hp_gain":0,"max_hp_loss":0,"event_name":"Vampires","floor":21,"relics_lost":["Blood Vial"],"gold_loss":0,"cards_obtained":["Bite","Bite","Bite","Bite","Bite"]},{"damage_healed":0,"gold_gain":0,"player_choice":"Ignored","damage_taken":0,"max_hp_gain":0,"max_hp_loss":0,"event_name":"Cursed Tome","floor":22,"gold_loss":0}],"is_beta":false,"boss_relics":[{"not_picked":["Calling Bell","HoveringKite"],"picked":"Black Star"}],"items_purged_floors":[],"is_endless":false,"potions_floor_spawned":[3,6,7,11,12,14,16],"killed_by":"Slavers","ascension_level":0}