{"gold_per_floor":[110,110,123,22,22,22,50,50,50,0,20,50,50,67,67,163,163,174,16,28,28,39,39,49,49,73,93,124,124,155,172,172,270,270,280,280,209,227,239,239,272,272,272,272,84,113,113,131,131,131,131,131,81,110,110],"floor_reached":55,"playtime":7012,"items_purged":["Strike_G","Strike_G","Strike_G","Strike_G"],"score":723,"play_id":"61ad4627-4b84-4830-af1e-137a07d6179b","local_time":"20190302163937","is_ascension_mode":false,"campfire_choices":[{"data":"Backstab","floor":6.0,"key":"SMITH"},{"floor":8.0,"key":"REST"},{"data":"Dash","floor":13.0,"key":"SMITH"},{"data":"Crippling Poison","floor":15.0,"key":"SMITH"},{"data":"Crippling Poison","floor":23.0,"key":"SMITH"},{"data":"Bouncing Flask","floor":25.0,"key":"SMITH"},{"data":"Noxious Fumes","floor":32.0,"key":"SMITH"},{"floor":40.0,"key":"REST"},{"floor":44.0,"key":"REST"},{"floor":47.0,"key":"RECALL"},{"floor":49.0,"key":"REST"},{"data":"Burst","floor":52.0,"key":"SMITH"}],"neow_cost":"NONE","seed_source_timestamp":62509612808125,"circlet_count":0,"master_deck":["Defend_G","Defend_G","Defend_G","Defend_G","Strike_G","Survivor","Neutralize+1","PiercingWail","Sucker Punch","Backstab+1","Backflip","Leg Sweep","Dash+1","Crippling Poison+1","Venomology","Crippling Poison+1","Noxious Fumes+1","Bouncing Flask+1","Cloak And Dagger+1","Footwork+1","Dagger Spray+1","Tools of the Trade+1","Poisoned Stab","Burst+1","Caltrops+1","Poisoned Stab+1","PiercingWail","Neutralize","Noxious Fumes+1","Caltrops+1","Adrenaline","Poisoned Stab+1","Blur+1"],"special_seed":0,"relics":["Ring of the Snake","Blood Vial","Gremlin Horn","Smiling Mask","Torii","Philosopher\u0027s Stone","Omamori","Frozen Egg 2","Meat on the Bone","Black Star","WarpedTongs","Tingsha","Dream Catcher","Snake Skull","Ornamental Fan","Shuriken","Art of War"],"potions_floor_usage":[55,55,55],"damage_taken":[{"damage":3.0,"enemies":"2 Louse","floor":1.0,"turns":4.0},{"damage":7.0,"enemies":"Jaw Worm","floor":3.0,"turns":7.0},{"damage":35.0,"enemies":"Lagavulin","floor":7.0,"turns":10.0},{"damage":0.0,"enemies":"Cultist","floor":11.0,"turns":4.0},{"damage":12.0,"enemies":"Gremlin Nob","floor":12.0,"turns":6.0},{"damage":1.0,"enemies":"Looter","floor":14.0,"turns":3.0},{"damage":36.0,"enemies":"Slime Boss","floor":16.0,"turns":21.0},{"damage":2.0,"enemies":"Chosen","floor":18.0,"turns":5.0},{"damage":2.0,"enemies":"2 Thieves","floor":20.0,"turns":5.0},{"damage":1.0,"enemies":"3 Cultists","floor":22.0,"turns":4.0},{"damage":3.0,"enemies":"Centurion and Healer","floor":24.0,"turns":5.0},{"damage":1.0,"enemies":"Snecko","floor":27.0,"turns":4.0},{"damage":1.0,"enemies":"Gremlin Leader","floor":28.0,"turns":5.0},{"damage":23.0,"enemies":"Slavers","floor":30.0,"turns":4.0},{"damage":1.0,"enemies":"Shelled Parasite and Fungi","floor":31.0,"turns":7.0},{"damage":42.0,"enemies":"Champ","floor":33.0,"turns":12.0},{"damage":0.0,"enemies":"3 Shapes","floor":35.0,"turns":3.0},{"damage":2.0,"enemies":"3 Darklings","floor":38.0,"turns":5.0},{"damage":22.0,"enemies":"Spire Growth","floor":39.0,"turns":6.0},{"damage":23.0,"enemies":"Nemesis","floor":41.0,"turns":9.0},{"damage":19.0,"enemies":"Reptomancer","floor":46.0,"turns":6.0},{"damage":2.0,"enemies":"Jaw Worm Horde","floor":48.0,"turns":4.0},{"damage":28.0,"enemies":"Time Eater","floor":50.0,"turns":11.0},{"damage":14.0,"enemies":"Shield and Spear","floor":54.0,"turns":6.0},{"damage":58,"enemies":"The Heart","floor":55,"turns":9}],"seed_played":"-514834451255238895","potions_obtained":[{"floor":1.0,"key":"Swift Potion"},{"floor":7.0,"key":"Block Potion"},{"floor":12.0,"key":"Weak Potion"},{"floor":14.0,"key":"Strength Potion"},{"floor":20.0,"key":"Dexterity Potion"},{"floor":22.0,"key":"Dexterity Potion"},{"floor":33.0,"key":"AttackPotion"},{"floor":35.0,"key":"Block Potion"},{"floor":48.0,"key":"EntropicBrew"}],"is_trial":false,"path_per_floor":["M","?","M","$","?","R","E","R","T","$","M","E","R","M","R","B",null,"M","$","M","?","M","R","M","R","T","M","E","?","E","M","R","B",null,"M","?","$","M","M","R","E","?","T","R","$","E","R","M","R","B",null,"R","$","E","B"],"character_chosen":"THE_SILENT","items_purchased":["Backstab","Backflip","Noxious Fumes","Bouncing Flask","Caltrops+1","Adrenaline"],"campfire_rested":4,"item_purchase_floors":[4,4,19,19,37,45],"current_hp_per_floor":[67,67,62,62,62,62,29,50,50,50,52,42,42,43,43,9,70,68,68,68,68,69,69,67,67,67,68,69,69,47,48,48,20,70,70,70,70,68,48,69,47,47,47,68,68,51,51,51,70,42,70,70,70,56,0],"gold":110,"neow_bonus":"RANDOM_COMMON_RELIC","is_prod":false,"is_daily":false,"chose_seed":false,"campfire_upgraded":7,"win_rate":0,"timestamp":1551541177,"path_taken":["M","?","M","$","?","R","E","R","T","?","M","E","R","M","R","BOSS","M","$","M","?","M","R","M","R","T","?","E","?","E","M","R","BOSS","M","?","?","M","?","R","E","?","T","R","$","E","R","?","R","BOSS","R","$","E","BOSS"],"build_version":"2019-01-23","purchased_purges":4,"victory":false,"max_hp_per_floor":[70,70,70,70,70,70,70,70,70,70,70,70,70,70,70,70,70,70,70,70,70,70,70,70,70,70,70,70,70,70,70,70,70,70,70,70,70,70,70,70,70,70,70,70,70,70,70,70,70,70,70,70,70,70,70],"card_choices":[{"not_picked":["Finisher","Slice"],"picked":"PiercingWail","floor":1.0},{"not_picked":["Deflect","Slice"],"picked":"Sucker Punch","floor":3.0},{"not_picked":["Masterful Stab","Outmaneuver"],"picked":"Leg Sweep","floor":7.0},{"not_picked":["Dagger Spray","Backstab"],"picked":"Dash","floor":11.0},{"not_picked":["Outmaneuver","Burst","Acrobatics"],"picked":"SKIP","floor":12.0},{"not_picked":["Underhanded Strike","Deadly Poison"],"picked":"Crippling Poison","floor":14.0},{"not_picked":["Storm of Steel","Night Terror"],"picked":"Venomology","floor":16.0},{"not_picked":["Deflect","Dodge and Roll"],"picked":"Crippling Poison","floor":18.0},{"not_picked":["Slice","Blade Dance+1"],"picked":"Cloak And Dagger+1","floor":20.0},{"not_picked":["Accuracy","Distraction","Deflect"],"picked":"SKIP","floor":22.0},{"not_picked":["Cloak And Dagger","Backflip+1"],"picked":"Footwork+1","floor":24.0},{"not_picked":["Bouncing Flask","Leg Sweep"],"picked":"Dagger Spray+1","floor":27.0},{"not_picked":["Expertise","Riddle With Holes+1","Distraction"],"picked":"SKIP","floor":28.0},{"not_picked":["Accuracy+1","Doppelganger"],"picked":"Tools of the Trade+1","floor":30.0},{"not_picked":["Sucker Punch","Leg Sweep+1"],"picked":"Poisoned Stab","floor":31.0},{"not_picked":["Adrenaline","Doppelganger"],"picked":"Burst","floor":33.0},{"not_picked":["Acrobatics","Deadly Poison","Outmaneuver+1"],"picked":"SKIP","floor":35.0},{"not_picked":["Blade Dance+1","Quick Slash+1"],"picked":"Poisoned Stab+1","floor":38.0},{"not_picked":["Choke","Flechettes","Cloak And Dagger"],"picked":"SKIP","floor":39.0},{"not_picked":["Sucker Punch+1","Leg Sweep"],"picked":"PiercingWail","floor":41.0},{"not_picked":["Deadly Poison+1","Outmaneuver+1"],"picked":"Caltrops+1","floor":44.0},{"not_picked":["Corpse Explosion","Flying Knee"],"picked":"Poisoned Stab+1","floor":46.0},{"not_picked":["Crippling Poison","Poisoned Stab"],"picked":"Blur+1","floor":48.0},{"not_picked":["Eviscerate","Bouncing Flask","Accuracy+1"],"picked":"SKIP","floor":54.0}],"player_experience":604282,"relics_obtained":[{"floor":7.0,"key":"Gremlin Horn"},{"floor":9.0,"key":"Smiling Mask"},{"floor":12.0,"key":"Torii"},{"floor":26.0,"key":"Omamori"},{"floor":28.0,"key":"Frozen Egg 2"},{"floor":30.0,"key":"Meat on the Bone"},{"floor":41.0,"key":"Tingsha"},{"floor":41.0,"key":"Dream Catcher"},{"floor":46.0,"key":"Snake Skull"},{"floor":46.0,"key":"Ornamental Fan"},{"floor":54.0,"key":"Shuriken"},{"floor":54.0,"key":"Art of War"}],"event_choices":[{"damage_healed":0.0,"max_hp_gain":0.0,"max_hp_loss":0.0,"gold_gain":0.0,"event_name":"Shining Light","player_choice":"Ignored","floor":2.0,"gold_loss":0.0,"damage_taken":0.0},{"damage_healed":0.0,"max_hp_gain":0.0,"max_hp_loss":0.0,"gold_gain":0.0,"event_name":"Living Wall","player_choice":"Grow","floor":5.0,"gold_loss":0.0,"damage_taken":0.0,"cards_upgraded":["Neutralize"]},{"cards_removed":["Defend_G"],"damage_healed":0.0,"max_hp_gain":0.0,"max_hp_loss":0.0,"gold_gain":0.0,"event_name":"Purifier","player_choice":"Purged","floor":21.0,"gold_loss":0.0,"damage_taken":0.0},{"damage_healed":0.0,"max_hp_gain":0.0,"max_hp_loss":0.0,"gold_gain":0.0,"event_name":"Beggar","player_choice":"Ignored","floor":29.0,"gold_loss":0.0,"damage_taken":0.0},{"damage_healed":0.0,"max_hp_gain":0.0,"max_hp_loss":0.0,"gold_gain":0.0,"event_name":"Accursed Blacksmith","player_choice":"Rummage","floor":36.0,"gold_loss":0.0,"damage_taken":0.0,"relics_obtained":["WarpedTongs"],"cards_obtained":["Pain"]},{"damage_healed":0.0,"max_hp_gain":0.0,"max_hp_loss":0.0,"gold_gain":0.0,"event_name":"Match and Keep!","player_choice":"2 cards matched","floor":42.0,"gold_loss":0.0,"damage_taken":0.0,"cards_obtained":["Neutralize","Noxious Fumes"]}],"is_beta":false,"boss_relics":[{"not_picked":["Ring of the Serpent","Runic Pyramid"],"picked":"Philosopher\u0027s Stone"},{"not_picked":["Runic Dome","WristBlade"],"picked":"Black Star"}],"items_purged_floors":[10,19,45,53],"is_endless":false,"potions_floor_spawned":[1,7,12,14,20,22,27,33,35,38,48],"killed_by":"The Heart","ascension_level":0}