{"path_per_floor":["M","$","?","?","M","R","M","$","T","M","M","R","M","M","R","B",null,"M","$","M","$","M","R","$","R","T","M","?","M","M","?","R","B",null,"M","?","?","M","M","R","$","R","T","R","M","$","?","$","R","B"],"character_chosen":"IRONCLAD","items_purchased":["Heavy Blade","Pommel Strike","Sword Boomerang","Mind Blast","Battle Trance","Flex","Dual Wield","Offering","Shrug It Off"],"gold_per_floor":[112,63,13,88,101,101,116,40,40,57,76,76,91,103,103,199,199,210,107,121,49,65,65,43,43,43,53,53,63,81,81,81,180,180,198,198,198,218,228,228,157,157,157,157,176,103,148,95,95,95],"floor_reached":51,"campfire_rested":4,"playtime":1823,"current_hp_per_floor":[75,75,75,64,64,64,70,70,70,71,77,77,47,40,64,33,80,80,80,80,80,65,65,65,65,65,71,71,66,62,46,70,44,80,80,80,80,76,44,44,44,44,44,68,58,58,52,52,76,27],"items_purged":[],"gold":95,"score":489,"play_id":"03bbd2cb-b1dd-4d41-9d75-81d83af0421d","is_prod":false,"is_daily":false,"is_ascension_mode":false,"campfire_upgraded":6,"path_taken":["M","$","?","?","M","R","?","?","T","M","M","R","M","M","R","BOSS","M","$","M","$","M","R","?","R","T","M","?","M","M","?","R","BOSS","M","?","?","M","M","R","$","R","T","R","M","$","?","?","R","BOSS"],"build_version":"2018-02-15-PROD1","purchased_purges":0,"victory":true,"master_deck":["Defend_R","Defend_R","Defend_R","Defend_R","Bash","Bludgeon","Flex+1","Heavy Blade+1","Twin Strike","Heavy Blade","Pommel Strike","Sword Boomerang","Cleave","Inflame+1","Sword Boomerang","Heavy Blade+1","Mind Blast+1","Headbutt","Battle Trance","Flex+1","Warcry","Thunderclap","Necronomicurse","Impervious","Burning Pact+1","Sword Boomerang+1","Headbutt","Inflame+1","Flex+1","Shrug It Off","Dual Wield","Offering","Shrug It Off"],"max_hp_per_floor":[80,80,80,80,80,80,80,80,80,80,80,80,80,80,80,80,80,80,80,80,80,80,80,80,80,80,80,80,80,80,80,80,80,80,80,80,80,80,80,80,80,80,80,80,80,80,80,80,80,80],"relics":["Burning Blood","Matryoshka","Mark of Pain","Juzu Bracelet","Bag of Marbles","Necronomicon","Astrolabe","Shuriken","Torii","Girya"],"card_choices":[{"not_picked":["Infernal Blade","Seeing Red"],"picked":"Flex"},{"not_picked":["Evolve","Clothesline"],"picked":"Twin Strike"},{"not_picked":["Seeing Red","Wild Strike"],"picked":"Heavy Blade"},{"not_picked":["Perfected Strike","Pommel Strike"],"picked":"Cleave"},{"not_picked":["Clash","Searing Blow"],"picked":"Inflame"},{"not_picked":["True Grit","Perfected Strike"],"picked":"Sword Boomerang"},{"not_picked":["Fire Breathing","Wild Strike"],"picked":"Heavy Blade"},{"not_picked":["Feel No Pain","Dropkick"],"picked":"Headbutt"},{"not_picked":["True Grit","Sword Boomerang"],"picked":"Warcry"},{"not_picked":["Rage","Havoc"],"picked":"Thunderclap"},{"not_picked":["Dark Embrace","Barricade"],"picked":"Impervious"},{"not_picked":["Clash","Anger"],"picked":"Headbutt"},{"not_picked":["Warcry","Dropkick"],"picked":"Flex"},{"not_picked":["Burning Pact","Combust"],"picked":"Shrug It Off"}],"player_experience":134239,"potions_floor_usage":[38,50,50],"damage_taken":[{"damage":11.0,"enemies":"Jaw Worm","floor":1.0,"turns":2.0},{"damage":6.0,"enemies":"2 Louse","floor":5.0,"turns":3.0},{"damage":0.0,"enemies":"Small Slimes","floor":7.0,"turns":2.0},{"damage":5.0,"enemies":"2 Fungi Beasts","floor":10.0,"turns":3.0},{"damage":0.0,"enemies":"Exordium Wildlife","floor":11.0,"turns":2.0},{"damage":36.0,"enemies":"Exordium Thugs","floor":13.0,"turns":4.0},{"damage":13.0,"enemies":"Red Slaver","floor":14.0,"turns":2.0},{"damage":37.0,"enemies":"The Guardian","floor":16.0,"turns":6.0},{"damage":0.0,"enemies":"Chosen","floor":18.0,"turns":2.0},{"damage":5.0,"enemies":"Spheric Guardian","floor":20.0,"turns":3.0},{"damage":21.0,"enemies":"3 Cultists","floor":22.0,"turns":4.0},{"damage":0.0,"enemies":"Cultist and Chosen","floor":27.0,"turns":4.0},{"damage":11.0,"enemies":"Snake Plant","floor":29.0,"turns":3.0},{"damage":10.0,"enemies":"Slaver and Parasite","floor":30.0,"turns":2.0},{"damage":32.0,"enemies":"Collector","floor":33.0,"turns":3.0},{"damage":0,"enemies":"Orb Walker","floor":35,"turns":1},{"damage":10,"enemies":"3 Shapes","floor":38,"turns":2},{"damage":38,"enemies":"Maw","floor":39,"turns":5},{"damage":16,"enemies":"Sphere and 2 Shapes","floor":45,"turns":3},{"damage":12,"enemies":"Mysterious Sphere","floor":47,"turns":3},{"damage":55,"enemies":"Donu and Deca","floor":50,"turns":6}],"event_choices":[{"event_name":"The Cleric","player_choice":"Card Removal","floor":3.0,"damage_taken":0.0},{"event_name":"World of Goop","player_choice":"Gather Gold","floor":4.0,"damage_taken":0.0},{"event_name":"Vampires","player_choice":"Ignored","floor":28.0,"damage_taken":0.0},{"event_name":"Cursed Tome","player_choice":"Obtained Book","floor":31.0,"damage_taken":0.0},{"event_name":"Duplicator","player_choice":"One dupe","floor":37,"damage_taken":0},{"event_name":"Mysterious Sphere","player_choice":"Fight","floor":47,"damage_taken":0}],"boss_relics":[{"not_picked":["Black Star","Sozu"],"picked":"Astrolabe"}],"potions_floor_spawned":[5,11,14,16,20,22,27,35,45,47],"seed_played":"-3794205563057250618","ascension_level":0,"is_trial":false}