{"path_per_floor":["M","?","$","M","M","?","$","M","T","?","R","M","R","?","R","B",null,"M","?","?"],"character_chosen":"THE_SILENT","items_purchased":["Prepared","Quick Slash","Cloak And Dagger"],"gold_per_floor":[115,115,12,32,51,51,1,20,20,20,20,34,34,34,34,133,163,180,180,180,180],"floor_reached":21,"campfire_rested":1,"playtime":1119,"current_hp_per_floor":[63,63,63,61,61,61,61,56,56,56,56,48,48,30,51,13,61,5,5,5,0],"items_purged":[],"gold":180,"score":217,"play_id":"3c195041-4b58-400d-8b8e-78c6469884e9","local_time":"20180422200649","is_prod":false,"is_daily":false,"chose_seed":false,"is_ascension_mode":true,"campfire_upgraded":2,"timestamp":1524442009,"path_taken":["M","?","$","M","M","?","$","?","T","?","R","M","R","?","R","BOSS","M","?","?","M"],"build_version":"2018-04-19","seed_source_timestamp":711758691745299,"purchased_purges":0,"victory":false,"master_deck":["Defend_G","Defend_G","Defend_G+1","Defend_G","Strike_G","Strike_G","Strike_G","Strike_G","Survivor","Neutralize","PiercingWail","Prepared","Quick Slash","Caltrops+1","Concentrate+1","Cloak And Dagger+1","Backflip","Die Die Die","Backflip","Sucker Punch","Footwork","Decay"],"max_hp_per_floor":[70,70,70,70,70,70,70,70,70,70,70,70,70,70,70,70,75,75,75,75,75],"relics":["Ring of the Snake","Bronze Scales","Blue Candle","Tiny House"],"card_choices":[{"not_picked":["Flying Knee","Setup"],"picked":"PiercingWail","floor":1},{"not_picked":["Underhanded Strike","Dodge and Roll"],"picked":"Caltrops","floor":4},{"not_picked":["Flying Knee","Deadly Poison"],"picked":"Concentrate","floor":5},{"not_picked":["Flechettes","Sucker Punch"],"picked":"Backflip","floor":12},{"not_picked":["Storm of Steel","Venomology"],"picked":"Die Die Die","floor":16},{"not_picked":["Quick Slash","Masterful Stab"],"picked":"Backflip","floor":17},{"not_picked":["Heel Hook","Underhanded Strike"],"picked":"Sucker Punch","floor":18}],"player_experience":491669,"potions_floor_usage":[16,16,16,21],"damage_taken":[{"damage":0,"enemies":"Small Slimes","floor":1,"turns":3},{"damage":2,"enemies":"Jaw Worm","floor":4,"turns":4},{"damage":0,"enemies":"Cultist","floor":5,"turns":4},{"damage":5,"enemies":"Lots of Slimes","floor":8,"turns":5},{"damage":8,"enemies":"Gremlin Gang","floor":12,"turns":5},{"damage":53,"enemies":"Slime Boss","floor":16,"turns":14},{"damage":56,"enemies":"Chosen","floor":18,"turns":8},{"damage":8,"enemies":"3 Byrds","floor":21,"turns":2}],"event_choices":[{"event_name":"Living Wall","player_choice":"Forget","floor":2,"damage_taken":0},{"event_name":"Bonfire Elementals","player_choice":"BASIC","floor":6,"damage_taken":0},{"event_name":"Accursed Blacksmith","player_choice":"Forge","floor":10,"damage_taken":0},{"event_name":"Scrap Ooze","player_choice":"success","floor":14,"damage_taken":18},{"event_name":"The Library","player_choice":"Read","floor":19,"damage_taken":0},{"event_name":"Forgotten Altar","player_choice":"Smashed Altar","floor":20,"damage_taken":0}],"boss_relics":[{"not_picked":["Runic Pyramid","Velvet Choker"],"picked":"Tiny House"}],"potions_floor_spawned":[4,5,12,16],"seed_played":"3052613294717989527","killed_by":"3 Byrds","ascension_level":6,"is_trial":false}