{"gold_per_floor":[114,114,126,51,67,67,84,84,84,31,48,61,61,76,76,178,178,197,231,250,250],"floor_reached":21,"playtime":1452,"items_purged":["Strike_R"],"score":173,"play_id":"8e0fcdb6-708d-4c45-89cf-a2e9efb3cdb1","local_time":"20180905021112","is_ascension_mode":false,"campfire_choices":[{"data":"Limit Break","floor":6,"key":"SMITH"},{"data":"Dual Wield","floor":8,"key":"SMITH"},{"floor":15,"key":"REST"}],"neow_cost":"NONE","seed_source_timestamp":1805488981140272,"circlet_count":0,"master_deck":["Strike_R","Strike_R","Strike_R","Defend_R","Defend_R","Defend_R","Bash","Limit Break+1","Warcry","Disarm","Metallicize+1","Dual Wield+1","Flex+1","Sword Boomerang","Reaper","Immolate","Heavy Blade","Twin Strike"],"relics":["Burning Blood","Turnip","Runic Dome","Red Mask"],"potions_floor_usage":[12,12,16,16,20,21],"damage_taken":[{"damage":5,"enemies":"Small Slimes","floor":1,"turns":4},{"damage":10,"enemies":"Jaw Worm","floor":3,"turns":4},{"damage":2,"enemies":"Cultist","floor":5,"turns":4},{"damage":21,"enemies":"Looter","floor":7,"turns":4},{"damage":5,"enemies":"Large Slime","floor":11,"turns":6},{"damage":24,"enemies":"Gremlin Gang","floor":12,"turns":6},{"damage":12,"enemies":"Exordium Wildlife","floor":14,"turns":9},{"damage":35,"enemies":"The Guardian","floor":16,"turns":12},{"damage":0,"enemies":"Shell Parasite","floor":18,"turns":6},{"damage":74,"enemies":"Masked Bandits","floor":19,"turns":6},{"damage":6,"enemies":"Chosen","floor":20,"turns":4},{"damage":27,"enemies":"Snake Plant","floor":21,"turns":4}],"seed_played":"-6637708610835578782","potions_obtained":[{"floor":3,"key":"SpeedPotion"},{"floor":7,"key":"Dexterity Potion"},{"floor":11,"key":"SkillPotion"},{"floor":14,"key":"EssenceOfSteel"},{"floor":19,"key":"SkillPotion"},{"floor":20,"key":"SpeedPotion"}],"is_trial":false,"path_per_floor":["M","?","M","$","M","R","M","R","T","$","M","M","?","M","R","B",null,"M","?","M"],"character_chosen":"IRONCLAD","items_purchased":["Flex"],"campfire_rested":1,"item_purchase_floors":[10],"current_hp_per_floor":[80,73,69,69,73,73,58,58,58,58,59,41,25,27,51,54,80,80,14,20,0],"gold":250,"neow_bonus":"TRANSFORM_CARD","is_prod":false,"is_daily":false,"chose_seed":false,"campfire_upgraded":2,"win_rate":0,"timestamp":1536127872,"path_taken":["M","?","M","$","M","R","M","R","T","$","M","M","?","M","R","BOSS","M","?","M","M"],"build_version":"2018-08-30","purchased_purges":1,"victory":false,"max_hp_per_floor":[80,80,80,80,80,80,80,80,80,80,80,80,80,80,80,80,80,80,80,80,80],"card_choices":[{"not_picked":["Body Slam","Searing Blow"],"picked":"Warcry","floor":1},{"not_picked":["Havoc","Flame Barrier"],"picked":"Disarm","floor":3},{"not_picked":["Rage","Flame Barrier"],"picked":"Metallicize","floor":5},{"not_picked":["Iron Wave","Armaments"],"picked":"Dual Wield","floor":7},{"not_picked":["Warcry","Intimidate"],"picked":"Sword Boomerang","floor":11},{"not_picked":["Havoc","Warcry"],"picked":"Reaper","floor":12},{"not_picked":["Clash","Havoc","Second Wind"],"picked":"SKIP","floor":14},{"not_picked":["Exhume","Dark Embrace"],"picked":"Immolate","floor":16},{"not_picked":["Uppercut","Thunderclap+1","Body Slam"],"picked":"SKIP","floor":18},{"not_picked":["Twin Strike","Seeing Red"],"picked":"Heavy Blade","floor":19},{"not_picked":["Clothesline","Fire Breathing"],"picked":"Twin Strike","floor":20}],"player_experience":564145,"relics_obtained":[{"floor":9,"key":"Turnip"},{"floor":19,"key":"Red Mask"}],"event_choices":[{"event_name":"Golden Wing","player_choice":"Card Removal","floor":2,"damage_taken":0},{"event_name":"Shining Light","player_choice":"Entered Light","floor":13,"damage_taken":0},{"event_name":"Masked Bandits","player_choice":"Fought Bandits","floor":19,"damage_taken":0}],"is_beta":false,"boss_relics":[{"not_picked":["Runic Pyramid","Fusion Hammer"],"picked":"Runic Dome"}],"items_purged_floors":[4],"is_endless":false,"potions_floor_spawned":[3,7,11,14,19,20],"killed_by":"Snake Plant","ascension_level":0}