{"path_per_floor":["M","$","M","M","M","R","M","E","T","?","M","M","M","M","R","B",null,"M","M","?","?","$","R","E","R","T","?","M","M"],"character_chosen":"DEFECT","items_purchased":["White Noise","Capacitor","Skim","Rebound"],"gold_per_floor":[118,40,53,68,86,86,100,132,132,132,149,166,181,194,194,289,289,309,321,321,321,124,124,153,153,153,153,167,181,181],"floor_reached":30,"campfire_rested":2,"playtime":1989,"current_hp_per_floor":[74,74,73,73,61,61,63,32,42,42,42,22,22,21,46,34,85,62,62,62,62,62,62,18,43,43,43,38,34,0],"items_purged":["Strike_B"],"gold":181,"score":256,"play_id":"86633302-9113-48b7-9529-813fc3011622","local_time":"20180510160713","is_prod":false,"is_daily":false,"chose_seed":false,"is_ascension_mode":false,"campfire_upgraded":2,"timestamp":1525982833,"path_taken":["M","$","M","M","M","R","M","E","T","?","M","M","M","M","R","BOSS","M","M","?","?","$","R","E","R","T","?","M","?","?"],"build_version":"2018-05-09","seed_source_timestamp":0,"purchased_purges":1,"victory":false,"master_deck":["Strike_B+1","Strike_B+1","Defend_B","Defend_B","Defend_B","Defend_B","Zap+1","Dualcast","Redo","White Noise+1","Ball Lightning","Melter","Auto Shields","Sunder","Ball Lightning","Stack","Echo Form","Stack","Reprogram","Capacitor","Skim","Rebound+1","Ball Lightning+1","Capacitor+1","Coolheaded"],"max_hp_per_floor":[75,75,75,75,75,75,75,75,85,85,85,85,85,85,85,85,85,85,85,85,85,85,85,85,85,85,85,85,85,85],"relics":["Cracked Core","Whetstone","Pear","Nuclear Battery","Lantern","Meat on the Bone","Molten Egg 2"],"card_choices":[{"not_picked":["Coolheaded","Self Repair"],"picked":"Redo","floor":1.0},{"not_picked":["Hello World","Axe Kick"],"picked":"Ball Lightning","floor":4.0},{"not_picked":["Barrage","Ball Lightning"],"picked":"Melter","floor":5.0},{"not_picked":["Reinforced Body","Streamline"],"picked":"Auto Shields","floor":7.0},{"not_picked":["Reinforced Body","Beam Cell"],"picked":"Sunder","floor":8.0},{"not_picked":["Hologram","Go for the Eyes"],"picked":"Ball Lightning","floor":11.0},{"not_picked":["Capacitor","Loop"],"picked":"Stack","floor":12.0},{"not_picked":["Biased Cognition","Fusion"],"picked":"Echo Form","floor":16.0},{"not_picked":["Go for the Eyes","Coolheaded"],"picked":"Stack","floor":18.0},{"not_picked":["Beam Cell","Ball Lightning"],"picked":"Reprogram","floor":19.0},{"not_picked":["Gash","Hologram"],"picked":"Ball Lightning","floor":24},{"not_picked":["Aggregate","Lockon"],"picked":"Capacitor","floor":28},{"not_picked":["Sweeping Beam","Turbo"],"picked":"Coolheaded","floor":29}],"player_experience":30527,"potions_floor_usage":[30,30],"damage_taken":[{"damage":1.0,"enemies":"2 Louse","floor":1.0,"turns":2.0},{"damage":1.0,"enemies":"Cultist","floor":3.0,"turns":4.0},{"damage":0.0,"enemies":"Small Slimes","floor":4.0,"turns":3.0},{"damage":12.0,"enemies":"3 Louse","floor":5.0,"turns":4.0},{"damage":5.0,"enemies":"Looter","floor":7.0,"turns":3.0},{"damage":31.0,"enemies":"Lagavulin","floor":8.0,"turns":5.0},{"damage":0.0,"enemies":"Large Slime","floor":11.0,"turns":5.0},{"damage":20.0,"enemies":"Exordium Thugs","floor":12.0,"turns":3.0},{"damage":0.0,"enemies":"Looter","floor":13.0,"turns":3.0},{"damage":1.0,"enemies":"Exordium Wildlife","floor":14.0,"turns":3.0},{"damage":12.0,"enemies":"Hexaghost","floor":16.0,"turns":9.0},{"damage":23.0,"enemies":"Shell Parasite","floor":18.0,"turns":6.0},{"damage":0.0,"enemies":"Chosen","floor":19.0,"turns":4.0},{"damage":44.0,"enemies":"Slavers","floor":24.0,"turns":6.0},{"damage":17,"enemies":"Snake Plant","floor":28,"turns":4},{"damage":16,"enemies":"Centurion and Healer","floor":29,"turns":5},{"damage":37,"enemies":"Slaver and Parasite","floor":30,"turns":4}],"event_choices":[{"event_name":"Purifier","player_choice":"One Purge","floor":10.0,"damage_taken":0.0},{"event_name":"Ghosts","player_choice":"Ignored","floor":20.0,"damage_taken":0.0},{"event_name":"Drug Dealer","player_choice":"Ignored","floor":21.0,"damage_taken":0.0},{"event_name":"The Mausoleum","player_choice":"Yes","floor":27,"damage_taken":0}],"boss_relics":[],"potions_floor_spawned":[1,5,8,14,28,29],"seed_played":"173756580985660162","killed_by":"Slaver and Parasite","ascension_level":0,"is_trial":false}