{"gold_per_floor":[116,116,134,153,153,179,179,179,248,275,126,126,126,28,28,129,129,148,148,162,162,176,210,227,245,314,314],"floor_reached":27,"playtime":1571,"items_purged":["Regret"],"score":350,"play_id":"0ab74035-d3a0-461e-a40a-50204cac52ed","local_time":"20181222113428","is_ascension_mode":true,"campfire_choices":[{"data":"Neutralize","floor":7,"key":"SMITH"},{"floor":13,"key":"REST"},{"data":"Cloak And Dagger","floor":15,"key":"SMITH"}],"neow_cost":"NONE","seed_source_timestamp":149028252507799,"circlet_count":0,"master_deck":["Defend_G+1","Defend_G","Defend_G","Defend_G","Defend_G","Survivor","Neutralize+1","Calculated Gamble","Footwork+1","Poisoned Stab","Adrenaline+1","Accuracy","Well Laid Plans","Outmaneuver","Accuracy","Cloak And Dagger+1","Unload","Poisoned Stab","Heel Hook","Bite","Bite","Bite","Bite","Bite","Poisoned Stab","Sucker Punch","PiercingWail+1","Backstab"],"relics":["Ring of the Snake","NeowsBlessing","Shuriken","Dream Catcher","Incense Burner","Mummified Hand","Bag of Marbles","Busted Crown","The Courier","Sundial"],"potions_floor_usage":[6,10,10,18,22,23],"damage_taken":[{"damage":0,"enemies":"Cultist","floor":1,"turns":1},{"damage":0,"enemies":"Small Slimes","floor":3,"turns":1},{"damage":0,"enemies":"2 Louse","floor":4,"turns":1},{"damage":7,"enemies":"Lagavulin","floor":6,"turns":7},{"damage":6,"enemies":"3 Sentries","floor":10,"turns":9},{"damage":14,"enemies":"Hexaghost","floor":16,"turns":10},{"damage":3,"enemies":"Shell Parasite","floor":18,"turns":4},{"damage":0,"enemies":"Chosen","floor":20,"turns":5},{"damage":27,"enemies":"Sentry and Sphere","floor":22,"turns":6},{"damage":3,"enemies":"Slavers","floor":23,"turns":5},{"damage":22,"enemies":"Shelled Parasite and Fungi","floor":24,"turns":5},{"damage":0,"enemies":"Centurion and Healer","floor":25,"turns":5},{"damage":51,"enemies":"Gremlin Leader","floor":27,"turns":6}],"seed_played":"-5495992284526658675","potions_obtained":[{"floor":1,"key":"Block Potion"},{"floor":3,"key":"SpeedPotion"},{"floor":6,"key":"SkillPotion"},{"floor":16,"key":"EssenceOfSteel"},{"floor":18,"key":"Fruit Juice"},{"floor":22,"key":"SpeedPotion"}],"is_trial":false,"path_per_floor":["M","T","M","M","?","E","R","?","T","E","$","?","R","$","R","B",null,"M","?","M","?","M","E","M","M","T","E"],"character_chosen":"THE_SILENT","items_purchased":["Well Laid Plans","Accuracy","Cloak And Dagger"],"campfire_rested":1,"item_purchase_floors":[11,14,14],"current_hp_per_floor":[63,63,63,63,49,42,42,42,42,36,36,36,57,57,57,43,63,65,65,65,52,31,38,26,36,36,0],"gold":314,"neow_bonus":"THREE_ENEMY_KILL","is_prod":false,"is_daily":false,"chose_seed":false,"campfire_upgraded":2,"win_rate":0,"timestamp":1545496468,"path_taken":["M","?","M","M","?","E","R","?","T","E","$","?","R","$","R","BOSS","M","?","?","?","M","E","M","M","T","E"],"build_version":"2018-12-20","purchased_purges":1,"victory":false,"max_hp_per_floor":[70,70,70,70,70,70,70,70,70,70,70,70,70,70,70,70,70,75,75,75,52,52,52,52,52,52,52],"card_choices":[{"not_picked":["Reflex","Backflip"],"picked":"Calculated Gamble","floor":1},{"not_picked":["Endless Agony","Expertise"],"picked":"Footwork","floor":3},{"not_picked":["Sucker Punch","Eviscerate"],"picked":"Poisoned Stab","floor":4},{"not_picked":["Flying Knee","Burst"],"picked":"Adrenaline","floor":6},{"not_picked":["Flying Knee","Prepared"],"picked":"Accuracy","floor":10},{"not_picked":["PiercingWail","Prepared"],"picked":"Outmaneuver","floor":13},{"not_picked":["Night Terror","Malaise"],"picked":"Unload","floor":16},{"not_picked":[],"picked":"Poisoned Stab","floor":18},{"not_picked":[],"picked":"Heel Hook","floor":20},{"not_picked":[],"picked":"Poisoned Stab","floor":22},{"not_picked":[],"picked":"Sucker Punch","floor":23},{"not_picked":[],"picked":"PiercingWail+1","floor":24},{"not_picked":[],"picked":"Backstab","floor":25}],"player_experience":339072,"relics_obtained":[{"floor":2,"key":"Shuriken"},{"floor":6,"key":"Dream Catcher"},{"floor":9,"key":"Mummified Hand"},{"floor":10,"key":"Bag of Marbles"},{"floor":23,"key":"The Courier"},{"floor":26,"key":"Sundial"}],"event_choices":[{"damage_healed":0,"gold_gain":0,"player_choice":"Entered Light","damage_taken":14,"max_hp_gain":0,"max_hp_loss":0,"event_name":"Shining Light","floor":5,"gold_loss":0,"cards_upgraded":["Footwork","Defend_G"]},{"damage_healed":0,"gold_gain":0,"player_choice":"Box","damage_taken":0,"relics_obtained":["Incense Burner"],"max_hp_gain":0,"max_hp_loss":0,"event_name":"Big Fish","floor":8,"gold_loss":0,"cards_obtained":["Regret"]},{"damage_healed":0,"gold_gain":0,"player_choice":"Ignored","damage_taken":0,"max_hp_gain":0,"max_hp_loss":0,"event_name":"Golden Wing","floor":12,"gold_loss":0},{"damage_healed":0,"gold_gain":0,"player_choice":"Forge","damage_taken":0,"max_hp_gain":0,"max_hp_loss":0,"event_name":"Accursed Blacksmith","floor":19,"gold_loss":0,"cards_upgraded":["Adrenaline"]},{"damage_healed":0,"gold_gain":0,"player_choice":"Became a vampire","damage_taken":0,"max_hp_gain":0,"max_hp_loss":23,"event_name":"Vampires","floor":21,"gold_loss":0,"cards_obtained":["Bite","Bite","Bite","Bite","Bite"]}],"is_beta":false,"boss_relics":[{"not_picked":["Coffee Dripper","White Beast Statue"],"picked":"Busted Crown"}],"items_purged_floors":[11],"is_endless":false,"potions_floor_spawned":[1,3,6,16,18,22],"killed_by":"Gremlin Leader","ascension_level":7}