{"gold_per_floor":[112,37,52,52,52,85,85,104,104,104,119,119,160,176,176,299,299,319,244,244,204,193,237,237,268,294,315,315,336,336,49,49,49],"floor_reached":33,"playtime":1326,"items_purged":["Defend_G"],"score":298,"play_id":"e170f9f7-505e-482e-aa99-84def16d188e","local_time":"20190303225708","is_ascension_mode":false,"campfire_choices":[{"floor":10.0,"key":"REST"},{"floor":12.0,"key":"REST"},{"floor":15.0,"key":"RECALL"},{"floor":24.0,"key":"REST"},{"floor":30.0,"key":"REST"},{"data":"Blur","floor":32.0,"key":"SMITH"}],"neow_cost":"PERCENT_DAMAGE","seed_source_timestamp":0,"circlet_count":0,"master_deck":["Defend_G+1","Defend_G+1","Defend_G+1","Defend_G+1","Strike_G+1","Strike_G+1","Strike_G+1","Strike_G+1","Survivor","Neutralize","Quick Slash","Caltrops+1","Flying Knee","Backstab","Dagger Spray","Prepared","Burst","Blur+1","Infinite Blades","Underhanded Strike","Blade Dance"],"special_seed":0,"relics":["Ring of the Snake","Ginger","Golden Idol","Tingsha","Pear","Sozu","Vajra","Red Mask","Ice Cream"],"potions_floor_usage":[],"damage_taken":[{"damage":0.0,"enemies":"2 Louse","floor":1.0,"turns":3.0},{"damage":5.0,"enemies":"Jaw Worm","floor":3.0,"turns":4.0},{"damage":27.0,"enemies":"Gremlin Nob","floor":6.0,"turns":4.0},{"damage":0.0,"enemies":"Small Slimes","floor":8.0,"turns":3.0},{"damage":5.0,"enemies":"Looter","floor":11.0,"turns":3.0},{"damage":19.0,"enemies":"3 Sentries","floor":13.0,"turns":8.0},{"damage":2.0,"enemies":"Blue Slaver","floor":14.0,"turns":4.0},{"damage":43.0,"enemies":"Hexaghost","floor":16.0,"turns":12.0},{"damage":0.0,"enemies":"Chosen","floor":18.0,"turns":4.0},{"damage":5.0,"enemies":"2 Thieves","floor":22.0,"turns":4.0},{"damage":48.0,"enemies":"Book of Stabbing","floor":23.0,"turns":6.0},{"damage":16.0,"enemies":"Masked Bandits","floor":25.0,"turns":4.0},{"damage":14.0,"enemies":"Snake Plant","floor":27.0,"turns":4.0},{"damage":0.0,"enemies":"Sentry and Sphere","floor":29.0,"turns":4.0},{"damage":96,"enemies":"Automaton","floor":33,"turns":12}],"seed_played":"-5581786602851318574","potions_obtained":[{"floor":3.0,"key":"SkillPotion"},{"floor":6.0,"key":"FearPotion"},{"floor":8.0,"key":"Regen Potion"},{"floor":13.0,"key":"Fire Potion"},{"floor":14.0,"key":"Block Potion"}],"is_trial":false,"path_per_floor":["M","$","M","?","?","E","?","M","T","R","M","R","E","M","R","B",null,"M","?","?","?","M","E","R","?","T","M","?","M","R","$","R","B"],"character_chosen":"THE_SILENT","items_purchased":["Ice Cream"],"campfire_rested":4,"item_purchase_floors":[31],"current_hp_per_floor":[63,63,58,58,58,31,31,31,31,54,49,72,76,74,74,31,88,88,88,88,88,83,35,61,45,45,31,31,31,57,57,57,0],"gold":49,"neow_bonus":"TWENTY_PERCENT_HP_BONUS","is_prod":false,"is_daily":false,"chose_seed":false,"campfire_upgraded":1,"win_rate":0,"timestamp":1551621428,"path_taken":["M","$","M","?","?","E","?","M","T","R","M","R","E","M","R","BOSS","M","?","?","?","?","E","R","?","T","M","?","M","R","$","R","BOSS"],"build_version":"2019-01-23","purchased_purges":1,"victory":false,"max_hp_per_floor":[84,84,84,84,84,84,78,78,78,78,78,78,88,88,88,88,88,88,88,88,88,88,88,88,88,88,88,88,88,88,88,88,88],"card_choices":[{"not_picked":["Dagger Spray","Prepared"],"picked":"Quick Slash","floor":1.0},{"not_picked":["Predator","Noxious Fumes"],"picked":"Caltrops","floor":3.0},{"not_picked":["Finisher","Quick Slash"],"picked":"Flying Knee","floor":6.0},{"not_picked":["Bane","Deflect","Deadly Poison"],"picked":"SKIP","floor":8.0},{"not_picked":["Crippling Poison","Sucker Punch"],"picked":"Backstab","floor":11.0},{"not_picked":["Dagger Throw","Doppelganger"],"picked":"Dagger Spray","floor":13.0},{"not_picked":["Underhanded Strike","Noxious Fumes"],"picked":"Prepared","floor":14.0},{"not_picked":["Doppelganger","Storm of Steel"],"picked":"Burst","floor":16.0},{"not_picked":["Dodge and Roll","Flying Knee+1"],"picked":"Blur","floor":18.0},{"not_picked":["Bane","Outmaneuver","Dagger Spray+1"],"picked":"SKIP","floor":22.0},{"not_picked":["Outmaneuver","Leg Sweep"],"picked":"Infinite Blades","floor":23.0},{"not_picked":["Concentrate","Cloak And Dagger+1"],"picked":"Underhanded Strike","floor":25.0},{"not_picked":["Slice","Bane"],"picked":"Blade Dance","floor":27.0},{"not_picked":["Outmaneuver+1","Deflect","Blur"],"picked":"SKIP","floor":29.0}],"player_experience":689321,"relics_obtained":[{"floor":6.0,"key":"Ginger"},{"floor":9.0,"key":"Tingsha"},{"floor":13.0,"key":"Pear"},{"floor":23.0,"key":"Vajra"},{"floor":25.0,"key":"Red Mask"}],"event_choices":[{"damage_healed":0.0,"max_hp_gain":0.0,"max_hp_loss":0.0,"gold_gain":0.0,"event_name":"Scrap Ooze","player_choice":"Fled","floor":4.0,"gold_loss":0.0,"damage_taken":0.0},{"damage_healed":0.0,"max_hp_gain":0.0,"max_hp_loss":0.0,"gold_gain":0.0,"event_name":"Golden Wing","player_choice":"Ignored","floor":5.0,"gold_loss":0.0,"damage_taken":0.0},{"damage_healed":0.0,"max_hp_gain":0.0,"max_hp_loss":6.0,"gold_gain":0.0,"event_name":"Golden Idol","player_choice":"Lose Max HP","floor":7.0,"gold_loss":0.0,"damage_taken":0.0,"relics_obtained":["Golden Idol"]},{"cards_removed":["Strike_G"],"damage_healed":0.0,"max_hp_gain":0.0,"max_hp_loss":0.0,"gold_gain":0.0,"event_name":"Beggar","player_choice":"Gave Gold","floor":19.0,"gold_loss":75.0,"damage_taken":0.0},{"damage_healed":0.0,"max_hp_gain":0.0,"max_hp_loss":0.0,"gold_gain":0.0,"event_name":"Ghosts","player_choice":"Ignored","floor":20.0,"gold_loss":0.0,"damage_taken":0.0},{"damage_healed":0.0,"max_hp_gain":0.0,"max_hp_loss":0.0,"gold_gain":0.0,"event_name":"Designer","player_choice":"Upgraded Two","floor":21.0,"gold_loss":40.0,"damage_taken":0.0,"cards_upgraded":["Caltrops","Defend_G"]},{"damage_healed":0.0,"max_hp_gain":0.0,"max_hp_loss":0.0,"gold_gain":0.0,"event_name":"Masked Bandits","player_choice":"Fought Bandits","floor":25.0,"gold_loss":0.0,"damage_taken":0.0},{"damage_healed":0.0,"max_hp_gain":0.0,"max_hp_loss":0.0,"gold_gain":0.0,"event_name":"Back to Basics","player_choice":"Simplicity","floor":28.0,"gold_loss":0.0,"damage_taken":0.0,"cards_upgraded":["Defend_G","Defend_G","Defend_G","Strike_G","Strike_G","Strike_G","Strike_G"]}],"is_beta":false,"boss_relics":[{"not_picked":["HoveringKite","Tiny House"],"picked":"Sozu"}],"items_purged_floors":[2],"is_endless":false,"potions_floor_spawned":[3,6,8,13,14,22,23,27],"killed_by":"Automaton","ascension_level":0}