{"path_per_floor":["M","?","M","?","?","R","E","$","T","R","M","R","M","M","R"],"character_chosen":"DEFECT","items_purchased":["Defragment"],"gold_per_floor":[116,116,135,135,135,135,173,139,139,139,154,154,167,182,182,182],"floor_reached":16,"campfire_rested":0,"playtime":542,"item_purchase_floors":[8],"current_hp_per_floor":[75,57,62,62,62,62,41,41,41,41,40,40,28,24,24,0],"items_purged":[],"gold":182,"score":105,"play_id":"91f6c4f7-cf66-415f-9af0-e437ec16675a","local_time":"20180602192720","is_prod":false,"is_daily":false,"chose_seed":false,"is_ascension_mode":true,"campfire_upgraded":4,"win_rate":0.0,"timestamp":1527935240,"campfire_choices":[{"data":"Zap","floor":6,"key":"SMITH"},{"data":"White Noise","floor":10,"key":"SMITH"},{"data":"Defragment","floor":12,"key":"SMITH"},{"data":"Self Repair","floor":15,"key":"SMITH"}],"path_taken":["M","?","M","?","?","R","E","$","T","R","M","R","M","M","R","BOSS"],"build_version":"2018-05-31","seed_source_timestamp":857084443190059,"purchased_purges":0,"victory":false,"master_deck":["Strike_B","Strike_B","Strike_B","Strike_B","Defend_B","Defend_B","Defend_B","Defend_B","Zap+1","Dualcast","White Noise+1","Defragment","FTL","Defragment+1","Ball Lightning","Self Repair+1"],"max_hp_per_floor":[75,75,75,75,75,75,75,75,75,75,75,75,75,75,75,75],"relics":["Cracked Core","Golden Idol","Blue Candle","Sundial"],"card_choices":[{"not_picked":["Rebound","Go for the Eyes"],"picked":"White Noise","floor":0},{"not_picked":["Stack","Coolheaded"],"picked":"Defragment","floor":1},{"not_picked":["Go for the Eyes","Stack","Force Field"],"picked":"SKIP","floor":3},{"not_picked":["Sweeping Beam","Hologram"],"picked":"FTL","floor":7},{"not_picked":["Conserve Battery","Scrape"],"picked":"Ball Lightning","floor":11},{"not_picked":["Skim","BootSequence"],"picked":"Self Repair","floor":13},{"not_picked":["Cold Snap","Go for the Eyes","Barrage"],"picked":"SKIP","floor":14}],"player_experience":738023,"potions_floor_usage":[16],"damage_taken":[{"damage":6,"enemies":"Jaw Worm","floor":1,"turns":3},{"damage":2,"enemies":"2 Louse","floor":3,"turns":3},{"damage":21,"enemies":"Lagavulin","floor":7,"turns":7},{"damage":1,"enemies":"Small Slimes","floor":11,"turns":3},{"damage":12,"enemies":"2 Fungi Beasts","floor":13,"turns":3},{"damage":11,"enemies":"Red Slaver","floor":14,"turns":3},{"damage":28,"enemies":"Hexaghost","floor":16,"turns":7}],"relics_obtained":[{"floor":7,"key":"Blue Candle"},{"floor":9,"key":"Sundial"}],"event_choices":[{"event_name":"Golden Idol","player_choice":"Take Damage","floor":2,"damage_taken":0},{"event_name":"The Lab","player_choice":"Got Potions","floor":4,"damage_taken":0},{"event_name":"Match and Keep!","player_choice":"0 cards matched","floor":5,"damage_taken":0}],"boss_relics":[],"items_purged_floors":[],"potions_floor_spawned":[3,13],"seed_played":"156917676230499964","killed_by":"Hexaghost","ascension_level":1,"potions_obtained":[{"floor":3,"key":"SteroidPotion"},{"floor":4,"key":"SmokeBomb"},{"floor":4,"key":"Ancient Potion"}],"is_trial":false}