{"gold_per_floor":[116,39,39,54,18,18,51,70,95,113,188,199,15,15,15,117,117,132,43,75,3,15,15,15,15,15,35,46,46,63,63,63,162,162,178,128,198,216,232,232,232,232,232,249,268,285,285,285,285,285],"floor_reached":51,"playtime":2872,"items_purged":["Strike_G","Strike_G","Strike_G"],"score":728,"play_id":"fb79753b-4c9c-4281-853a-48732f296ab1","local_time":"20190115223116","is_ascension_mode":true,"campfire_choices":[{"data":"Noxious Fumes","floor":6.0,"key":"SMITH"},{"floor":15,"key":"REST"},{"data":"Caltrops","floor":23,"key":"SMITH"},{"data":"Leg Sweep","floor":25,"key":"SMITH"},{"floor":29,"key":"REST"},{"floor":32,"key":"REST"},{"floor":40,"key":"REST"},{"floor":42,"key":"REST"},{"floor":47,"key":"REST"},{"data":"Catalyst","floor":49,"key":"SMITH"}],"neow_cost":"NONE","seed_source_timestamp":578151265790451,"circlet_count":0,"master_deck":["Defend_G","Defend_G","Defend_G","Defend_G","Defend_G+1","Strike_G+1","Survivor","Neutralize","Burst","Quick Slash","Noxious Fumes+1","PiercingWail","Caltrops","Adrenaline","Deflect","PiercingWail","Noxious Fumes+1","Deflect","Corpse Explosion","Caltrops+1","Noxious Fumes+1","Leg Sweep+1","PiercingWail","Catalyst+1","Backflip+1","Envenom","Dodge and Roll","Clumsy","Noxious Fumes","Parasite","PiercingWail+1","Doubt"],"special_seed":0,"relics":["Ring of the Snake","Happy Flower","Smiling Mask","Cursed Key","Red Mask","Ninja Scroll","White Beast Statue","Bottled Tornado"],"potions_floor_usage":[20,33,33,39,50,50],"damage_taken":[{"damage":0.0,"enemies":"2 Louse","floor":1.0,"turns":5.0},{"damage":0.0,"enemies":"Jaw Worm","floor":4.0,"turns":4.0},{"damage":26.0,"enemies":"Gremlin Nob","floor":7.0,"turns":5.0},{"damage":0.0,"enemies":"Cultist","floor":8.0,"turns":3.0},{"damage":0.0,"enemies":"Large Slime","floor":10.0,"turns":6.0},{"damage":0.0,"enemies":"Red Slaver","floor":12.0,"turns":5.0},{"damage":24,"enemies":"The Guardian","floor":16,"turns":10},{"damage":4,"enemies":"Shell Parasite","floor":18,"turns":5},{"damage":33,"enemies":"Masked Bandits","floor":20,"turns":4},{"damage":0,"enemies":"Chosen","floor":22,"turns":6},{"damage":9,"enemies":"Centurion and Healer","floor":27,"turns":5},{"damage":0,"enemies":"Chosen and Byrds","floor":28,"turns":5},{"damage":21,"enemies":"Shelled Parasite and Fungi","floor":30,"turns":5},{"damage":15,"enemies":"Collector","floor":33,"turns":6},{"damage":0,"enemies":"3 Shapes","floor":35,"turns":4},{"damage":33,"enemies":"3 Darklings","floor":38,"turns":5},{"damage":35,"enemies":"Spire Growth","floor":39,"turns":6},{"damage":4,"enemies":"Writhing Mass","floor":44,"turns":8},{"damage":14,"enemies":"Transient","floor":45,"turns":5},{"damage":0,"enemies":"4 Shapes","floor":46,"turns":5},{"damage":38,"enemies":"Donu and Deca","floor":50,"turns":5}],"seed_played":"-2612374548258101023","potions_obtained":[{"floor":8.0,"key":"Swift Potion"},{"floor":10.0,"key":"Ancient Potion"},{"floor":12.0,"key":"AttackPotion"},{"floor":24,"key":"Energy Potion"},{"floor":27,"key":"Poison Potion"},{"floor":35,"key":"LiquidBronze"},{"floor":38,"key":"Swift Potion"},{"floor":39,"key":"PowerPotion"}],"is_trial":false,"path_per_floor":["M","$","?","M","$","R","E","M","T","M","?","M","$","?","R","B",null,"M","$","?","$","M","R","?","R","T","M","M","R","M","?","R","B",null,"M","$","T","M","M","R","?","R","T","M","M","M","R","?","R","B",null],"character_chosen":"THE_SILENT","items_purchased":["Noxious Fumes","Caltrops","Noxious Fumes","Deflect","Caltrops","Leg Sweep"],"campfire_rested":6,"item_purchase_floors":[2,5,13,13,19,21],"current_hp_per_floor":[70,70,56,56,56,56,30,30,30,30,19,19,19,19,40,16,70,66,66,33,33,33,33,33,33,33,24,24,45,24,24,45,30,70,70,70,70,37,2,23,23,44,44,40,26,26,47,70,70,32],"gold":285,"neow_bonus":"ONE_RANDOM_RARE_CARD","is_prod":false,"is_daily":false,"chose_seed":false,"campfire_upgraded":4,"win_rate":0,"timestamp":1547609476,"path_taken":["M","$","?","M","$","R","E","M","T","M","?","?","?","?","R","BOSS","M","$","?","$","M","R","?","R","T","?","M","R","M","?","R","BOSS","M","$","?","M","?","R","?","R","T","M","M","M","R","?","R","BOSS"],"build_version":"2019-01-10","purchased_purges":3,"victory":true,"max_hp_per_floor":[70,70,70,70,70,70,70,70,70,70,70,70,70,70,70,70,70,70,70,70,70,70,70,70,70,70,70,70,70,70,70,70,70,70,70,70,70,70,70,70,70,70,70,70,70,70,70,70,70,70],"card_choices":[{"not_picked":["Sucker Punch","Bane"],"picked":"Quick Slash","floor":1.0},{"not_picked":["Backflip","Slice"],"picked":"PiercingWail","floor":4.0},{"not_picked":["Quick Slash","Riddle With Holes"],"picked":"Adrenaline","floor":7.0},{"not_picked":["Dagger Throw","PiercingWail"],"picked":"Deflect","floor":8.0},{"not_picked":["Setup","Outmaneuver","Blade Dance"],"picked":"SKIP","floor":10.0},{"not_picked":["Predator","All Out Attack"],"picked":"PiercingWail","floor":12.0},{"not_picked":["Glass Knife","Tools of the Trade"],"picked":"Corpse Explosion","floor":16},{"not_picked":["Accuracy+1","Skewer+1","Outmaneuver+1"],"picked":"SKIP","floor":18},{"not_picked":["Heel Hook","Accuracy"],"picked":"Noxious Fumes+1","floor":20},{"not_picked":["Dagger Throw","Outmaneuver"],"picked":"PiercingWail","floor":22},{"not_picked":["Underhanded Strike","Expertise","Prepared"],"picked":"SKIP","floor":27},{"not_picked":["Concentrate","Sucker Punch"],"picked":"Catalyst","floor":28},{"not_picked":["Endless Agony","Riddle With Holes"],"picked":"Backflip+1","floor":30},{"not_picked":["Bullet Time","Die Die Die"],"picked":"Envenom","floor":33},{"not_picked":["Terror+1","Outmaneuver+1"],"picked":"Dodge and Roll","floor":35},{"not_picked":["Terror+1","Escape Plan+1"],"picked":"Noxious Fumes","floor":38},{"not_picked":["Prepared","Blade Dance+1","Expertise"],"picked":"SKIP","floor":39},{"not_picked":["Reflex+1","Calculated Gamble","Poisoned Stab+1"],"picked":"SKIP","floor":44},{"not_picked":["Crippling Poison","Flying Knee"],"picked":"PiercingWail+1","floor":45},{"not_picked":["Blade Dance+1","Venomology","Slice+1"],"picked":"SKIP","floor":46}],"player_experience":947711,"relics_obtained":[{"floor":7.0,"key":"Happy Flower"},{"floor":9.0,"key":"Smiling Mask"},{"floor":20,"key":"Red Mask"},{"floor":26,"key":"Ninja Scroll"},{"floor":43,"key":"Bottled Tornado"}],"event_choices":[{"damage_healed":0.0,"max_hp_gain":0.0,"max_hp_loss":0.0,"gold_gain":0.0,"event_name":"Shining Light","player_choice":"Entered Light","floor":3.0,"gold_loss":0.0,"damage_taken":14.0,"cards_upgraded":["Strike_G","Defend_G"]},{"damage_healed":0.0,"max_hp_gain":0.0,"max_hp_loss":0.0,"gold_gain":75.0,"event_name":"World of Goop","player_choice":"Gather Gold","floor":11.0,"gold_loss":0.0,"damage_taken":11.0},{"damage_healed":0,"gold_gain":0,"player_choice":"Forge","damage_taken":0,"max_hp_gain":0,"max_hp_loss":0,"event_name":"Accursed Blacksmith","floor":14,"gold_loss":0,"cards_upgraded":["Noxious Fumes"]},{"damage_healed":0,"gold_gain":0,"player_choice":"Fought Bandits","damage_taken":0,"max_hp_gain":0,"max_hp_loss":0,"event_name":"Masked Bandits","floor":20,"gold_loss":0},{"damage_healed":0,"gold_gain":0,"player_choice":"Got Potions","damage_taken":0,"max_hp_gain":0,"max_hp_loss":0,"event_name":"Lab","floor":24,"gold_loss":0},{"cards_removed":["Decay"],"damage_healed":0,"gold_gain":0,"player_choice":"Removed Curses","damage_taken":0,"max_hp_gain":0,"max_hp_loss":0,"event_name":"Fountain of Cleansing","floor":31,"gold_loss":0},{"cards_removed":["Strike_G"],"damage_healed":0,"gold_gain":0,"player_choice":"Removed Attack","damage_taken":0,"max_hp_gain":0,"max_hp_loss":0,"event_name":"Falling","floor":41,"gold_loss":0},{"damage_healed":23,"gold_gain":0,"player_choice":"Heal","damage_taken":0,"max_hp_gain":0,"max_hp_loss":0,"event_name":"MindBloom","floor":48,"gold_loss":0,"cards_obtained":["Doubt"]}],"is_beta":false,"boss_relics":[{"not_picked":["Tiny House","Eternal Feather"],"picked":"Cursed Key"},{"not_picked":["Fusion Hammer","Coffee Dripper"],"picked":"White Beast Statue"}],"items_purged_floors":[13,19,36],"is_endless":false,"potions_floor_spawned":[8,10,12,18,27,30,35,38,39,44,45,46],"ascension_level":1}