{"path_per_floor":["M","M","M","T","?","E","M","?","T","R","M","M","E","M","R","B",null,"M","M","?","?","M","R","M"],"character_chosen":"IRONCLAD","items_purchased":[],"gold_per_floor":[112,127,138,138,213,239,250,200,272,272,286,296,326,338,338,435,435,448,458,458,458,472,472,490],"floor_reached":25,"campfire_rested":0,"playtime":1155,"current_hp_per_floor":[75,67,66,66,55,35,22,22,22,22,22,22,14,16,16,6,80,80,65,65,50,33,33,15],"items_purged":[],"gold":490,"score":217,"play_id":"1d258c19-09d0-48ff-aae9-a1ea0fa7560d","is_prod":false,"is_daily":false,"is_ascension_mode":false,"campfire_upgraded":0,"path_taken":["M","M","M","?","?","E","M","?","T","R","M","M","E","M","R","BOSS","M","M","?","?","M","R","?","E"],"build_version":"2018-02-22-PROD2","purchased_purges":0,"victory":false,"master_deck":["Strike_R","Strike_R","Strike_R","Strike_R","Strike_R","Defend_R","Defend_R","Defend_R","Bash","Wild Strike","Sever Soul","Shrug It Off","Heavy Blade","Battle Trance","Uppercut","Perfected Strike","Twin Strike","Seeing Red","Demon Form+1","Twin Strike","Twin Strike","Perfected Strike","Headbutt"],"max_hp_per_floor":[80,80,80,80,80,80,80,80,80,80,80,80,80,80,80,80,80,80,80,80,85,85,85,85],"relics":["Sozu","Sundial","Girya","Frozen Egg 2","Blood Vial","Lizard Tail"],"card_choices":[{"not_picked":["Armaments","Intimidate"],"picked":"Wild Strike"},{"not_picked":["True Grit","Blood for Blood"],"picked":"Sever Soul"},{"not_picked":["Searing Blow","Flame Barrier"],"picked":"Shrug It Off"},{"not_picked":["Blood for Blood","Burning Pact"],"picked":"Heavy Blade"},{"not_picked":["Cleave","Clash"],"picked":"Battle Trance"},{"not_picked":["Iron Wave","Wild Strike"],"picked":"Uppercut"},{"not_picked":["Iron Wave","Immolate"],"picked":"Perfected Strike"},{"not_picked":["Shrug It Off","Whirlwind"],"picked":"Twin Strike"},{"not_picked":["Armaments","Clash"],"picked":"Seeing Red"},{"not_picked":["Limit Break","Reaper"],"picked":"Demon Form"},{"not_picked":["Sword Boomerang","Clash"],"picked":"Twin Strike"},{"not_picked":["Intimidate","Dual Wield"],"picked":"Twin Strike"},{"not_picked":["Pummel","Thunderclap"],"picked":"Headbutt"}],"player_experience":35955,"potions_floor_usage":[],"damage_taken":[{"damage":5,"enemies":"Cultist","floor":1,"turns":4},{"damage":8,"enemies":"Jaw Worm","floor":2,"turns":3},{"damage":1,"enemies":"2 Louse","floor":3,"turns":3},{"damage":20,"enemies":"3 Sentries","floor":6,"turns":9},{"damage":13,"enemies":"2 Fungi Beasts","floor":7,"turns":4},{"damage":0,"enemies":"Large Slime","floor":11,"turns":5},{"damage":0,"enemies":"Blue Slaver","floor":12,"turns":2},{"damage":8,"enemies":"Gremlin Nob","floor":13,"turns":3},{"damage":0,"enemies":"3 Louse","floor":14,"turns":2},{"damage":12,"enemies":"Hexaghost","floor":16,"turns":8},{"damage":0,"enemies":"Chosen","floor":18,"turns":3},{"damage":15,"enemies":"3 Byrds","floor":19,"turns":5},{"damage":19,"enemies":"Snake Plant","floor":22,"turns":3},{"damage":20,"enemies":"Chosen and Byrds","floor":24,"turns":5},{"damage":0,"enemies":"Slavers","floor":25,"turns":1}],"event_choices":[{"event_name":"World of Goop","player_choice":"Gather Gold","floor":5,"damage_taken":0},{"event_name":"The Cleric","player_choice":"Card Removal","floor":8,"damage_taken":0},{"event_name":"The Library","player_choice":"Read","floor":20,"damage_taken":0},{"event_name":"Forgotten Altar","player_choice":"Shed Blood","floor":21,"damage_taken":0}],"boss_relics":[{"not_picked":["Philosopher\u0027s Stone","Runic Dome"],"picked":"Lizard Tail"}],"potions_floor_spawned":[6,11,12,13,14,19],"seed_played":"6755188821667132438","killed_by":"Slavers","ascension_level":0,"is_trial":false}