{"gold_per_floor":[113,113,127,127,143,143,156,181,204,214,214,234,246,259,259,259],"floor_reached":16,"playtime":911,"items_purged":[],"score":96,"play_id":"ba38b894-0359-4723-8d54-a9f130588444","local_time":"20190123225154","is_ascension_mode":false,"campfire_choices":[{"data":"Neutralize","floor":6,"key":"SMITH"},{"data":"Malaise","floor":15,"key":"SMITH"}],"neow_cost":"NONE","seed_source_timestamp":300508276309001,"circlet_count":0,"master_deck":["Defend_G","Defend_G","Defend_G","Defend_G","Defend_G","Strike_G","Strike_G","Strike_G","Strike_G","Strike_G","Survivor","Neutralize+1","Slice","Acrobatics","Regret","Caltrops","Dagger Spray","Expertise","Cloak And Dagger+1","Cloak And Dagger","Backflip","Malaise+1"],"relics":["Ring of the Snake","NeowsBlessing","Bag of Marbles","Odd Mushroom","Bronze Scales"],"potions_floor_usage":[8,16,16],"damage_taken":[{"damage":0,"enemies":"Small Slimes","floor":1,"turns":1},{"damage":0,"enemies":"Cultist","floor":3,"turns":1},{"damage":0,"enemies":"2 Louse","floor":5,"turns":1},{"damage":4,"enemies":"Blue Slaver","floor":7,"turns":5},{"damage":17,"enemies":"The Mushroom Lair","floor":8,"turns":4},{"damage":0,"enemies":"3 Louse","floor":10,"turns":2},{"damage":4,"enemies":"Gremlin Gang","floor":12,"turns":4},{"damage":3,"enemies":"Exordium Wildlife","floor":13,"turns":4},{"damage":9,"enemies":"Blue Slaver","floor":14,"turns":3},{"damage":36,"enemies":"Slime Boss","floor":16,"turns":12}],"seed_played":"-8476863889687684791","potions_obtained":[{"floor":2,"key":"Ancient Potion"},{"floor":2,"key":"SneckoOil"},{"floor":2,"key":"Weak Potion"},{"floor":3,"key":"SpeedPotion"},{"floor":8,"key":"GhostInAJar"}],"is_trial":false,"path_per_floor":["M","?","M","?","M","R","M","?","T","M","?","M","M","M","R","B"],"character_chosen":"THE_SILENT","items_purchased":[],"campfire_rested":0,"item_purchase_floors":[],"current_hp_per_floor":[70,70,70,70,70,70,66,49,49,49,49,45,42,33,33,0],"gold":259,"neow_bonus":"THREE_ENEMY_KILL","is_prod":false,"is_daily":false,"chose_seed":false,"campfire_upgraded":2,"win_rate":0,"timestamp":1548283914,"path_taken":["M","?","?","?","M","R","M","?","T","M","?","?","?","M","R","BOSS"],"build_version":"2019-01-23","purchased_purges":0,"victory":false,"max_hp_per_floor":[70,70,70,70,70,70,70,70,70,70,70,70,70,70,70,70],"card_choices":[{"not_picked":["Sucker Punch","Flechettes"],"picked":"Slice","floor":1},{"not_picked":["Concentrate","Eviscerate"],"picked":"Acrobatics","floor":3},{"not_picked":["Bane","Calculated Gamble"],"picked":"Caltrops","floor":5},{"not_picked":["Masterful Stab","Deflect"],"picked":"Dagger Spray","floor":7},{"not_picked":["Tactician","PiercingWail"],"picked":"Expertise","floor":8},{"not_picked":["Infinite Blades","Concentrate"],"picked":"Cloak And Dagger","floor":10},{"not_picked":["Flying Knee","Poisoned Stab"],"picked":"Cloak And Dagger","floor":12},{"not_picked":["Flying Knee","Dagger Throw"],"picked":"Backflip","floor":13},{"not_picked":["Quick Slash","Acrobatics"],"picked":"Malaise","floor":14}],"player_experience":337656,"relics_obtained":[{"floor":8,"key":"Odd Mushroom"},{"floor":9,"key":"Bronze Scales"}],"event_choices":[{"damage_healed":0,"gold_gain":0,"player_choice":"Got Potions","damage_taken":0,"max_hp_gain":0,"max_hp_loss":0,"event_name":"Lab","floor":2,"gold_loss":0},{"damage_healed":0,"gold_gain":0,"player_choice":"Box","damage_taken":0,"relics_obtained":["Bag of Marbles"],"max_hp_gain":0,"max_hp_loss":0,"event_name":"Big Fish","floor":4,"gold_loss":0,"cards_obtained":["Regret"]},{"damage_healed":0,"gold_gain":0,"player_choice":"Fought Mushrooms","damage_taken":0,"max_hp_gain":0,"max_hp_loss":0,"event_name":"Mushrooms","floor":8,"gold_loss":0},{"damage_healed":0,"gold_gain":0,"player_choice":"Forge","damage_taken":0,"max_hp_gain":0,"max_hp_loss":0,"event_name":"Accursed Blacksmith","floor":11,"gold_loss":0,"cards_upgraded":["Cloak And Dagger"]}],"is_beta":false,"boss_relics":[],"items_purged_floors":[],"is_endless":false,"potions_floor_spawned":[3,7,8],"killed_by":"Slime Boss","ascension_level":0}