{"gold_per_floor":[118,118,118,68,88,119,119,154,207,207,235,235,254,264,264,359,359,378,293,218,218,230,230,330,330,384,413,438,450,462,494,506,620,632,656,680,692,719,741,753,797,809,821,860,882,923,966,65,65,65],"floor_reached":51,"playtime":2733,"items_purged":["Melter"],"score":958,"play_id":"7ec47393-0051-47d1-8d4e-8340353c1346","local_time":"20190224211305","is_ascension_mode":false,"campfire_choices":[{"data":"Zap","floor":7,"key":"SMITH"},{"data":"Buffer","floor":10,"key":"SMITH"},{"data":"Capacitor","floor":12,"key":"SMITH"},{"data":"Go for the Eyes","floor":15,"key":"SMITH"},{"data":"Storm","floor":23,"key":"SMITH"},{"data":"Capacitor","floor":25,"key":"SMITH"},{"data":"Leap","floor":29,"key":"SMITH"},{"floor":32,"key":"REST"},{"data":"Rip and Tear","floor":40,"key":"SMITH"},{"data":"Echo Form","floor":42,"key":"SMITH"},{"data":"Deep Breath","floor":49,"key":"SMITH"}],"neow_cost":"NONE","seed_source_timestamp":782977939251464,"circlet_count":0,"master_deck":["Zap+1","Biased Cognition+1","Storm+1","Go for the Eyes+1","Rip and Tear+1","Buffer+1","Leap+1","Capacitor+1","Core Surge+1","Sweeping Beam+1","Echo Form+1","Capacitor+1","White Noise+1","Reboot","Static Discharge+1","Storm+1","Creative AI+1","Deep Breath+1"],"relics":["Pandora\u0027s Box","DataDisk","WingedGreaves","Dream Catcher","PreservedInsect","Molten Egg 2","Nuclear Battery","Smiling Mask","MutagenicStrength","Girya","Bottled Lightning","MawBank","Lizard Tail","Pantograph","Question Card","Anchor","Frozen Egg 2","Boot","Lee\u0027s Waffle","Regal Pillow","Ornamental Fan"],"potions_floor_usage":[24,50,50,50],"damage_taken":[{"damage":0,"enemies":"Small Slimes","floor":1,"turns":3},{"damage":8,"enemies":"Jaw Worm","floor":5,"turns":2},{"damage":0,"enemies":"Gremlin Nob","floor":6,"turns":3},{"damage":0,"enemies":"Lagavulin","floor":8,"turns":5},{"damage":0,"enemies":"Gremlin Nob","floor":11,"turns":3},{"damage":0,"enemies":"2 Louse","floor":13,"turns":2},{"damage":7,"enemies":"Looter","floor":14,"turns":2},{"damage":12,"enemies":"The Guardian","floor":16,"turns":6},{"damage":17,"enemies":"2 Thieves","floor":18,"turns":3},{"damage":5,"enemies":"3 Byrds","floor":22,"turns":3},{"damage":25,"enemies":"Colosseum Slavers","floor":24,"turns":2},{"damage":7,"enemies":"Colosseum Nobs","floor":24,"turns":3},{"damage":0,"enemies":"Sentry and Sphere","floor":27,"turns":2},{"damage":20,"enemies":"Centurion and Healer","floor":28,"turns":2},{"damage":0,"enemies":"Snecko","floor":31,"turns":4},{"damage":0,"enemies":"Collector","floor":33,"turns":5},{"damage":28,"enemies":"3 Darklings","floor":35,"turns":3},{"damage":10,"enemies":"3 Shapes","floor":36,"turns":3},{"damage":10,"enemies":"3 Darklings","floor":38,"turns":4},{"damage":0,"enemies":"Maw","floor":39,"turns":5},{"damage":13,"enemies":"Giant Head","floor":41,"turns":4},{"damage":36,"enemies":"Reptomancer","floor":44,"turns":4},{"damage":8,"enemies":"Sphere and 2 Shapes","floor":45,"turns":3},{"damage":0,"enemies":"Giant Head","floor":46,"turns":5},{"damage":0,"enemies":"Nemesis","floor":47,"turns":4},{"damage":34,"enemies":"Donu and Deca","floor":50,"turns":4}],"seed_played":"-7982147730467141950","potions_obtained":[{"floor":5,"key":"FocusPotion"},{"floor":8,"key":"FocusPotion"},{"floor":13,"key":"Block Potion"},{"floor":22,"key":"PowerPotion"},{"floor":24,"key":"GamblersBrew"},{"floor":27,"key":"EssenceOfSteel"},{"floor":38,"key":"Block Potion"}],"is_trial":false,"path_per_floor":["M","?","?","?","M","E","R","E","T","R","E","R","M","M","R","B",null,"M","?","?","?","M","R","?","R","T","M","M","R","?","M","R","B",null,"M","M","?","M","M","R","E","R","T","E","M","E","E","$","R","B",null],"character_chosen":"DEFECT","items_purchased":["Lee\u0027s Waffle","Creative AI+1","Regal Pillow","Ornamental Fan","Deep Breath"],"campfire_rested":1,"item_purchase_floors":[48,48,48,48,48],"current_hp_per_floor":[75,68,65,65,57,57,57,57,57,57,57,57,57,50,50,38,75,58,58,58,58,53,53,21,21,21,21,1,1,1,1,23,23,75,47,37,37,27,27,27,14,14,14,37,29,29,29,82,82,48],"gold":65,"neow_bonus":"BOSS_RELIC","is_prod":false,"is_daily":false,"chose_seed":false,"campfire_upgraded":10,"win_rate":0,"timestamp":1551010385,"path_taken":["M","?","?","?","M","E","R","E","T","R","E","R","M","M","R","BOSS","M","?","?","?","M","R","?","R","T","?","M","R","?","M","R","BOSS","M","?","?","M","M","R","E","R","T","E","M","E","E","$","R","BOSS"],"build_version":"2019-01-23","purchased_purges":1,"victory":true,"max_hp_per_floor":[75,75,75,75,75,75,75,75,75,75,75,75,75,75,75,75,75,75,75,75,75,75,75,75,75,75,75,75,75,75,75,75,75,75,75,75,75,75,75,75,75,75,75,75,75,75,75,82,82,82],"card_choices":[{"not_picked":["Cold Snap","Turbo","Beam Cell"],"picked":"SKIP","floor":1},{"not_picked":["Scrape","White Noise","Steam Power"],"picked":"SKIP","floor":5},{"not_picked":["Heatsinks","Turbo"],"picked":"Leap","floor":6},{"not_picked":["Compile Driver","Turbo"],"picked":"Capacitor","floor":8},{"not_picked":["Undo","Glacier"],"picked":"Core Surge","floor":11},{"not_picked":["Conserve Battery","Compile Driver+1"],"picked":"Sweeping Beam+1","floor":13},{"not_picked":["Hologram","Darkness","Blizzard+1"],"picked":"SKIP","floor":14},{"not_picked":["Hyperbeam+1","Biased Cognition"],"picked":"Echo Form","floor":16},{"not_picked":["Hologram","Genetic Algorithm"],"picked":"Capacitor","floor":18},{"not_picked":["Coolheaded","Redo"],"picked":"White Noise+1","floor":22},{"not_picked":["Loop","Heatsinks","Rebound+1"],"picked":"SKIP","floor":27},{"not_picked":["Fusion","Barrage+1","Beam Cell+1"],"picked":"SKIP","floor":28},{"not_picked":["Streamline+1","Compile Driver+1","Go for the Eyes+1"],"picked":"SKIP","floor":31},{"not_picked":["Multi-Cast","Amplify"],"picked":"Reboot","floor":33},{"not_picked":["Gash+1","Capacitor+1","Genetic Algorithm+1"],"picked":"SKIP","floor":35},{"not_picked":["Recycle+1","Rip and Tear+1","Steam"],"picked":"SKIP","floor":36},{"not_picked":["Conserve Battery+1","Steam","Compile Driver+1"],"picked":"SKIP","floor":38},{"not_picked":["Coolheaded","Hologram+1","Reprogram"],"picked":"SKIP","floor":39},{"not_picked":["Steam","Melter+1"],"picked":"Static Discharge+1","floor":41},{"not_picked":["Aggregate+1","Turbo+1","Darkness+1"],"picked":"Storm+1","floor":44},{"not_picked":["Gash+1","Defragment","Streamline+1","Rebound+1"],"picked":"SKIP","floor":45},{"not_picked":["All For One+1","Ball Lightning+1","Turbo+1","Conserve Battery"],"picked":"SKIP","floor":46},{"not_picked":["Reinforced Body+1","Sweeping Beam+1","Streamline+1","Fusion+1"],"picked":"SKIP","floor":47}],"player_experience":926284,"relics_obtained":[{"floor":6,"key":"WingedGreaves"},{"floor":8,"key":"Dream Catcher"},{"floor":9,"key":"PreservedInsect"},{"floor":11,"key":"Molten Egg 2"},{"floor":24,"key":"Girya"},{"floor":24,"key":"Bottled Lightning"},{"floor":26,"key":"MawBank"},{"floor":41,"key":"Pantograph"},{"floor":43,"key":"Question Card"},{"floor":44,"key":"Anchor"},{"floor":46,"key":"Frozen Egg 2"},{"floor":47,"key":"Boot"}],"event_choices":[{"cards_removed":["Fusion"],"damage_healed":0,"gold_gain":0,"player_choice":"Card Removal","damage_taken":7,"max_hp_gain":0,"max_hp_loss":0,"event_name":"Golden Wing","floor":2,"gold_loss":0},{"damage_healed":0,"gold_gain":0,"player_choice":"Success","damage_taken":3,"relics_obtained":["DataDisk"],"max_hp_gain":0,"max_hp_loss":0,"event_name":"Scrap Ooze","floor":3,"gold_loss":0},{"cards_removed":["Dualcast"],"damage_healed":0,"gold_gain":0,"player_choice":"Card Removal","damage_taken":0,"max_hp_gain":0,"max_hp_loss":0,"event_name":"The Cleric","floor":4,"gold_loss":50},{"damage_healed":0,"gold_gain":0,"player_choice":"Obtained Relic","damage_taken":0,"relics_obtained":["Smiling Mask"],"max_hp_gain":0,"max_hp_loss":0,"event_name":"Addict","floor":19,"gold_loss":85},{"cards_removed":["Reprogram"],"damage_healed":0,"gold_gain":0,"player_choice":"Gave Gold","damage_taken":0,"max_hp_gain":0,"max_hp_loss":0,"event_name":"Beggar","floor":20,"gold_loss":75},{"damage_healed":0,"gold_gain":0,"player_choice":"Inject Mutagens","damage_taken":0,"relics_obtained":["MutagenicStrength"],"max_hp_gain":0,"max_hp_loss":0,"event_name":"Drug Dealer","floor":21,"gold_loss":0},{"damage_healed":0,"gold_gain":0,"player_choice":"Fight","damage_taken":0,"max_hp_gain":0,"max_hp_loss":0,"event_name":"Colosseum","floor":24,"gold_loss":0},{"damage_healed":0,"gold_gain":0,"player_choice":"Fought Nobs","damage_taken":0,"max_hp_gain":0,"max_hp_loss":0,"event_name":"Colosseum","floor":24,"gold_loss":0},{"damage_healed":0,"gold_gain":0,"player_choice":"Upgraded","damage_taken":0,"max_hp_gain":0,"max_hp_loss":0,"event_name":"Upgrade Shrine","floor":30,"gold_loss":0,"cards_upgraded":["Biased Cognition"]},{"damage_healed":0,"gold_gain":0,"player_choice":"Ignored","damage_taken":0,"max_hp_gain":0,"max_hp_loss":0,"event_name":"The Moai Head","floor":37,"gold_loss":0}],"is_beta":false,"boss_relics":[{"not_picked":["Empty Cage","Snecko Eye"],"picked":"Nuclear Battery"},{"not_picked":["Orrery","Runic Pyramid"],"picked":"Lizard Tail"}],"items_purged_floors":[48],"is_endless":false,"potions_floor_spawned":[5,8,13,14,22,24,27,28,36,38,46,47],"ascension_level":0}