{"gold_per_floor":[117,117,42,42,61,61,93,109,135,135,135,135,100,111,111,111],"floor_reached":16,"playtime":1465,"items_purged":["Strike_R"],"score":157,"play_id":"ccb3362d-7b5e-4746-bb2f-4ae8be07f9ee","local_time":"20190212215910","is_ascension_mode":true,"campfire_choices":[{"data":"Flame Barrier","floor":6,"key":"SMITH"},{"floor":12,"key":"REST"},{"data":"Searing Blow","floor":15,"key":"SMITH"}],"neow_cost":"NONE","seed_source_timestamp":118240494464500,"circlet_count":0,"master_deck":["AscendersBane","Strike_R","Strike_R","Strike_R","Defend_R","Defend_R","Defend_R","Bash","Dark Embrace","Feel No Pain","Flame Barrier+1","Searing Blow+1","Spot Weakness"],"relics":["Burning Blood","Art of War","Anchor"],"potions_floor_usage":[16],"damage_taken":[{"damage":18,"enemies":"Jaw Worm","floor":1,"turns":4},{"damage":8,"enemies":"2 Louse","floor":5,"turns":4},{"damage":53,"enemies":"Lagavulin","floor":7,"turns":9},{"damage":10,"enemies":"Small Slimes","floor":8,"turns":5},{"damage":8,"enemies":"2 Fungi Beasts","floor":14,"turns":6},{"damage":56,"enemies":"Hexaghost","floor":16,"turns":10}],"seed_played":"-1174426652672298190","potions_obtained":[{"floor":1,"key":"Poison Potion"},{"floor":14,"key":"Weak Potion"}],"is_trial":false,"path_per_floor":["M","?","$","?","M","R","E","M","T","?","?","R","?","M","R","B"],"character_chosen":"IRONCLAD","items_purchased":[],"campfire_rested":1,"item_purchase_floors":[],"current_hp_per_floor":[60,60,60,65,63,63,16,12,12,12,12,37,58,56,56,0],"gold":111,"neow_bonus":"TRANSFORM_CARD","is_prod":false,"is_daily":false,"chose_seed":false,"campfire_upgraded":2,"win_rate":0,"timestamp":1550026750,"path_taken":["M","?","$","?","M","R","E","M","T","?","?","R","?","M","R","BOSS"],"build_version":"2019-01-23","purchased_purges":1,"victory":false,"max_hp_per_floor":[80,80,80,85,85,85,85,85,85,85,85,85,85,85,85,85],"card_choices":[{"not_picked":["Sever Soul","Sword Boomerang"],"picked":"Feel No Pain","floor":1},{"not_picked":["Cleave","Twin Strike"],"picked":"Flame Barrier","floor":5},{"not_picked":["Intimidate","Iron Wave"],"picked":"Searing Blow","floor":7},{"not_picked":["Rupture","Anger","Second Wind"],"picked":"SKIP","floor":8},{"not_picked":["Feel No Pain","Second Wind"],"picked":"Spot Weakness","floor":14}],"player_experience":1183607,"relics_obtained":[{"floor":7,"key":"Art of War"},{"floor":9,"key":"Anchor"}],"event_choices":[{"cards_removed":["Strike_R"],"damage_healed":0,"gold_gain":0,"player_choice":"Forget","damage_taken":0,"max_hp_gain":0,"max_hp_loss":0,"event_name":"Living Wall","floor":2,"gold_loss":0},{"damage_healed":0,"gold_gain":0,"player_choice":"Donut","damage_taken":0,"max_hp_gain":5,"max_hp_loss":0,"event_name":"Big Fish","floor":4,"gold_loss":0},{"damage_healed":0,"gold_gain":0,"player_choice":"Searched \u00270\u0027 times","damage_taken":0,"max_hp_gain":0,"max_hp_loss":0,"event_name":"Dead Adventurer","floor":10,"gold_loss":0},{"damage_healed":0,"gold_gain":0,"player_choice":"Ignored","damage_taken":0,"max_hp_gain":0,"max_hp_loss":0,"event_name":"Shining Light","floor":11,"gold_loss":0},{"damage_healed":21,"gold_gain":0,"player_choice":"Healed","damage_taken":0,"max_hp_gain":0,"max_hp_loss":0,"event_name":"The Cleric","floor":13,"gold_loss":35}],"is_beta":false,"boss_relics":[],"items_purged_floors":[3],"is_endless":false,"potions_floor_spawned":[1,14],"killed_by":"Hexaghost","ascension_level":12}