{"gold_per_floor":[111,111,36,63,74,100,100,132,156,190,190,203,219,229,229,306,306,319,419,419,419,436,464,476,520,532,544,40,40,75,90,90,168,168,184,1183,483,502,518,518,553,28,52,68,100,80,114,133,133,133,133,133,133,50,79,79],"floor_reached":57,"playtime":4181,"items_purged":["Strike_R","Normality","Normality"],"score":3442,"play_id":"bbccde02-bdfb-4335-a0db-1289b3a2a1f8","local_time":"20181228125013","is_ascension_mode":true,"campfire_choices":[{"data":"Hemokinesis","floor":7,"key":"SMITH"},{"data":"Bash","floor":15,"key":"SMITH"},{"floor":24,"key":"REST"},{"floor":32,"key":"REST"},{"floor":40,"key":"RECALL"},{"floor":49,"key":"REST"},{"floor":53,"key":"REST"}],"neow_cost":"NONE","seed_source_timestamp":578933110867590,"circlet_count":0,"master_deck":["AscendersBane","Strike_R+1","Strike_R+1","Defend_R","Defend_R","Defend_R","Defend_R+1","Bash+1","Hemokinesis+1","Twin Strike","Iron Wave","Offering","Impervious","Thunderclap","Brutality","Juggernaut","Shrug It Off","Feel No Pain+1","Offering+1","Feel No Pain+1","Demon Form+1","Warcry+1","Feel No Pain+1","Master of Strategy","Shrug It Off","Corruption+1","Evolve+1","Limit Break","Offering","Impervious","Intimidate+1","Battle Trance","Spot Weakness","Corruption+1","Armaments+1"],"relics":["Burning Blood","NeowsBlessing","Strawberry","Regal Pillow","Mango","Bag of Preparation","Pen Nib","Fusion Hammer","Bird Faced Urn","Self Forming Clay","Whetstone","MawBank","Lantern","Frozen Egg 2","Nilry\u0027s Codex","Tiny Chest","Boot","Empty Cage","Vajra","Bag of Marbles","Potion Belt","War Paint","Mercury Hourglass","Dodecahedron","Oddly Smooth Stone"],"potions_floor_usage":[8,16,18,23,33,47,56],"damage_taken":[{"damage":0,"enemies":"Small Slimes","floor":1,"turns":1},{"damage":0,"enemies":"2 Louse","floor":5,"turns":1},{"damage":0,"enemies":"3 Sentries","floor":6,"turns":1},{"damage":34,"enemies":"Gremlin Nob","floor":8,"turns":4},{"damage":35,"enemies":"3 Sentries","floor":10,"turns":9},{"damage":8,"enemies":"Jaw Worm","floor":12,"turns":2},{"damage":2,"enemies":"2 Fungi Beasts","floor":13,"turns":2},{"damage":3,"enemies":"Looter","floor":14,"turns":2},{"damage":30,"enemies":"The Guardian","floor":16,"turns":10},{"damage":15,"enemies":"2 Thieves","floor":18,"turns":4},{"damage":23,"enemies":"Colosseum Slavers","floor":19,"turns":4},{"damage":12,"enemies":"Colosseum Nobs","floor":19,"turns":4},{"damage":9,"enemies":"Spheric Guardian","floor":22,"turns":3},{"damage":46,"enemies":"Slavers","floor":23,"turns":5},{"damage":15,"enemies":"Gremlin Leader","floor":25,"turns":7},{"damage":21,"enemies":"Slavers","floor":30,"turns":6},{"damage":12,"enemies":"Centurion and Healer","floor":31,"turns":6},{"damage":35,"enemies":"Collector","floor":33,"turns":14},{"damage":28,"enemies":"3 Darklings","floor":35,"turns":6},{"damage":4,"enemies":"3 Shapes","floor":38,"turns":5},{"damage":20,"enemies":"Transient","floor":39,"turns":6},{"damage":51,"enemies":"Reptomancer","floor":41,"turns":5},{"damage":15,"enemies":"Maw","floor":44,"turns":7},{"damage":17,"enemies":"Giant Head","floor":45,"turns":4},{"damage":26,"enemies":"Reptomancer","floor":47,"turns":5},{"damage":15,"enemies":"Jaw Worm Horde","floor":48,"turns":4},{"damage":23,"enemies":"Donu and Deca","floor":50,"turns":6},{"damage":16,"enemies":"Time Eater","floor":51,"turns":7},{"damage":10,"enemies":"Shield and Spear","floor":55,"turns":5},{"damage":19,"enemies":"The Heart","floor":56,"turns":8}],"seed_played":"6695177441821563904","potions_obtained":[{"floor":1,"key":"Block Potion"},{"floor":5,"key":"Energy Potion"},{"floor":10,"key":"Fire Potion"},{"floor":22,"key":"PowerPotion"},{"floor":23,"key":"Weak Potion"},{"floor":33,"key":"SteroidPotion"},{"floor":39,"key":"EssenceOfSteel"},{"floor":41,"key":"Regen Potion"},{"floor":46,"key":"Fire Potion"},{"floor":48,"key":"Swift Potion"}],"is_trial":false,"path_per_floor":["M","?","?","T","M","E","R","E","T","E","?","M","M","M","R","B",null,"M","?","?","T","M","E","R","E","T","?","$","?","E","M","R","B",null,"M","?","$","M","M","R","E","$","T","M","E","?","E","M","R","B","B",null,"R","$","E","B",null],"character_chosen":"IRONCLAD","items_purchased":["Feel No Pain+1","Offering","EssenceOfSteel","Tiny Chest","Feel No Pain+1","Master of Strategy","Vajra","Bag of Marbles","Shrug It Off","Offering","Impervious","War Paint","Corruption+1"],"campfire_rested":4,"item_purchase_floors":[28,28,28,28,37,37,37,37,37,42,42,42,54],"current_hp_per_floor":[74,74,74,81,82,82,82,68,68,39,44,42,46,49,49,25,82,73,50,50,50,51,17,62,57,57,36,36,36,27,33,78,67,93,81,81,81,99,101,101,70,70,70,77,82,82,80,85,101,98,101,101,101,101,101,98],"gold":79,"neow_bonus":"THREE_ENEMY_KILL","is_prod":false,"is_daily":false,"chose_seed":false,"campfire_upgraded":2,"win_rate":0,"timestamp":1546030213,"path_taken":["M","?","?","?","M","E","R","E","T","E","?","M","M","M","R","BOSS","M","?","?","?","M","E","R","E","T","?","$","?","E","?","R","BOSS","M","?","$","M","M","R","E","$","T","M","E","?","E","?","R","BOSS","BOSS","R","$","E","BOSS"],"build_version":"2018-12-25","purchased_purges":3,"victory":true,"max_hp_per_floor":[75,75,75,82,82,82,82,96,96,96,101,101,101,101,101,101,101,101,101,101,101,101,101,101,101,101,101,101,101,101,101,101,101,101,101,101,101,101,101,101,101,101,101,101,101,101,101,101,101,101,101,101,101,101,101,101],"card_choices":[{"not_picked":["Corruption","Second Wind"],"picked":"Hemokinesis","floor":1},{"not_picked":["Power Through","Intimidate"],"picked":"Twin Strike","floor":5},{"not_picked":["Heavy Blade","Perfected Strike"],"picked":"Iron Wave","floor":6},{"not_picked":["Inflame","Dropkick"],"picked":"Offering","floor":8},{"not_picked":["Heavy Blade","Sword Boomerang","Twin Strike"],"picked":"SKIP","floor":10},{"not_picked":["Sword Boomerang","Clash"],"picked":"Impervious","floor":12},{"not_picked":["Heavy Blade","Flex"],"picked":"Thunderclap","floor":13},{"not_picked":["Sword Boomerang","Wild Strike"],"picked":"Brutality","floor":14},{"not_picked":["Bludgeon","Double Tap"],"picked":"Juggernaut","floor":16},{"not_picked":["Flex+1","Perfected Strike","Headbutt"],"picked":"SKIP","floor":18},{"not_picked":["Seeing Red","Evolve","Perfected Strike"],"picked":"SKIP","floor":22},{"not_picked":["Iron Wave","Flex","Evolve"],"picked":"SKIP","floor":23},{"not_picked":["Perfected Strike","Armaments"],"picked":"Shrug It Off","floor":25},{"not_picked":["Combust+1","Cleave"],"picked":"Feel No Pain+1","floor":30},{"not_picked":["Sword Boomerang+1","Anger","Carnage+1"],"picked":"SKIP","floor":31},{"not_picked":["Reaper","Berserk+1"],"picked":"Demon Form+1","floor":33},{"not_picked":["Reckless Charge","Cleave"],"picked":"Warcry+1","floor":35},{"not_picked":["Seeing Red","Wild Strike"],"picked":"Corruption+1","floor":38},{"not_picked":["Heavy Blade","Second Wind"],"picked":"Evolve+1","floor":39},{"not_picked":["Twin Strike","Havoc"],"picked":"Limit Break","floor":41},{"not_picked":["Blood for Blood","Sword Boomerang"],"picked":"Intimidate+1","floor":44},{"not_picked":["Anger+1","Carnage","Ghostly Armor"],"picked":"SKIP","floor":45},{"not_picked":["Reckless Charge+1","Searing Blow"],"picked":"Battle Trance","floor":47},{"not_picked":["Reckless Charge","Dual Wield"],"picked":"Spot Weakness","floor":48},{"not_picked":["Twin Strike","Dropkick+1"],"picked":"Armaments+1","floor":55}],"player_experience":4093600,"relics_obtained":[{"floor":4,"key":"Strawberry"},{"floor":6,"key":"Regal Pillow"},{"floor":8,"key":"Mango"},{"floor":9,"key":"Bag of Preparation"},{"floor":10,"key":"Pen Nib"},{"floor":19,"key":"Bird Faced Urn"},{"floor":19,"key":"Self Forming Clay"},{"floor":21,"key":"Whetstone"},{"floor":23,"key":"MawBank"},{"floor":25,"key":"Lantern"},{"floor":26,"key":"Frozen Egg 2"},{"floor":27,"key":"Nilry\u0027s Codex"},{"floor":30,"key":"Boot"},{"floor":41,"key":"Potion Belt"},{"floor":45,"key":"Mercury Hourglass"},{"floor":47,"key":"Dodecahedron"},{"floor":55,"key":"Oddly Smooth Stone"}],"event_choices":[{"damage_healed":0,"gold_gain":0,"player_choice":"Ignored","damage_taken":0,"max_hp_gain":0,"max_hp_loss":0,"event_name":"Liars Game","floor":2,"gold_loss":0},{"cards_removed":["Strike_R"],"damage_healed":0,"gold_gain":0,"player_choice":"Card Removal","damage_taken":0,"max_hp_gain":0,"max_hp_loss":0,"event_name":"The Cleric","floor":3,"gold_loss":75},{"damage_healed":0,"gold_gain":0,"player_choice":"Donut","damage_taken":0,"max_hp_gain":5,"max_hp_loss":0,"event_name":"Big Fish","floor":11,"gold_loss":0},{"damage_healed":0,"gold_gain":0,"player_choice":"Fight","damage_taken":0,"max_hp_gain":0,"max_hp_loss":0,"event_name":"Colosseum","floor":19,"gold_loss":0},{"damage_healed":0,"gold_gain":0,"player_choice":"Fought Nobs","damage_taken":0,"max_hp_gain":0,"max_hp_loss":0,"event_name":"Colosseum","floor":19,"gold_loss":0},{"damage_healed":0,"gold_gain":0,"player_choice":"Ignored","damage_taken":0,"max_hp_gain":0,"max_hp_loss":0,"event_name":"The Mausoleum","floor":20,"gold_loss":0},{"damage_healed":0,"gold_gain":0,"player_choice":"Obtained Book","damage_taken":21,"max_hp_gain":0,"max_hp_loss":0,"event_name":"Cursed Tome","floor":27,"gold_loss":0},{"damage_healed":0,"gold_gain":0,"player_choice":"Cursed","damage_taken":0,"max_hp_gain":0,"max_hp_loss":0,"event_name":"Wheel of Change","floor":29,"gold_loss":0,"cards_obtained":["Decay"]},{"damage_healed":0,"gold_gain":999,"player_choice":"Gold","damage_taken":0,"max_hp_gain":0,"max_hp_loss":0,"event_name":"MindBloom","floor":36,"gold_loss":0,"cards_obtained":["Normality","Normality"]},{"damage_healed":0,"gold_gain":0,"player_choice":"Bought 1 Potion","damage_taken":0,"max_hp_gain":0,"max_hp_loss":0,"event_name":"The Woman in Blue","floor":46,"gold_loss":0}],"is_beta":true,"boss_relics":[{"not_picked":["Sozu","Philosopher\u0027s Stone"],"picked":"Fusion Hammer"},{"not_picked":["White Beast Statue","Tiny House"],"picked":"Empty Cage"}],"items_purged_floors":[28,37,42],"is_endless":false,"potions_floor_spawned":[1,5,10,22,23,31,33,35,39,41,48],"ascension_level":20}