{"gold_per_floor":[109,124,124,138,157,157,48,68,68,68,68,68,78,91,91,91],"floor_reached":16,"playtime":1574,"items_purged":["Strike_G"],"score":175,"play_id":"b6c1a897-a990-4550-9dd1-cd79d7cd6774","local_time":"20190213223803","is_ascension_mode":true,"campfire_choices":[{"floor":6,"key":"REST"},{"floor":10,"key":"REST"},{"data":"Footwork","floor":12,"key":"SMITH"},{"data":"Dash","floor":15,"key":"SMITH"}],"neow_cost":"NONE","seed_source_timestamp":68422116527000,"circlet_count":0,"master_deck":["AscendersBane","Defend_G","Defend_G","Defend_G","Defend_G","Defend_G","Strike_G","Strike_G","Strike_G+1","Strike_G","Survivor","Neutralize","Acrobatics+1","Deflect","PiercingWail","Dash+1","Footwork+1","PiercingWail","Slice","Blade Dance"],"relics":["Black Star","Pear"],"potions_floor_usage":[5,14,16],"damage_taken":[{"damage":2,"enemies":"Small Slimes","floor":1,"turns":5},{"damage":3,"enemies":"2 Louse","floor":2,"turns":3},{"damage":0,"enemies":"Cultist","floor":4,"turns":4},{"damage":15,"enemies":"Large Slime","floor":5,"turns":9},{"damage":18,"enemies":"Gremlin Gang","floor":8,"turns":11},{"damage":5,"enemies":"Blue Slaver","floor":13,"turns":8},{"damage":14,"enemies":"3 Louse","floor":14,"turns":3},{"damage":58,"enemies":"Slime Boss","floor":16,"turns":12}],"seed_played":"-4681988824158081196","potions_obtained":[{"floor":1,"key":"AttackPotion"},{"floor":8,"key":"Explosive Potion"},{"floor":13,"key":"Swift Potion"}],"is_trial":false,"path_per_floor":["M","M","?","M","M","R","$","M","T","R","?","R","M","M","R","B"],"character_chosen":"THE_SILENT","items_purchased":["Footwork"],"campfire_rested":2,"item_purchase_floors":[7],"current_hp_per_floor":[61,58,44,44,29,50,50,32,42,66,71,71,66,52,52,0],"gold":91,"neow_bonus":"BOSS_RELIC","is_prod":false,"is_daily":false,"chose_seed":false,"campfire_upgraded":2,"win_rate":0,"timestamp":1550115483,"path_taken":["M","M","?","M","M","R","$","M","T","R","?","R","M","M","R","BOSS"],"build_version":"2019-01-23","purchased_purges":1,"victory":false,"max_hp_per_floor":[70,70,70,70,70,70,70,70,80,80,85,85,85,85,85,85],"card_choices":[{"not_picked":["Masterful Stab","Flying Knee"],"picked":"Acrobatics","floor":1},{"not_picked":["Acrobatics","Bane"],"picked":"Deflect","floor":2},{"not_picked":["Heel Hook","Outmaneuver"],"picked":"PiercingWail","floor":4},{"not_picked":["Flying Knee","Poisoned Stab"],"picked":"Dash","floor":5},{"not_picked":["Prepared","Phantasmal Killer"],"picked":"PiercingWail","floor":8},{"not_picked":["Flying Knee","Concentrate"],"picked":"Slice","floor":13},{"not_picked":["Bane","Prepared"],"picked":"Blade Dance","floor":14}],"player_experience":1193451,"relics_obtained":[{"floor":9,"key":"Pear"}],"event_choices":[{"damage_healed":0,"gold_gain":0,"player_choice":"Entered Light","damage_taken":14,"max_hp_gain":0,"max_hp_loss":0,"event_name":"Shining Light","floor":3,"gold_loss":0,"cards_upgraded":["Strike_G","Acrobatics"]},{"damage_healed":0,"gold_gain":0,"player_choice":"Donut","damage_taken":0,"max_hp_gain":5,"max_hp_loss":0,"event_name":"Big Fish","floor":11,"gold_loss":0}],"is_beta":false,"boss_relics":[],"items_purged_floors":[7],"is_endless":false,"potions_floor_spawned":[1,8,13],"killed_by":"Slime Boss","ascension_level":12}