{"gold_per_floor":[116,116,135,135,152,187,187,221,221,232,28,28],"floor_reached":12,"playtime":662,"items_purged":[],"score":97,"play_id":"9bf09427-b002-4dd8-a227-c40768427575","local_time":"20181201171605","is_ascension_mode":true,"campfire_choices":[{"data":"Neutralize","floor":7,"key":"SMITH"}],"neow_cost":"NONE","seed_source_timestamp":673781602216637,"circlet_count":0,"master_deck":["Defend_G","Defend_G","Defend_G","Defend_G","Defend_G","Strike_G","Strike_G","Strike_G","Strike_G","Survivor","Neutralize+1","Blade Dance","Well Laid Plans","Expertise","Accuracy","Backflip","Quick Slash"],"relics":["Coffee Dripper","The Specimen","Turnip","Boot","Tingsha","Toolbox"],"potions_floor_usage":[8],"damage_taken":[{"damage":3,"enemies":"2 Louse","floor":1,"turns":3},{"damage":0,"enemies":"Cultist","floor":3,"turns":5},{"damage":0,"enemies":"Small Slimes","floor":5,"turns":3},{"damage":31,"enemies":"3 Sentries","floor":6,"turns":12},{"damage":29,"enemies":"Gremlin Nob","floor":8,"turns":5},{"damage":0,"enemies":"Exordium Wildlife","floor":10,"turns":4},{"damage":8,"enemies":"3 Louse","floor":12,"turns":1}],"seed_played":"1822287518533868976","potions_obtained":[{"floor":3,"key":"GhostInAJar"},{"floor":6,"key":"EssenceOfSteel"},{"floor":8,"key":"FearPotion"},{"floor":10,"key":"Poison Potion"}],"is_trial":false,"path_per_floor":["M","?","M","?","M","E","R","E","T","M","$","M"],"character_chosen":"THE_SILENT","items_purchased":["Toolbox"],"campfire_rested":0,"item_purchase_floors":[11],"current_hp_per_floor":[67,67,67,67,67,36,36,7,7,7,7,0],"gold":28,"neow_bonus":"BOSS_RELIC","is_prod":false,"is_daily":false,"chose_seed":false,"campfire_upgraded":1,"win_rate":0,"timestamp":1543702565,"path_taken":["M","?","?","?","M","E","R","E","T","M","$","M"],"build_version":"2018-11-15","purchased_purges":0,"victory":false,"max_hp_per_floor":[70,70,70,70,70,70,70,70,70,70,70,70],"card_choices":[{"not_picked":["Underhanded Strike","Sucker Punch"],"picked":"Blade Dance","floor":1},{"not_picked":["PiercingWail","Prepared"],"picked":"Blade Dance","floor":3},{"not_picked":["Terror","Heel Hook"],"picked":"Expertise","floor":5},{"not_picked":["Reflex","Predator"],"picked":"Accuracy","floor":6},{"not_picked":["Flechettes","Flying Knee"],"picked":"Backflip","floor":8},{"not_picked":["Masterful Stab","Riddle With Holes"],"picked":"Quick Slash","floor":10}],"player_experience":213617,"relics_obtained":[{"floor":6,"key":"Turnip"},{"floor":8,"key":"Boot"},{"floor":9,"key":"Tingsha"}],"event_choices":[{"damage_healed":0,"gold_gain":0,"cards_transformed":["Strike_G"],"player_choice":"Transformed","damage_taken":0,"max_hp_gain":0,"max_hp_loss":0,"event_name":"Transmorgrifier","floor":2,"gold_loss":0,"cards_obtained":["Well Laid Plans"]},{"cards_removed":["Blade Dance"],"damage_healed":0,"gold_gain":0,"player_choice":"Gave Card","damage_taken":0,"relics_obtained":["The Specimen"],"max_hp_gain":0,"max_hp_loss":0,"event_name":"WeMeetAgain","floor":4,"gold_loss":0}],"is_beta":false,"boss_relics":[],"items_purged_floors":[],"is_endless":false,"potions_floor_spawned":[3,6,8,10],"killed_by":"3 Louse","ascension_level":2}