{"gold_per_floor":[119,66,82,102,115,115,115,150,150,184,198,215,215,234,234,333,333,344,361,143,155,173,173,237,249,274,304,316,0,0],"floor_reached":30,"playtime":2847,"items_purged":["Strike_G","Strike_G"],"score":293,"play_id":"d954f4db-fd54-4c7d-b7ca-500cd1dce6fc","local_time":"20190202100438","is_ascension_mode":true,"campfire_choices":[{"data":"Neutralize","floor":6,"key":"SMITH"},{"data":"Footwork","floor":13,"key":"SMITH"},{"floor":15,"key":"REST"},{"floor":23,"key":"REST"}],"neow_cost":"NONE","seed_source_timestamp":1116547301975070,"circlet_count":0,"master_deck":["Defend_G","Defend_G","Defend_G","Defend_G","Defend_G","Strike_G","Strike_G","Strike_G","Survivor","Neutralize+1","Dagger Throw","Sucker Punch","Dodge and Roll","Footwork+1","Flying Knee","Die Die Die","Deadly Poison","Glass Knife","Heel Hook","All Out Attack","Corpse Explosion","Cloak And Dagger","Bouncing Flask+1","Malaise","Catalyst+1","Dash+1","Acrobatics+1","Neutralize","Footwork"],"relics":["Ring of the Snake","Centennial Puzzle","Bag of Preparation","Letter Opener","Black Star","Dream Catcher","Tiny Chest","MawBank","Blood Vial"],"potions_floor_usage":[8,14,14,22,24,24,25,30],"damage_taken":[{"damage":0,"enemies":"Small Slimes","floor":1,"turns":4},{"damage":0,"enemies":"Cultist","floor":3,"turns":3},{"damage":0,"enemies":"2 Louse","floor":4,"turns":2},{"damage":18,"enemies":"Lots of Slimes","floor":5,"turns":7},{"damage":4,"enemies":"Lagavulin","floor":8,"turns":7},{"damage":10,"enemies":"Gremlin Nob","floor":10,"turns":5},{"damage":4,"enemies":"Looter","floor":11,"turns":4},{"damage":0,"enemies":"3 Louse","floor":12,"turns":3},{"damage":6,"enemies":"Exordium Wildlife","floor":14,"turns":5},{"damage":36,"enemies":"The Guardian","floor":16,"turns":15},{"damage":11,"enemies":"Shell Parasite","floor":18,"turns":8},{"damage":13,"enemies":"Chosen","floor":19,"turns":5},{"damage":22,"enemies":"Shelled Parasite and Fungi","floor":21,"turns":8},{"damage":13,"enemies":"Cultist and Chosen","floor":22,"turns":7},{"damage":28,"enemies":"Gremlin Leader","floor":24,"turns":11},{"damage":5,"enemies":"Sentry and Sphere","floor":25,"turns":4},{"damage":0,"enemies":"3 Cultists","floor":27,"turns":2},{"damage":17,"enemies":"Centurion and Healer","floor":30,"turns":5}],"seed_played":"-4895659402107681470","potions_obtained":[{"floor":1,"key":"SteroidPotion"},{"floor":4,"key":"Dexterity Potion"},{"floor":5,"key":"Swift Potion"},{"floor":8,"key":"Weak Potion"},{"floor":14,"key":"GhostInAJar"},{"floor":19,"key":"SpeedPotion"},{"floor":24,"key":"Block Potion"},{"floor":25,"key":"Dexterity Potion"},{"floor":27,"key":"Block Potion"}],"is_trial":false,"path_per_floor":["M","$","M","M","M","R","?","E","T","E","M","M","R","M","R","B",null,"M","M","$","M","M","R","E","M","T","M","?","$","M"],"character_chosen":"THE_SILENT","items_purchased":["Sucker Punch","Malaise","Blood Vial","Footwork"],"campfire_rested":2,"item_purchase_floors":[2,20,29,29],"current_hp_per_floor":[77,77,77,77,59,59,59,55,55,45,41,41,41,35,58,22,77,66,53,53,31,18,41,13,8,8,8,8,8,0],"gold":0,"neow_bonus":"TEN_PERCENT_HP_BONUS","is_prod":false,"is_daily":false,"chose_seed":false,"campfire_upgraded":2,"win_rate":0,"timestamp":1549101878,"path_taken":["M","$","M","M","M","R","?","E","T","E","M","M","R","M","R","BOSS","M","M","$","M","M","R","E","M","T","M","?","$","M"],"build_version":"2019-01-23","purchased_purges":2,"victory":false,"max_hp_per_floor":[77,77,77,77,77,77,77,77,77,77,77,77,77,77,77,77,77,77,77,77,77,77,77,77,77,77,77,77,77,77],"card_choices":[{"not_picked":["Accuracy","Crippling Poison"],"picked":"Dagger Throw","floor":1},{"not_picked":["Prepared","PiercingWail"],"picked":"Dodge and Roll","floor":3},{"not_picked":["Backflip","Dagger Throw"],"picked":"Footwork","floor":4},{"not_picked":["Tactician","Heel Hook"],"picked":"Flying Knee","floor":5},{"not_picked":["Bane","Prepared"],"picked":"Die Die Die","floor":8},{"not_picked":["Endless Agony","Quick Slash"],"picked":"Deadly Poison","floor":10},{"not_picked":["Slice","Outmaneuver"],"picked":"Glass Knife","floor":11},{"not_picked":["Blade Dance","Choke"],"picked":"Heel Hook","floor":12},{"not_picked":["Calculated Gamble","Endless Agony"],"picked":"All Out Attack","floor":14},{"not_picked":["Glass Knife","Unload"],"picked":"Corpse Explosion","floor":16},{"not_picked":["Concentrate","Deflect"],"picked":"Cloak And Dagger","floor":18},{"not_picked":["Underhanded Strike+1","Choke"],"picked":"Bouncing Flask+1","floor":19},{"not_picked":["Backflip","Flying Knee+1"],"picked":"Catalyst+1","floor":21},{"not_picked":["Skewer+1","Sucker Punch","Catalyst"],"picked":"SKIP","floor":22},{"not_picked":["Unload","Cloak And Dagger"],"picked":"Dash+1","floor":24},{"not_picked":["Deadly Poison+1","PiercingWail+1"],"picked":"Acrobatics+1","floor":25},{"not_picked":["Acrobatics","Dagger Throw+1","Riddle With Holes"],"picked":"SKIP","floor":27}],"player_experience":418099,"relics_obtained":[{"floor":8,"key":"Centennial Puzzle"},{"floor":9,"key":"Bag of Preparation"},{"floor":10,"key":"Letter Opener"},{"floor":24,"key":"Dream Catcher"},{"floor":24,"key":"Tiny Chest"},{"floor":26,"key":"MawBank"}],"event_choices":[{"damage_healed":0,"gold_gain":0,"player_choice":"Ignored","damage_taken":0,"max_hp_gain":0,"max_hp_loss":0,"event_name":"Shining Light","floor":7,"gold_loss":0},{"damage_healed":0,"gold_gain":0,"player_choice":"1 cards matched","damage_taken":0,"max_hp_gain":0,"max_hp_loss":0,"event_name":"Match and Keep!","floor":28,"gold_loss":0,"cards_obtained":["Neutralize"]}],"is_beta":false,"boss_relics":[{"not_picked":["Sozu","WristBlade"],"picked":"Black Star"}],"items_purged_floors":[20,29],"is_endless":false,"potions_floor_spawned":[1,4,5,8,11,14,19,24,25,27],"killed_by":"Centurion and Healer","ascension_level":2}