{"gold_per_floor":[118,118,136,147,162,180,180,190,190,190,215,215,269,279,279,376,376,386,397,425,425],"floor_reached":21,"playtime":946,"items_purged":[],"score":173,"play_id":"c22cba4a-32b4-4524-bc2a-c187ec1e7562","local_time":"20190210012602","is_ascension_mode":false,"campfire_choices":[{"data":"Defragment","floor":7,"key":"SMITH"},{"data":"Capacitor","floor":10,"key":"SMITH"},{"data":"Sunder","floor":12,"key":"SMITH"},{"data":"Conserve Battery","floor":15,"key":"SMITH"}],"neow_cost":"NONE","seed_source_timestamp":786247430178705,"circlet_count":0,"master_deck":["Zap","Dualcast","Conserve Battery+1","Cold Snap","Defragment+1","Cold Snap","Capacitor+1","Sunder+1","Machine Learning","Doom and Gloom","White Noise","Hyperbeam","FTL","Reinforced Body","Barrage","Reprogram","Reboot","Conserve Battery","Defragment"],"relics":["Cracked Core","NeowsBlessing","Bottled Lightning","Odd Mushroom","Dream Catcher","Pandora\u0027s Box","Red Mask"],"potions_floor_usage":[20],"damage_taken":[{"damage":0,"enemies":"2 Louse","floor":1,"turns":1},{"damage":0,"enemies":"Cultist","floor":3,"turns":1},{"damage":0,"enemies":"Jaw Worm","floor":4,"turns":1},{"damage":6,"enemies":"Exordium Wildlife","floor":5,"turns":4},{"damage":12,"enemies":"Gremlin Gang","floor":6,"turns":5},{"damage":8,"enemies":"Blue Slaver","floor":8,"turns":3},{"damage":0,"enemies":"The Mushroom Lair","floor":11,"turns":3},{"damage":8,"enemies":"Looter","floor":14,"turns":2},{"damage":11,"enemies":"Hexaghost","floor":16,"turns":11},{"damage":20,"enemies":"2 Thieves","floor":18,"turns":2},{"damage":17,"enemies":"3 Byrds","floor":19,"turns":4},{"damage":34,"enemies":"Masked Bandits","floor":20,"turns":5},{"damage":11,"enemies":"Colosseum Slavers","floor":21,"turns":2}],"seed_played":"-1976123747399676988","potions_obtained":[{"floor":2,"key":"GamblersBrew"},{"floor":2,"key":"SneckoOil"},{"floor":2,"key":"SpeedPotion"},{"floor":3,"key":"Dexterity Potion"},{"floor":8,"key":"EssenceOfSteel"},{"floor":11,"key":"SkillPotion"}],"is_trial":false,"path_per_floor":["M","?","M","M","M","M","R","M","T","R","?","R","T","M","R","B",null,"M","M","?","?"],"character_chosen":"DEFECT","items_purchased":[],"campfire_rested":0,"item_purchase_floors":[],"current_hp_per_floor":[75,75,75,75,69,57,57,49,49,49,49,49,49,41,41,30,75,55,38,4,0],"gold":425,"neow_bonus":"THREE_ENEMY_KILL","is_prod":false,"is_daily":false,"chose_seed":false,"campfire_upgraded":4,"win_rate":0,"timestamp":1549779962,"path_taken":["M","?","M","?","M","M","R","M","T","R","?","R","?","?","R","BOSS","M","M","?","?"],"build_version":"2019-01-23","purchased_purges":0,"victory":false,"max_hp_per_floor":[75,75,75,75,75,75,75,75,75,75,75,75,75,75,75,75,75,75,75,75,75],"card_choices":[{"not_picked":["Redo","Leap"],"picked":"Conserve Battery","floor":1},{"not_picked":["Steam Power","Hologram"],"picked":"Cold Snap","floor":3},{"not_picked":["Loop","Redo"],"picked":"Defragment","floor":4},{"not_picked":["Turbo","Go for the Eyes"],"picked":"Cold Snap","floor":5},{"not_picked":["Go for the Eyes","Turbo"],"picked":"Capacitor","floor":6},{"not_picked":["Hologram","BootSequence"],"picked":"Sunder","floor":8},{"not_picked":["Leap","Streamline","Fusion"],"picked":"SKIP","floor":14},{"not_picked":["Multi-Cast","Amplify"],"picked":"Machine Learning","floor":16},{"not_picked":["Turbo","Compile Driver"],"picked":"Conserve Battery","floor":18},{"not_picked":["Self Repair","Beam Cell+1"],"picked":"Defragment","floor":19}],"player_experience":1020883,"relics_obtained":[{"floor":9,"key":"Bottled Lightning"},{"floor":11,"key":"Odd Mushroom"},{"floor":13,"key":"Dream Catcher"},{"floor":20,"key":"Red Mask"}],"event_choices":[{"damage_healed":0,"gold_gain":0,"player_choice":"Got Potions","damage_taken":0,"max_hp_gain":0,"max_hp_loss":0,"event_name":"Lab","floor":2,"gold_loss":0},{"damage_healed":0,"gold_gain":0,"player_choice":"Fought Mushrooms","damage_taken":0,"max_hp_gain":0,"max_hp_loss":0,"event_name":"Mushrooms","floor":11,"gold_loss":0},{"damage_healed":0,"gold_gain":0,"player_choice":"Fought Bandits","damage_taken":0,"max_hp_gain":0,"max_hp_loss":0,"event_name":"Masked Bandits","floor":20,"gold_loss":0},{"damage_healed":0,"gold_gain":0,"player_choice":"Fight","damage_taken":0,"max_hp_gain":0,"max_hp_loss":0,"event_name":"Colosseum","floor":21,"gold_loss":0}],"is_beta":false,"boss_relics":[{"not_picked":["Runic Dome","Busted Crown"],"picked":"Pandora\u0027s Box"}],"items_purged_floors":[],"is_endless":false,"potions_floor_spawned":[3,6,8,11,14,18],"killed_by":"Colosseum Slavers","ascension_level":0}