{"path_per_floor":["M","M","?","M","M","R","E","R","T","R","M","E"],"character_chosen":"THE_SILENT","items_purchased":[],"gold_per_floor":[115,131,131,141,161,161,191,191,215,215,232,258,258],"floor_reached":13,"campfire_rested":0,"playtime":714,"item_purchase_floors":[],"current_hp_per_floor":[59,59,53,53,50,50,19,19,19,19,12,9,0],"items_purged":[],"gold":258,"score":162,"play_id":"b5e0a004-ce75-4526-9a69-c99f842ddc55","local_time":"20180620211654","is_prod":false,"is_daily":false,"chose_seed":false,"is_ascension_mode":true,"campfire_upgraded":3,"win_rate":0,"timestamp":1529497014,"campfire_choices":[{"data":"Neutralize","floor":6,"key":"SMITH"},{"data":"Backflip","floor":8,"key":"SMITH"},{"data":"Backflip","floor":10,"key":"SMITH"}],"path_taken":["M","M","?","M","M","R","E","R","T","R","?","E","?"],"build_version":"2018-06-14v2","seed_source_timestamp":444911725204313,"purchased_purges":0,"victory":false,"master_deck":["Defend_G","Defend_G","Defend_G","Defend_G","Strike_G","Strike_G","Strike_G","Strike_G","Strike_G","Survivor","Neutralize+1","AscendersBane","Backflip+1","Backflip+1","Infinite Blades"],"max_hp_per_floor":[66,66,66,66,66,66,66,66,66,66,66,66,66],"relics":["Ring of the Snake","Bag of Marbles","Anchor","Ancient Tea Set"],"card_choices":[{"not_picked":["Choke","Dodge and Roll"],"picked":"Backflip","floor":1},{"not_picked":["Expertise","Distraction","Bane"],"picked":"SKIP","floor":2},{"not_picked":["Eviscerate","Choke"],"picked":"Backflip","floor":4},{"not_picked":["Slice","Dodge and Roll","Expertise"],"picked":"SKIP","floor":5},{"not_picked":["Flying Knee","Malaise","Endless Agony"],"picked":"SKIP","floor":7},{"not_picked":["Quick Slash","Acrobatics"],"picked":"Infinite Blades","floor":11},{"not_picked":["Prepared","Choke","Concentrate"],"picked":"SKIP","floor":12}],"player_experience":799591,"potions_floor_usage":[7,12],"damage_taken":[{"damage":0,"enemies":"Small Slimes","floor":1,"turns":4},{"damage":0,"enemies":"Cultist","floor":2,"turns":4},{"damage":0,"enemies":"Jaw Worm","floor":4,"turns":8},{"damage":3,"enemies":"2 Fungi Beasts","floor":5,"turns":5},{"damage":31,"enemies":"Lagavulin","floor":7,"turns":10},{"damage":7,"enemies":"Exordium Thugs","floor":11,"turns":6},{"damage":3,"enemies":"3 Sentries","floor":12,"turns":7}],"relics_obtained":[{"floor":7,"key":"Bag of Marbles"},{"floor":9,"key":"Anchor"},{"floor":12,"key":"Ancient Tea Set"}],"event_choices":[{"event_name":"Wheel of Change","player_choice":"Damage","floor":3,"damage_taken":0}],"boss_relics":[],"items_purged_floors":[],"is_endless":false,"potions_floor_spawned":[1,2,4,11],"seed_played":"-1621094564212012612","ascension_level":14,"potions_obtained":[{"floor":1,"key":"Explosive Potion"},{"floor":2,"key":"Swift Potion"},{"floor":4,"key":"Fire Potion"},{"floor":11,"key":"GamblersBrew"}],"is_trial":false}