{"gold_per_floor":[119,119,131,131,52,52,52,87,87,118,118,133,133,133,133,238,238,257,257,257,257,271,305,90,110,137,137],"floor_reached":27,"playtime":1377,"items_purged":[],"score":314,"play_id":"15480b6e-46fc-4283-a89e-ea8c09dc61ec","local_time":"20181105001942","is_ascension_mode":true,"campfire_choices":[{"data":"Heatsinks","floor":6,"key":"SMITH"},{"floor":11,"key":"REST"},{"data":"White Noise","floor":15,"key":"SMITH"}],"neow_cost":"NONE","seed_source_timestamp":102849703171567,"circlet_count":0,"master_deck":["Zap","Dualcast","Conserve Battery","Amplify+1","Heatsinks+1","Loop","White Noise+1","Biased Cognition","Static Discharge","Compile Driver","Static Discharge","Hologram","Steam Power","Sunder","Defragment","Force Field","Glacier","Static Discharge","FTL","Conserve Battery","Rebound"],"relics":["Cracked Core","NeowsBlessing","Pantograph","Shovel","Happy Flower","Ornamental Fan","Pandora\u0027s Box","Enchiridion","Pear","Smiling Mask"],"potions_floor_usage":[16],"damage_taken":[{"damage":0,"enemies":"Small Slimes","floor":1,"turns":1},{"damage":0,"enemies":"Cultist","floor":3,"turns":1},{"damage":0,"enemies":"Gremlin Nob","floor":8,"turns":1},{"damage":48,"enemies":"3 Sentries","floor":10,"turns":9},{"damage":0,"enemies":"2 Louse","floor":12,"turns":2},{"damage":45,"enemies":"The Guardian","floor":16,"turns":11},{"damage":10,"enemies":"Chosen","floor":18,"turns":4},{"damage":2,"enemies":"Shell Parasite","floor":22,"turns":4},{"damage":32,"enemies":"Gremlin Leader","floor":23,"turns":9},{"damage":16,"enemies":"Centurion and Healer","floor":25,"turns":5},{"damage":16,"enemies":"Cultist and Chosen","floor":27,"turns":4}],"seed_played":"-6438625722581076589","potions_obtained":[{"floor":12,"key":"SkillPotion"},{"floor":16,"key":"Swift Potion"},{"floor":23,"key":"Swift Potion"}],"is_trial":false,"path_per_floor":["M","?","M","?","$","R","$","E","T","E","R","M","?","?","R","B",null,"M","?","?","?","M","E","$","M","T","M"],"character_chosen":"DEFECT","items_purchased":["Heatsinks","Static Discharge","FTL","Conserve Battery","Rebound"],"campfire_rested":1,"item_purchase_floors":[5,24,24,24,24],"current_hp_per_floor":[75,75,75,68,68,68,68,68,68,20,42,42,39,39,39,19,75,65,49,49,49,47,25,25,9,9,0],"gold":137,"neow_bonus":"THREE_ENEMY_KILL","is_prod":false,"is_daily":false,"chose_seed":false,"campfire_upgraded":2,"win_rate":0,"timestamp":1541395182,"path_taken":["M","?","?","?","$","R","$","E","T","E","R","M","?","?","R","BOSS","M","?","?","?","?","E","$","M","T","M"],"build_version":"2018-11-01","purchased_purges":0,"victory":false,"max_hp_per_floor":[75,75,75,75,75,75,75,75,75,75,75,75,75,75,75,75,75,75,75,75,75,75,85,85,85,85,85],"card_choices":[{"not_picked":["Turbo","Leap"],"picked":"Conserve Battery","floor":1},{"not_picked":["Rebound","Barrage"],"picked":"Amplify","floor":3},{"not_picked":["Gash","Stack"],"picked":"Loop","floor":8},{"not_picked":["Melter","Force Field"],"picked":"White Noise","floor":10},{"not_picked":["Cold Snap","Ball Lightning","Go for the Eyes"],"picked":"SKIP","floor":12},{"not_picked":["Rainbow","Amplify"],"picked":"Biased Cognition","floor":16},{"not_picked":["Reprogram","Streamline"],"picked":"Defragment","floor":18},{"not_picked":["Hologram","Turbo+1"],"picked":"Glacier","floor":22},{"not_picked":["Hologram","Undo+1","Rainbow"],"picked":"SKIP","floor":23},{"not_picked":["Sweeping Beam+1","Barrage","Rip and Tear"],"picked":"SKIP","floor":25}],"player_experience":744134,"relics_obtained":[{"floor":8,"key":"Pantograph"},{"floor":9,"key":"Shovel"},{"floor":10,"key":"Happy Flower"},{"floor":19,"key":"Enchiridion"},{"floor":23,"key":"Pear"},{"floor":26,"key":"Smiling Mask"}],"event_choices":[{"cards_removed":["Strike_B"],"damage_healed":0,"gold_gain":0,"player_choice":"Offered Basic","damage_taken":0,"max_hp_gain":0,"max_hp_loss":0,"event_name":"Bonfire Elementals","floor":2,"gold_loss":0},{"cards_removed":["Strike_B"],"damage_healed":0,"gold_gain":0,"player_choice":"Card Removal","damage_taken":7,"max_hp_gain":0,"max_hp_loss":0,"event_name":"Golden Wing","floor":4,"gold_loss":0},{"damage_healed":0,"gold_gain":0,"player_choice":"Success","damage_taken":3,"relics_obtained":["Ornamental Fan"],"max_hp_gain":0,"max_hp_loss":0,"event_name":"Scrap Ooze","floor":13,"gold_loss":0},{"damage_healed":0,"gold_gain":0,"player_choice":"Grow","damage_taken":0,"max_hp_gain":0,"max_hp_loss":0,"event_name":"Living Wall","floor":14,"gold_loss":0,"cards_upgraded":["Amplify"]},{"damage_healed":0,"gold_gain":0,"player_choice":"Obtained Book","damage_taken":16,"max_hp_gain":0,"max_hp_loss":0,"event_name":"Cursed Tome","floor":19,"gold_loss":0},{"damage_healed":0,"gold_gain":0,"player_choice":"Ignored","damage_taken":0,"max_hp_gain":0,"max_hp_loss":0,"event_name":"Vampires","floor":20,"gold_loss":0},{"damage_healed":0,"gold_gain":0,"player_choice":"Read","damage_taken":0,"max_hp_gain":0,"max_hp_loss":0,"event_name":"The Library","floor":21,"gold_loss":0,"cards_obtained":["Force Field"]}],"is_beta":false,"boss_relics":[{"not_picked":["Calling Bell","Eternal Feather"],"picked":"Pandora\u0027s Box"}],"items_purged_floors":[],"is_endless":false,"potions_floor_spawned":[12,16,23],"killed_by":"Cultist and Chosen","ascension_level":4}