{"gold_per_floor":[111,111,186,199,131,166,166,166,166,177,14,89,105,124,124,221,221,231,231,244,169,183,183,209,240,252,264,306,20,20],"floor_reached":30,"playtime":1541,"items_purged":["Pain"],"score":325,"play_id":"a557c1e9-7967-4197-a4a0-651a21ab7daf","local_time":"20181128183033","is_ascension_mode":true,"campfire_choices":[{"data":"Bouncing Flask","floor":7,"key":"SMITH"},{"floor":15,"key":"REST"},{"data":"Bullet Time","floor":23,"key":"SMITH"}],"neow_cost":"NONE","seed_source_timestamp":418162714387510,"circlet_count":0,"master_deck":["Defend_G","Defend_G","Defend_G+1","Defend_G","Defend_G","Survivor","Neutralize+1","Skewer","Bouncing Flask+1","Infinite Blades","Blur","Cloak And Dagger","Dagger Throw","Bullet Time+1","Neutralize","Setup","Flying Knee","Expertise+1","Cloak And Dagger","Deadly Poison","Bite","Bite","Bite","Bite","Bite","Leg Sweep","Cloak And Dagger"],"relics":["Ring of the Snake","NeowsBlessing","Bottled Flame","WarpedTongs","Kunai","Sozu","MawBank","Pantograph","Dodecahedron","Bottled Lightning"],"potions_floor_usage":[16,22,28],"damage_taken":[{"damage":0,"enemies":"Small Slimes","floor":1,"turns":1},{"damage":0,"enemies":"2 Louse","floor":4,"turns":1},{"damage":0,"enemies":"3 Sentries","floor":6,"turns":2},{"damage":3,"enemies":"Cultist","floor":10,"turns":3},{"damage":1,"enemies":"Red Slaver","floor":13,"turns":4},{"damage":12,"enemies":"Exordium Wildlife","floor":14,"turns":5},{"damage":9,"enemies":"Hexaghost","floor":16,"turns":8},{"damage":0,"enemies":"Shell Parasite","floor":18,"turns":4},{"damage":25,"enemies":"3 Byrds","floor":20,"turns":5},{"damage":7,"enemies":"Snecko","floor":22,"turns":5},{"damage":24,"enemies":"Shelled Parasite and Fungi","floor":25,"turns":6},{"damage":15,"enemies":"Book of Stabbing","floor":28,"turns":6},{"damage":13,"enemies":"Centurion and Healer","floor":30,"turns":2}],"seed_played":"4108530702314294277","potions_obtained":[{"floor":6,"key":"Regen Potion"},{"floor":14,"key":"LiquidBronze"},{"floor":16,"key":"GhostInAJar"}],"is_trial":false,"path_per_floor":["M","?","?","M","$","E","R","?","T","M","$","?","M","M","R","B",null,"M","?","M","?","M","R","T","M","T","?","E","$","M"],"character_chosen":"THE_SILENT","items_purchased":["Bouncing Flask","Blur","Cloak And Dagger","Bottled Lightning","Cloak And Dagger"],"campfire_rested":1,"item_purchase_floors":[5,11,11,29,29],"current_hp_per_floor":[70,56,45,45,45,45,45,45,45,42,42,35,34,22,43,49,70,70,70,45,45,38,38,38,14,14,14,8,8,0],"gold":20,"neow_bonus":"THREE_ENEMY_KILL","is_prod":false,"is_daily":false,"chose_seed":false,"campfire_upgraded":2,"win_rate":0,"timestamp":1543447833,"path_taken":["M","?","?","M","$","E","R","?","T","?","?","?","?","M","R","BOSS","M","?","?","?","M","R","?","?","T","?","E","$","M"],"build_version":"2018-11-15","purchased_purges":1,"victory":false,"max_hp_per_floor":[70,70,70,70,70,70,70,70,70,70,70,70,70,70,70,70,70,70,70,70,70,70,70,70,70,70,49,49,49,49],"card_choices":[{"not_picked":["Backflip","Predator","Blade Dance"],"picked":"SKIP","floor":1},{"not_picked":["Well Laid Plans","Dagger Throw"],"picked":"Skewer","floor":4},{"not_picked":["Sucker Punch","Cloak And Dagger","Outmaneuver"],"picked":"SKIP","floor":6},{"not_picked":["Outmaneuver","Bane"],"picked":"Infinite Blades","floor":10},{"not_picked":["Bane","Backflip"],"picked":"Dagger Throw","floor":13},{"not_picked":["Underhanded Strike","Dagger Spray","Deflect"],"picked":"SKIP","floor":14},{"not_picked":["Night Terror","Tools of the Trade"],"picked":"Bullet Time","floor":16},{"not_picked":["Outmaneuver","Acrobatics","Underhanded Strike"],"picked":"SKIP","floor":18},{"not_picked":["Unload","Predator"],"picked":"Expertise+1","floor":20},{"not_picked":["Prepared+1","Flechettes+1"],"picked":"Cloak And Dagger","floor":22},{"not_picked":["Outmaneuver","Backflip"],"picked":"Deadly Poison","floor":25},{"not_picked":["Backflip","Flying Knee"],"picked":"Leg Sweep","floor":28}],"player_experience":183259,"relics_obtained":[{"floor":6,"key":"Bottled Flame"},{"floor":9,"key":"Kunai"},{"floor":24,"key":"MawBank"},{"floor":26,"key":"Pantograph"},{"floor":28,"key":"Dodecahedron"}],"event_choices":[{"damage_healed":0,"gold_gain":0,"player_choice":"Entered Light","damage_taken":14,"max_hp_gain":0,"max_hp_loss":0,"event_name":"Shining Light","floor":2,"gold_loss":0,"cards_upgraded":["Defend_G","Neutralize"]},{"damage_healed":0,"gold_gain":75,"player_choice":"Gather Gold","damage_taken":11,"max_hp_gain":0,"max_hp_loss":0,"event_name":"World of Goop","floor":3,"gold_loss":0},{"damage_healed":0,"gold_gain":0,"player_choice":"Rummage","damage_taken":0,"relics_obtained":["WarpedTongs"],"max_hp_gain":0,"max_hp_loss":0,"event_name":"Accursed Blacksmith","floor":8,"gold_loss":0,"cards_obtained":["Pain"]},{"damage_healed":0,"gold_gain":75,"player_choice":"Touch","damage_taken":7,"max_hp_gain":0,"max_hp_loss":0,"event_name":"FaceTrader","floor":12,"gold_loss":0},{"damage_healed":0,"gold_gain":0,"player_choice":"4 cards matched","damage_taken":0,"max_hp_gain":0,"max_hp_loss":0,"event_name":"Match and Keep!","floor":19,"gold_loss":0,"cards_obtained":["Neutralize","Venomology","Setup","Flying Knee"]},{"cards_removed":["Venomology"],"damage_healed":0,"gold_gain":0,"player_choice":"Gave Gold","damage_taken":0,"max_hp_gain":0,"max_hp_loss":0,"event_name":"Beggar","floor":21,"gold_loss":75},{"damage_healed":0,"gold_gain":0,"player_choice":"Became a vampire","damage_taken":0,"max_hp_gain":0,"max_hp_loss":21,"event_name":"Vampires","floor":27,"gold_loss":0,"cards_obtained":["Bite","Bite","Bite","Bite","Bite"]}],"is_beta":false,"boss_relics":[{"not_picked":["Busted Crown","Runic Pyramid"],"picked":"Sozu"}],"items_purged_floors":[11],"is_endless":false,"potions_floor_spawned":[6,14,16,18,20],"killed_by":"Centurion and Healer","ascension_level":2}