{"path_per_floor":["M","$","?","$","?","R","M","E","T","M","M","R","?","M","R","B",null,"M","$","M","M"],"character_chosen":"THE_SILENT","items_purchased":["Caltrops","Escape Plan","Dash","Prepared","Well Laid Plans"],"gold_per_floor":[110,2,77,44,44,44,57,88,88,99,119,119,119,136,136,240,240,258,49,68,79,79],"floor_reached":22,"campfire_rested":1,"playtime":1050,"current_hp_per_floor":[70,70,59,59,52,52,52,52,52,52,26,47,47,46,46,34,61,48,48,15,12,0],"items_purged":["Strike_G"],"gold":79,"score":264,"play_id":"ff6c71a2-9e54-41b3-9018-b7ce4060ff97","local_time":"20180403233835","is_prod":false,"is_daily":false,"is_ascension_mode":true,"campfire_upgraded":2,"timestamp":1522813115,"path_taken":["M","$","?","$","?","R","M","E","T","M","M","R","?","M","R","BOSS","M","$","M","M","M"],"build_version":"2018-03-29v2","purchased_purges":1,"victory":false,"master_deck":["Defend_G","Defend_G","Defend_G","Defend_G","Strike_G","Survivor","Neutralize","Dagger Spray","Caltrops+1","Escape Plan","Dash","Noxious Fumes+1","Infinite Blades","Acrobatics","Terror+1","Infinite Blades+1","Endless Agony+1","Unload+1","Poisoned Stab+1","Prepared","Well Laid Plans","PiercingWail"],"max_hp_per_floor":[70,70,70,70,70,70,70,70,70,70,70,70,70,70,70,70,70,70,70,70,70,70],"relics":["Ring of the Snake","NeowsBlessing","Calipers","Ginger","Astrolabe"],"card_choices":[{"not_picked":["Quick Slash","Distraction"],"picked":"Dagger Spray","floor":1},{"not_picked":["Slice","Infinite Blades"],"picked":"Noxious Fumes","floor":7},{"not_picked":["Grand Finale","Quick Slash"],"picked":"Infinite Blades","floor":8},{"not_picked":["Underhanded Strike","Skewer"],"picked":"Acrobatics","floor":11},{"not_picked":["Slice","Quick Slash"],"picked":"Terror","floor":14},{"not_picked":["Dagger Spray","Dash"],"picked":"Poisoned Stab","floor":18},{"not_picked":["Deadly Poison","Skewer"],"picked":"PiercingWail","floor":21}],"player_experience":385243,"potions_floor_usage":[16,16,16,21,21,21],"damage_taken":[{"damage":0,"enemies":"Jaw Worm","floor":1,"turns":1},{"damage":0,"enemies":"Small Slimes","floor":7,"turns":1},{"damage":0,"enemies":"Lagavulin","floor":8,"turns":2},{"damage":0,"enemies":"Cultist","floor":10,"turns":4},{"damage":26,"enemies":"Exordium Thugs","floor":11,"turns":4},{"damage":1,"enemies":"Red Slaver","floor":14,"turns":5},{"damage":27,"enemies":"The Guardian","floor":16,"turns":9},{"damage":13,"enemies":"Chosen","floor":18,"turns":4},{"damage":33,"enemies":"2 Thieves","floor":20,"turns":4},{"damage":15,"enemies":"3 Cultists","floor":21,"turns":4},{"damage":18,"enemies":"Centurion and Healer","floor":22,"turns":4}],"event_choices":[{"event_name":"World of Goop","player_choice":"Gather Gold","floor":3,"damage_taken":0},{"event_name":"Golden Wing","player_choice":"Card Removal","floor":5,"damage_taken":0},{"event_name":"Accursed Blacksmith","player_choice":"Forge","floor":13,"damage_taken":0}],"boss_relics":[{"not_picked":["The Specimen","Black Star"],"picked":"Astrolabe"}],"potions_floor_spawned":[8,10,11,14,16,18,20,21],"seed_played":"-5690267712452436225","killed_by":"Centurion and Healer","ascension_level":5,"is_trial":false}