{"gold_per_floor":[112,37,37,37,49,81,81,81,81,93,93,112,112,138,138,210,210,228,240,256,256,273,273],"floor_reached":23,"playtime":1006,"items_purged":["Strike_R"],"score":392,"play_id":"a18f6f5c-0d19-4fb6-a3c3-814c5f2b33c9","local_time":"20190301174440","is_ascension_mode":true,"campfire_choices":[{"data":"Anger","floor":8,"key":"SMITH"},{"data":"Intimidate","floor":11,"key":"SMITH"},{"data":"Sword Boomerang","floor":13,"key":"SMITH"},{"data":"Inflame","floor":15,"key":"SMITH"}],"neow_cost":"NONE","seed_source_timestamp":9929420387388,"circlet_count":0,"master_deck":["AscendersBane","Strike_R","Strike_R","Strike_R","Defend_R","Defend_R","Defend_R","Bash","Thunderclap","Intimidate+1","Anger+1","Sword Boomerang+1","Inflame+1","Feed","Sever Soul+1","Battle Trance","Flex"],"relics":["Burning Blood","Incense Burner","Red Skull","Blue Candle","Sozu","Nilry\u0027s Codex"],"potions_floor_usage":[16],"damage_taken":[{"damage":2,"enemies":"Cultist","floor":1,"turns":4},{"damage":9,"enemies":"Jaw Worm","floor":5,"turns":4},{"damage":53,"enemies":"Gremlin Nob","floor":6,"turns":5},{"damage":4,"enemies":"2 Louse","floor":10,"turns":2},{"damage":4,"enemies":"Blue Slaver","floor":12,"turns":2},{"damage":25,"enemies":"Lagavulin","floor":14,"turns":5},{"damage":2,"enemies":"Slime Boss","floor":16,"turns":10},{"damage":11,"enemies":"Spheric Guardian","floor":18,"turns":3},{"damage":24,"enemies":"3 Byrds","floor":19,"turns":5},{"damage":10,"enemies":"Centurion and Healer","floor":20,"turns":3},{"damage":15,"enemies":"Sentry and Sphere","floor":22,"turns":4},{"damage":14,"enemies":"Slavers","floor":23,"turns":1}],"seed_played":"-2839189225324762075","potions_obtained":[{"floor":6,"key":"Dexterity Potion"},{"floor":12,"key":"SpeedPotion"}],"is_trial":false,"path_per_floor":["M","$","?","$","M","E","$","R","T","M","R","M","R","E","R","B",null,"M","M","M","?","M","E"],"character_chosen":"IRONCLAD","items_purchased":[],"campfire_rested":0,"item_purchase_floors":[],"current_hp_per_floor":[72,72,72,72,69,22,22,22,22,24,24,26,26,7,7,11,59,54,39,38,17,11,0],"gold":273,"neow_bonus":"REMOVE_CARD","is_prod":false,"is_daily":false,"chose_seed":false,"campfire_upgraded":4,"win_rate":0,"timestamp":1551429880,"path_taken":["M","?","?","?","?","E","$","R","T","M","R","M","R","E","R","BOSS","M","M","M","?","M","E"],"build_version":"2019-01-23","purchased_purges":1,"victory":false,"max_hp_per_floor":[75,75,75,75,75,75,75,75,75,75,75,75,75,75,75,75,75,75,78,81,81,84,84],"card_choices":[{"not_picked":["Body Slam","Clothesline"],"picked":"Thunderclap","floor":1},{"not_picked":["Iron Wave","Thunderclap"],"picked":"Intimidate","floor":5},{"not_picked":["Reaper","Hemokinesis"],"picked":"Anger","floor":6},{"not_picked":["Power Through","Second Wind","Dropkick"],"picked":"SKIP","floor":10},{"not_picked":["Evolve","Clash"],"picked":"Sword Boomerang","floor":12},{"not_picked":["Metallicize","Wild Strike"],"picked":"Inflame","floor":14},{"not_picked":["Berserk","Immolate"],"picked":"Feed","floor":16},{"not_picked":["Searing Blow","Bloodletting"],"picked":"Sever Soul+1","floor":18},{"not_picked":["Uppercut","Heavy Blade"],"picked":"Battle Trance","floor":19},{"not_picked":["Body Slam","Seeing Red","Perfected Strike"],"picked":"SKIP","floor":20},{"not_picked":["Cleave","Warcry"],"picked":"Flex","floor":22}],"player_experience":977448,"relics_obtained":[{"floor":6,"key":"Incense Burner"},{"floor":9,"key":"Red Skull"},{"floor":14,"key":"Blue Candle"},{"floor":21,"key":"Nilry\u0027s Codex"}],"event_choices":[{"cards_removed":["Defend_R"],"damage_healed":0,"gold_gain":0,"player_choice":"Forget","damage_taken":0,"max_hp_gain":0,"max_hp_loss":0,"event_name":"Living Wall","floor":3,"gold_loss":0},{"damage_healed":0,"gold_gain":0,"player_choice":"Obtained Book","damage_taken":21,"max_hp_gain":0,"max_hp_loss":0,"event_name":"Cursed Tome","floor":21,"gold_loss":0}],"is_beta":false,"boss_relics":[{"not_picked":["Black Blood","Runic Cube"],"picked":"Sozu"}],"items_purged_floors":[2],"is_endless":false,"potions_floor_spawned":[6,12,19,20,22],"killed_by":"Slavers","ascension_level":19}