{"path_per_floor":["M","?","?","M","?","E","R","E","T","M","M","$","M","M","R","B",null,"M","?","M","M","$","R","E","R","T","R","M","R","$","?","R","B",null,"M","M","$","?","M","E","?","E","T","E","R","E","M","?","R","B"],"character_chosen":"IRONCLAD","items_purchased":["Master of Strategy","Entrench","Offering"],"gold_per_floor":[114,214,214,229,179,204,204,230,230,241,258,6,18,31,31,126,126,146,146,131,144,44,44,69,69,95,95,114,114,45,45,45,143,143,160,174,12,0,13,40,40,71,71,103,103,135,154,154,154,154],"floor_reached":51,"campfire_rested":3,"playtime":5900,"current_hp_per_floor":[78,78,81,87,87,87,87,50,50,56,51,51,23,29,29,16,69,59,65,71,65,65,65,46,46,46,46,20,62,62,62,62,34,78,84,90,90,90,78,80,93,100,100,33,78,74,76,76,100,62],"items_purged":["Defend_R","Writhe"],"gold":154,"play_id":"4bece8a8-e9e9-4a3d-a242-24692a6545b9","is_prod":false,"is_daily":false,"is_ascension_mode":true,"campfire_upgraded":6,"path_taken":["M","?","?","?","?","E","R","E","T","M","M","$","M","M","R","BOSS","M","?","?","M","$","R","E","R","T","R","M","R","$","?","R","BOSS","M","M","$","?","M","E","?","E","T","E","R","E","M","?","R","BOSS"],"build_version":"2018-02-01-PROD3","purchased_purges":2,"victory":true,"master_deck":["Strike_R","Strike_R","Strike_R","Strike_R","Strike_R","Defend_R+1","Defend_R","Defend_R+1","Bash+1","Iron Wave+1","Ghostly Armor+1","Headbutt","True Grit+1","True Grit+1","Warcry+1","Master of Strategy+1","Exhume+1","Barricade+1","Body Slam+1","Rampage","Entrench+1","Impervious+1","Shrug It Off+1","Offering+1","Shrug It Off+1","Exhume+1","Shrug It Off+1","Warcry+1"],"max_hp_per_floor":[80,80,90,90,87,87,87,87,87,87,87,87,87,87,87,87,87,87,93,93,93,93,93,93,93,93,93,93,93,93,93,93,93,93,93,93,93,93,93,93,93,100,100,100,100,100,100,100,100,100],"relics":["Burning Blood","NeowsBlessing","Pear","Toxic Egg 2","Letter Opener","Pantograph","Velvet Choker","Darkstone Periapt","Regal Pillow","Omamori","Black Star","Red Mask","Juzu Bracelet","Bag of Marbles","Strawberry","War Paint","Ice Cream","Ancient Tea Set","Dream Catcher","Happy Flower","Bronze Scales"],"card_choices":[{"not_picked":["Clothesline","Headbutt"],"picked":"Iron Wave"},{"not_picked":["Second Wind","Sentinel"],"picked":"Ghostly Armor"},{"not_picked":["Sever Soul","Perfected Strike"],"picked":"Headbutt"},{"not_picked":["Headbutt","Sword Boomerang"],"picked":"True Grit"},{"not_picked":["Headbutt","Searing Blow"],"picked":"True Grit"},{"not_picked":["Heavy Blade","Blood for Blood"],"picked":"Warcry"},{"not_picked":["Thunderclap","Sword Boomerang"],"picked":"Exhume"},{"not_picked":["Impervious","Berserk"],"picked":"Barricade"},{"not_picked":["Corruption","Armaments"],"picked":"Body Slam"},{"not_picked":["Clothesline","Sword Boomerang"],"picked":"Rampage"},{"not_picked":["Seeing Red","Clothesline"],"picked":"Rampage"},{"not_picked":["Barricade","Bludgeon"],"picked":"Impervious"},{"not_picked":["Intimidate","Heavy Blade"],"picked":"Shrug It Off"},{"not_picked":["Perfected Strike","Fire Breathing"],"picked":"Shrug It Off"},{"not_picked":["Feed","Hemokinesis"],"picked":"Exhume"},{"not_picked":["Anger","Infernal Blade"],"picked":"Shrug It Off"},{"not_picked":["Headbutt","Twin Strike"],"picked":"Warcry"}],"player_experience":626724,"potions_floor_usage":[8,16,16,21,24,24,44,50],"damage_taken":[{"damage":0,"enemies":"Jaw Worm","floor":1,"turns":1},{"damage":0,"enemies":"Blue Slaver","floor":4,"turns":1},{"damage":0,"enemies":"Gremlin Nob","floor":6,"turns":1},{"damage":43,"enemies":"Lagavulin","floor":8,"turns":7},{"damage":0,"enemies":"Cultist","floor":10,"turns":3},{"damage":11,"enemies":"Large Slime","floor":11,"turns":7},{"damage":34,"enemies":"Exordium Thugs","floor":13,"turns":7},{"damage":0,"enemies":"Gremlin Gang","floor":14,"turns":6},{"damage":59,"enemies":"Slime Boss","floor":16,"turns":13},{"damage":16,"enemies":"3 Byrds","floor":18,"turns":6},{"damage":0,"enemies":"2 Thieves","floor":20,"turns":4},{"damage":27,"enemies":"Slaver and Parasite","floor":21,"turns":9},{"damage":25,"enemies":"Book of Stabbing","floor":24,"turns":5},{"damage":32,"enemies":"Chosen and Byrds","floor":28,"turns":8},{"damage":59,"enemies":"Automaton","floor":33,"turns":14},{"damage":0,"enemies":"Orb Walker","floor":35,"turns":2},{"damage":0,"enemies":"3 Darklings","floor":36,"turns":12},{"damage":18,"enemies":"Sphere and 2 Shapes","floor":39,"turns":8},{"damage":4,"enemies":"2 Orb Walkers","floor":40,"turns":9},{"damage":4,"enemies":"Nemesis","floor":42,"turns":10},{"damage":79,"enemies":"2 Orb Walkers","floor":44,"turns":8},{"damage":10,"enemies":"Nemesis","floor":46,"turns":7},{"damage":4,"enemies":"Maw","floor":47,"turns":7},{"damage":44,"enemies":"Time Eater","floor":50,"turns":8}],"event_choices":[{"event_name":"Golden Shrine","player_choice":"Pray","floor":2,"damage_taken":0},{"event_name":"Scrap Ooze","player_choice":"success","floor":3,"damage_taken":7},{"event_name":"The Cleric","player_choice":"Card Removal","floor":5,"damage_taken":0},{"event_name":"The Mausoleum","player_choice":"Yes","floor":19,"damage_taken":0},{"event_name":"Beggar","player_choice":"Ignored","floor":31,"damage_taken":0},{"event_name":"Tomb of Lord Red Mask","player_choice":"Paid","floor":38,"damage_taken":0},{"event_name":"Winding Halls","player_choice":"Writhe","floor":41,"damage_taken":0}],"boss_relics":[{"not_picked":["Question Card","Eternal Feather"],"picked":"Velvet Choker"},{"not_picked":["Black Blood","Runic Cube"],"picked":"Black Star"}],"potions_floor_spawned":[6,13,14,16,18,21,33,35,40,44,47],"seed_played":"-6644862177197045146","ascension_level":10,"is_trial":false}