{"path_per_floor":["M","M","M","M","?","M","R","$","T","R","M","R","$","E","R","B",null,"M","?","?","$","?","R","M","E","T","?","M"],"character_chosen":"THE_SILENT","items_purchased":["Infinite Blades","Slice"],"gold_per_floor":[114,127,138,154,154,165,165,17,17,17,27,27,27,58,58,154,154,166,166,66,43,43,43,61,95,95,20,34,34],"floor_reached":29,"campfire_rested":2,"playtime":1495,"current_hp_per_floor":[66,64,64,64,64,64,64,64,64,64,66,66,66,45,66,25,59,61,48,48,48,48,70,59,15,15,15,2,0],"items_purged":["Defend_G"],"gold":34,"score":304,"play_id":"127d28d7-c8c0-4a90-bae3-68daa34edf69","local_time":"20180405224337","is_prod":false,"is_daily":false,"is_ascension_mode":true,"campfire_upgraded":3,"timestamp":1522982617,"path_taken":["M","M","M","M","?","M","R","$","T","R","?","R","$","E","R","BOSS","M","?","?","$","?","R","M","E","T","?","?","M"],"build_version":"2018-04-05","purchased_purges":1,"victory":false,"master_deck":["Defend_G","Defend_G","Defend_G","Strike_G","Strike_G","Survivor","Neutralize","Sucker Punch","Cloak And Dagger+1","Prepared","Sucker Punch+1","Cloak And Dagger+1","Infinite Blades+1","Blade Dance","Adrenaline","Finisher+1","Escape Plan+1","Endless Agony+1","Noxious Fumes","J.A.X.","Slice","Skewer","Prepared+1","Backflip"],"max_hp_per_floor":[70,70,70,70,70,70,70,70,70,70,70,70,70,70,70,70,70,70,75,75,75,75,75,75,75,75,75,75,75],"relics":["Ring of the Snake","Bird Faced Urn","Ancient Tea Set","Astrolabe","Darkstone Periapt","Ninja Scroll"],"card_choices":[{"not_picked":["Slice","Leg Sweep"],"picked":"Sucker Punch","floor":0},{"not_picked":["Poisoned Stab","Deadly Poison"],"picked":"Cloak And Dagger","floor":1},{"not_picked":["Leg Sweep","Masterful Stab"],"picked":"Prepared","floor":2},{"not_picked":["Quick Slash","Calculated Gamble"],"picked":"Sucker Punch","floor":3},{"not_picked":["Eviscerate","Riddle With Holes"],"picked":"Cloak And Dagger","floor":4},{"not_picked":["Outmaneuver","Crippling Poison"],"picked":"Blade Dance","floor":14},{"not_picked":["Phantasmal Killer","Tactician"],"picked":"Adrenaline","floor":16},{"not_picked":["Sucker Punch","PiercingWail"],"picked":"Noxious Fumes","floor":18},{"not_picked":["Eviscerate","Dodge and Roll"],"picked":"Skewer","floor":24},{"not_picked":["Riddle With Holes","Dagger Spray"],"picked":"Prepared","floor":25},{"not_picked":["Flying Knee","Glass Knife"],"picked":"Backflip","floor":28}],"player_experience":401478,"potions_floor_usage":[16,16,25,28],"damage_taken":[{"damage":4,"enemies":"Small Slimes","floor":1,"turns":4},{"damage":2,"enemies":"2 Louse","floor":2,"turns":4},{"damage":0,"enemies":"Cultist","floor":3,"turns":3},{"damage":0,"enemies":"Blue Slaver","floor":4,"turns":5},{"damage":0,"enemies":"3 Louse","floor":6,"turns":3},{"damage":0,"enemies":"Large Slime","floor":11,"turns":5},{"damage":23,"enemies":"Gremlin Nob","floor":14,"turns":5},{"damage":43,"enemies":"Hexaghost","floor":16,"turns":12},{"damage":0,"enemies":"Spheric Guardian","floor":18,"turns":3},{"damage":15,"enemies":"2 Thieves","floor":24,"turns":3},{"damage":48,"enemies":"Gremlin Leader","floor":25,"turns":6},{"damage":17,"enemies":"Cultist and Chosen","floor":28,"turns":5},{"damage":8,"enemies":"Centurion and Healer","floor":29,"turns":1}],"event_choices":[{"event_name":"Living Wall","player_choice":"Grow","floor":5,"damage_taken":0},{"event_name":"Forgotten Altar","player_choice":"Shed Blood","floor":19,"damage_taken":0},{"event_name":"Drug Dealer","player_choice":"Got JAXXED","floor":20,"damage_taken":0},{"event_name":"Ghosts","player_choice":"Ignored","floor":22,"damage_taken":0},{"event_name":"Beggar","player_choice":"Gave Gold","floor":27,"damage_taken":0}],"boss_relics":[{"not_picked":["Snecko Eye","Ectoplasm"],"picked":"Astrolabe"}],"potions_floor_spawned":[4,6,11,14,24],"seed_played":"-7644017828920445835","killed_by":"Centurion and Healer","ascension_level":5,"is_trial":false}