{"path_per_floor":["M","M","M","?","?","$","E","M","T","M","T","$","M","M","R","B",null,"M","?","M","M","M","R","E","M","T","R","$","?","?","?","R","B",null,"M","M","?","M","$","R","$","E","T","?","?","M","M"],"character_chosen":"THE_SILENT","items_purchased":["Prepared","Backflip","Caltrops","Terror","Footwork","Caltrops"],"gold_per_floor":[116,128,138,88,88,8,37,49,117,130,212,22,33,43,43,143,143,154,69,79,93,107,107,139,154,154,154,15,15,15,15,15,118,118,135,151,151,166,6,6,6,33,33,33,33,49,61],"floor_reached":48,"campfire_rested":2,"playtime":3886,"current_hp_per_floor":[70,70,70,70,63,63,5,5,15,13,13,13,13,12,36,12,80,80,80,80,80,80,80,31,20,20,44,44,36,36,62,62,24,80,76,59,59,56,56,56,56,5,11,39,39,27,6],"items_purged":["Defend_G","Strike_G","Defend_G"],"gold":61,"score":578,"play_id":"3ff19e51-53c3-4668-b500-b50ea5bb2026","is_prod":false,"is_daily":false,"is_ascension_mode":true,"campfire_upgraded":3,"path_taken":["M","M","M","?","?","$","E","M","T","M","?","?","M","?","R","BOSS","M","?","M","?","M","R","E","M","T","R","?","?","?","?","R","BOSS","M","M","?","M","$","R","$","E","T","?","?","M","?","M"],"build_version":"2018-02-15-PROD1","purchased_purges":4,"victory":false,"master_deck":["Defend_G","Defend_G","Defend_G","Survivor","Neutralize","Cloak And Dagger","Cloak And Dagger","Blade Dance+1","Prepared","Backflip","Deflect","Well Laid Plans","Flying Knee","Caltrops+1","Terror","Caltrops","Dodge and Roll","Envenom","Accuracy+1","Finisher+1","Predator+1","Backflip+1","Sucker Punch","Noxious Fumes+1","Acrobatics","Poisoned Stab","Cloak And Dagger","Footwork","Bullet Time","Caltrops","Footwork","Caltrops","Dodge and Roll+1","Injury","Writhe","PiercingWail","Backstab+1"],"max_hp_per_floor":[70,70,70,70,70,70,70,70,80,80,80,80,80,80,80,80,80,80,80,80,80,80,80,80,80,80,80,80,80,80,80,80,80,80,80,80,80,80,80,80,80,80,86,92,92,92,92],"relics":["Ring of the Snake","Thread and Needle","Blue Candle","Pear","Dodecahedron","Astrolabe","Darkstone Periapt","Mercury Hourglass","Unceasing Top","Cursed Key","Oddly Smooth Stone","Du-Vu Doll"],"card_choices":[{"not_picked":["Dagger Throw","Outmaneuver"],"picked":"Cloak And Dagger"},{"not_picked":["Quick Slash","Choke"],"picked":"Cloak And Dagger"},{"not_picked":["Glass Knife","PiercingWail"],"picked":"Blade Dance"},{"not_picked":["Eviscerate","Dagger Spray"],"picked":"Deflect"},{"not_picked":["Dagger Spray","Eviscerate"],"picked":"Well Laid Plans"},{"not_picked":["Dodge and Roll","Dagger Throw"],"picked":"Flying Knee"},{"not_picked":["Expertise","Dagger Throw"],"picked":"Caltrops"},{"not_picked":["Riddle With Holes","Finisher"],"picked":"Dodge and Roll"},{"not_picked":["Doppelganger","Grand Finale"],"picked":"Envenom"},{"not_picked":["Deflect","Outmaneuver"],"picked":"Backflip"},{"not_picked":["Prepared","Underhanded Strike"],"picked":"Sucker Punch"},{"not_picked":["PiercingWail","Slice"],"picked":"Noxious Fumes"},{"not_picked":["Endless Agony","Backflip"],"picked":"Acrobatics"},{"not_picked":["Crippling Poison","Acrobatics"],"picked":"Poisoned Stab"},{"not_picked":["Deadly Poison","Well Laid Plans"],"picked":"Cloak And Dagger"},{"not_picked":["Venomology","Die Die Die"],"picked":"Bullet Time"},{"not_picked":["Catalyst","Sucker Punch"],"picked":"Caltrops"},{"not_picked":["Deadly Poison","Acrobatics"],"picked":"Footwork"},{"not_picked":["Dagger Throw","Masterful Stab"],"picked":"Dodge and Roll"},{"not_picked":["Crippling Poison","Dagger Throw"],"picked":"PiercingWail"},{"not_picked":["Backflip","Flying Knee"],"picked":"Backstab"}],"player_experience":187857,"potions_floor_usage":[46,48],"damage_taken":[{"damage":0.0,"enemies":"Jaw Worm","floor":1.0,"turns":5.0},{"damage":0.0,"enemies":"2 Louse","floor":2.0,"turns":3.0},{"damage":0.0,"enemies":"Small Slimes","floor":3.0,"turns":3.0},{"damage":58.0,"enemies":"Lagavulin","floor":7.0,"turns":17.0},{"damage":0.0,"enemies":"2 Fungi Beasts","floor":8.0,"turns":5.0},{"damage":2.0,"enemies":"Blue Slaver","floor":10.0,"turns":6.0},{"damage":0.0,"enemies":"Exordium Thugs","floor":13.0,"turns":5.0},{"damage":1.0,"enemies":"Lots of Slimes","floor":14.0,"turns":5.0},{"damage":24.0,"enemies":"Slime Boss","floor":16.0,"turns":17.0},{"damage":0.0,"enemies":"Shell Parasite","floor":18.0,"turns":4.0},{"damage":0.0,"enemies":"Spheric Guardian","floor":20.0,"turns":3.0},{"damage":0.0,"enemies":"Centurion and Healer","floor":21.0,"turns":5.0},{"damage":0.0,"enemies":"Snecko","floor":22.0,"turns":6.0},{"damage":49.0,"enemies":"Gremlin Leader","floor":24.0,"turns":10.0},{"damage":11.0,"enemies":"Snake Plant","floor":25.0,"turns":4.0},{"damage":38.0,"enemies":"Automaton","floor":33.0,"turns":11.0},{"damage":4.0,"enemies":"Orb Walker","floor":35.0,"turns":4.0},{"damage":17.0,"enemies":"3 Shapes","floor":36.0,"turns":5.0},{"damage":3.0,"enemies":"3 Darklings","floor":38.0,"turns":6.0},{"damage":51.0,"enemies":"2 Orb Walkers","floor":42.0,"turns":6.0},{"damage":12,"enemies":"4 Shapes","floor":46,"turns":5},{"damage":21,"enemies":"Maw","floor":47,"turns":8},{"damage":6,"enemies":"Sphere and 2 Shapes","floor":48,"turns":3}],"event_choices":[{"event_name":"The Cleric","player_choice":"Card Removal","floor":4.0,"damage_taken":0.0},{"event_name":"Golden Wing","player_choice":"Card Removal","floor":5.0,"damage_taken":0.0},{"event_name":"Addict","player_choice":"Obtained Relic","floor":19.0,"damage_taken":0.0},{"event_name":"Knowing Skull","player_choice":"","floor":29.0,"damage_taken":0.0},{"event_name":"Vampires","player_choice":"Ignored","floor":30.0,"damage_taken":0.0},{"event_name":"The Library","player_choice":"Heal","floor":31.0,"damage_taken":0.0},{"event_name":"The Lab","player_choice":"Got Potions","floor":37.0,"damage_taken":0.0},{"event_name":"Winding Halls","player_choice":"Writhe","floor":44.0,"damage_taken":0.0},{"event_name":"The Moai Head","player_choice":"Ignored","floor":45.0,"damage_taken":0.0}],"boss_relics":[],"potions_floor_spawned":[2,8,13,14,16,18,20,22,36,42,46,47],"seed_played":"-724631692589799229","killed_by":"Sphere and 2 Shapes","ascension_level":2,"is_trial":false}