{"gold_per_floor":[113,188,338,263,280,308,308,326,326,326],"floor_reached":10,"playtime":204,"items_purged":["Doubt"],"score":177,"play_id":"0c230565-650c-40a0-a707-6e0bff874082","local_time":"20190302213758","is_ascension_mode":true,"campfire_choices":[{"data":"Anger","floor":7,"key":"SMITH"}],"neow_cost":"NONE","seed_source_timestamp":87868794179134,"circlet_count":0,"master_deck":["AscendersBane","Strike_R","Strike_R","Strike_R","Strike_R","Strike_R","Defend_R","Defend_R","Defend_R","Defend_R","Bash","Anger+1","Sword Boomerang","True Grit"],"relics":["Burning Blood","NeowsBlessing","Ornamental Fan","Peace Pipe"],"potions_floor_usage":[],"damage_taken":[{"damage":0,"enemies":"Jaw Worm","floor":1,"turns":1},{"damage":0,"enemies":"Small Slimes","floor":5,"turns":1},{"damage":0,"enemies":"3 Sentries","floor":6,"turns":1},{"damage":3,"enemies":"2 Louse","floor":8,"turns":3},{"damage":18,"enemies":"Large Slime","floor":10,"turns":5}],"seed_played":"-2466014017726199033","potions_obtained":[{"floor":5,"key":"SteroidPotion"}],"is_trial":false,"path_per_floor":["M","?","?","$","M","E","R","M","T","M"],"character_chosen":"IRONCLAD","items_purchased":[],"campfire_rested":0,"item_purchase_floors":[],"current_hp_per_floor":[74,63,63,63,69,75,75,75,75,57],"gold":326,"neow_bonus":"THREE_ENEMY_KILL","is_prod":false,"is_daily":false,"chose_seed":false,"campfire_upgraded":1,"win_rate":0,"timestamp":1551530278,"path_taken":["M","?","?","$","M","E","R","M","T","M"],"build_version":"2019-01-23","purchased_purges":1,"victory":false,"max_hp_per_floor":[75,75,75,75,75,75,75,75,75,75],"card_choices":[{"not_picked":["Headbutt","Iron Wave"],"picked":"Anger","floor":1},{"not_picked":["Power Through","Wild Strike"],"picked":"Sword Boomerang","floor":5},{"not_picked":["Corruption","Wild Strike","Searing Blow"],"picked":"SKIP","floor":6},{"not_picked":["Body Slam","Reaper"],"picked":"True Grit","floor":8}],"player_experience":1006693,"relics_obtained":[{"floor":6,"key":"Ornamental Fan"},{"floor":9,"key":"Peace Pipe"}],"event_choices":[{"damage_healed":0,"gold_gain":75,"player_choice":"Gather Gold","damage_taken":11,"max_hp_gain":0,"max_hp_loss":0,"event_name":"World of Goop","floor":2,"gold_loss":0},{"damage_healed":0,"gold_gain":150,"player_choice":"AGREE","damage_taken":0,"max_hp_gain":0,"max_hp_loss":0,"event_name":"Liars Game","floor":3,"gold_loss":0,"cards_obtained":["Doubt"]}],"is_beta":false,"boss_relics":[],"items_purged_floors":[4],"is_endless":false,"potions_floor_spawned":[5],"killed_by":"Large Slime","ascension_level":19}