{"gold_per_floor":[117,140,140,140,158,186,186,214,240,240,271,287,314,325,325,426,426,446,466,466,466,477,477,509,135,204,204,231,231,263,263,263,363,363,382,382,382,382,211,211,241,241,241,258,80,80,80,114,114,114],"floor_reached":50,"playtime":1912,"items_purged":["Strike_R","Regret","Normality"],"score":796,"play_id":"06322639-9d2e-4e2a-86a6-067b09b7a522","local_time":"20190107122050","is_ascension_mode":true,"campfire_choices":[{"data":"Bash","floor":7,"key":"SMITH"},{"data":"Defend_R","floor":10,"key":"SMITH"},{"data":"Metallicize","floor":15,"key":"SMITH"},{"data":"Demon Form","floor":23,"key":"SMITH"},{"floor":29,"key":"REST"},{"floor":32,"key":"REST"},{"data":"Barricade","floor":40,"key":"SMITH"},{"floor":42,"key":"REST"},{"data":"Body Slam","floor":46,"key":"SMITH"},{"floor":49,"key":"REST"}],"neow_cost":"NONE","seed_source_timestamp":226559103551153,"circlet_count":0,"master_deck":["Strike_R","Strike_R","Strike_R","Defend_R+1","Defend_R+1","Defend_R+1","Bash+1","Metallicize+1","Heavy Blade","Ghostly Armor+1","Anger","Impervious","Demon Form+1","Body Slam+1","Heavy Blade","Metallicize","Heavy Blade","Barricade+1","Bludgeon","Iron Wave","Power Through","Limit Break","Armaments","True Grit","Sword Boomerang","Body Slam+1","Pommel Strike+1","Exhume","Flash of Steel","Pummel","True Grit","Armaments","Madness","Madness","Evolve+1"],"relics":["Burning Blood","NeowsBlessing","Regal Pillow","Orichalcum","Paper Frog","Happy Flower","Blood Vial","Juzu Bracelet","Bottled Lightning","Cursed Key","Lantern","Vajra","Blue Candle","War Paint","Strawberry","Orrery","Pear","Torii","Bag of Marbles","Self Forming Clay"],"potions_floor_usage":[16,22,24,24,30],"damage_taken":[{"damage":0,"enemies":"Cultist","floor":1,"turns":1},{"damage":0,"enemies":"Jaw Worm","floor":5,"turns":1},{"damage":0,"enemies":"Gremlin Nob","floor":6,"turns":1},{"damage":18,"enemies":"Lagavulin","floor":8,"turns":7},{"damage":0,"enemies":"Gremlin Nob","floor":11,"turns":4},{"damage":1,"enemies":"2 Louse","floor":12,"turns":2},{"damage":9,"enemies":"3 Sentries","floor":13,"turns":8},{"damage":4,"enemies":"Large Slime","floor":14,"turns":6},{"damage":49,"enemies":"The Guardian","floor":16,"turns":10},{"damage":10,"enemies":"Spheric Guardian","floor":18,"turns":5},{"damage":30,"enemies":"2 Thieves","floor":19,"turns":4},{"damage":17,"enemies":"Sentry and Sphere","floor":22,"turns":6},{"damage":28,"enemies":"Slavers","floor":24,"turns":5},{"damage":19,"enemies":"Book of Stabbing","floor":28,"turns":6},{"damage":36,"enemies":"Slavers","floor":30,"turns":6},{"damage":20,"enemies":"Champ","floor":33,"turns":12},{"damage":26,"enemies":"Orb Walker","floor":35,"turns":4},{"damage":71,"enemies":"Reptomancer","floor":41,"turns":10},{"damage":3,"enemies":"3 Shapes","floor":44,"turns":4},{"damage":0,"enemies":"Giant Head","floor":48,"turns":7},{"damage":101,"enemies":"Awakened One","floor":50,"turns":5}],"seed_played":"-1592324868653199072","potions_obtained":[{"floor":1,"key":"Energy Potion"},{"floor":5,"key":"FearPotion"},{"floor":6,"key":"SpeedPotion"},{"floor":11,"key":"Block Potion"},{"floor":16,"key":"BloodPotion"},{"floor":19,"key":"Ancient Potion"},{"floor":22,"key":"Fire Potion"},{"floor":28,"key":"AttackPotion"}],"is_trial":false,"path_per_floor":["M","T","?","T","M","E","R","E","T","R","E","M","E","M","R","B",null,"M","M","?","?","M","R","E","$","T","?","E","R","E","?","R","B",null,"M","?","?","?","$","R","E","R","T","M","$","R","?","E","R","B"],"character_chosen":"IRONCLAD","items_purchased":["Barricade","Vajra","Pummel","Armaments"],"campfire_rested":4,"item_purchase_floors":[25,25,39,45],"current_hp_per_floor":[80,80,64,64,70,76,76,64,64,64,72,79,77,80,80,37,80,76,54,54,54,53,53,33,33,33,33,22,61,40,40,81,69,87,67,67,77,77,77,77,14,58,58,63,63,63,51,59,97,0],"gold":114,"neow_bonus":"THREE_ENEMY_KILL","is_prod":false,"is_daily":false,"chose_seed":false,"campfire_upgraded":6,"win_rate":0,"timestamp":1546892450,"path_taken":["M","?","?","?","?","E","R","E","T","R","E","M","E","M","R","BOSS","M","M","?","?","M","R","E","$","T","?","E","R","E","?","R","BOSS","M","?","?","?","$","R","E","R","T","M","$","R","?","E","R","BOSS"],"build_version":"2019-01-03v4","purchased_purges":3,"victory":false,"max_hp_per_floor":[80,80,80,80,80,80,80,80,80,80,80,80,80,80,80,80,80,80,80,80,80,80,80,80,80,80,80,80,80,87,87,87,87,87,87,87,97,97,97,97,97,97,97,97,97,97,97,97,97,97],"card_choices":[{"not_picked":["Uppercut","Thunderclap","Cleave"],"picked":"SKIP","floor":1},{"not_picked":["Bloodletting","Thunderclap"],"picked":"Metallicize","floor":5},{"not_picked":["Clothesline","Flex"],"picked":"Heavy Blade","floor":6},{"not_picked":["Rupture","Combust"],"picked":"Ghostly Armor","floor":8},{"not_picked":["Sever Soul","Warcry"],"picked":"Perfected Strike","floor":11},{"not_picked":["Rupture","Warcry"],"picked":"Anger","floor":12},{"not_picked":["Bloodletting","Evolve","Wild Strike"],"picked":"SKIP","floor":13},{"not_picked":["Body Slam","Twin Strike"],"picked":"Impervious","floor":14},{"not_picked":["Juggernaut","Impervious"],"picked":"Demon Form","floor":16},{"not_picked":["Warcry","Anger"],"picked":"Body Slam","floor":18},{"not_picked":["Wild Strike","Warcry"],"picked":"Heavy Blade","floor":19},{"not_picked":["Clash","Anger"],"picked":"Heavy Blade","floor":22},{"not_picked":["Havoc","Flex"],"picked":"Dropkick","floor":24},{"not_picked":["Rampage+1","Thunderclap"],"picked":"Iron Wave","floor":28},{"not_picked":["Dark Embrace","Feed"],"picked":"Power Through","floor":30},{"not_picked":["Fiend Fire","Berserk"],"picked":"Limit Break","floor":33},{"not_picked":["Heavy Blade","Combust"],"picked":"Armaments","floor":34},{"not_picked":["Perfected Strike","Warcry"],"picked":"True Grit","floor":34},{"not_picked":["Combust","Clash"],"picked":"Sword Boomerang","floor":34},{"not_picked":["Cleave","Iron Wave"],"picked":"Body Slam+1","floor":34},{"not_picked":["Perfected Strike","Uppercut"],"picked":"Pommel Strike+1","floor":34},{"not_picked":["Seeing Red","Anger"],"picked":"Exhume","floor":35},{"not_picked":["Mayhem","Mind Blast"],"picked":"Flash of Steel","floor":38},{"not_picked":["Clothesline","Fire Breathing+1"],"picked":"True Grit","floor":41},{"not_picked":["Clash","Fire Breathing+1","Blood for Blood"],"picked":"SKIP","floor":44},{"not_picked":["Burning Pact+1","Thunderclap"],"picked":"Evolve+1","floor":48}],"player_experience":129673,"relics_obtained":[{"floor":2,"key":"Regal Pillow"},{"floor":4,"key":"Orichalcum"},{"floor":6,"key":"Paper Frog"},{"floor":8,"key":"Happy Flower"},{"floor":9,"key":"Blood Vial"},{"floor":11,"key":"Juzu Bracelet"},{"floor":13,"key":"Bottled Lightning"},{"floor":24,"key":"Lantern"},{"floor":26,"key":"Blue Candle"},{"floor":28,"key":"War Paint"},{"floor":30,"key":"Strawberry"},{"floor":41,"key":"Torii"},{"floor":43,"key":"Bag of Marbles"},{"floor":48,"key":"Self Forming Clay"}],"event_choices":[{"damage_healed":0,"gold_gain":0,"player_choice":"Entered Light","damage_taken":16,"max_hp_gain":0,"max_hp_loss":0,"event_name":"Shining Light","floor":3,"gold_loss":0,"cards_upgraded":["Defend_R","Strike_R"]},{"damage_healed":0,"gold_gain":0,"player_choice":"Read","damage_taken":0,"max_hp_gain":0,"max_hp_loss":0,"event_name":"The Library","floor":20,"gold_loss":0,"cards_obtained":["Metallicize"]},{"cards_removed":["Defend_R"],"damage_healed":0,"gold_gain":0,"player_choice":"Purged","damage_taken":0,"max_hp_gain":0,"max_hp_loss":0,"event_name":"Purifier","floor":21,"gold_loss":0},{"damage_healed":0,"gold_gain":0,"cards_transformed":["Perfected Strike"],"player_choice":"Transformed","damage_taken":0,"max_hp_gain":0,"max_hp_loss":0,"event_name":"Transmorgrifier","floor":27,"gold_loss":0,"cards_obtained":["Bludgeon"]},{"damage_healed":0,"gold_gain":0,"player_choice":"Ignored","damage_taken":0,"max_hp_gain":0,"max_hp_loss":0,"event_name":"Ghosts","floor":31,"gold_loss":0},{"cards_removed":["Strike_R"],"damage_healed":0,"gold_gain":0,"player_choice":"Removed Attack","damage_taken":0,"max_hp_gain":0,"max_hp_loss":0,"event_name":"Falling","floor":36,"gold_loss":0},{"cards_removed":["Dropkick"],"damage_healed":0,"gold_gain":0,"player_choice":"Gave Card","damage_taken":0,"relics_obtained":["Pear"],"max_hp_gain":0,"max_hp_loss":0,"event_name":"WeMeetAgain","floor":37,"gold_loss":0},{"damage_healed":0,"gold_gain":0,"player_choice":"Memory 1","damage_taken":0,"max_hp_gain":0,"max_hp_loss":0,"event_name":"SensoryStone","floor":38,"gold_loss":0},{"damage_healed":0,"gold_gain":0,"player_choice":"Embrace Madness","damage_taken":12,"max_hp_gain":0,"max_hp_loss":0,"event_name":"Winding Halls","floor":47,"gold_loss":0,"cards_obtained":["Madness","Madness"]}],"is_beta":false,"boss_relics":[{"not_picked":["Runic Pyramid","Eternal Feather"],"picked":"Cursed Key"},{"not_picked":["Black Star","Tiny House"],"picked":"Orrery"}],"items_purged_floors":[25,39,45],"is_endless":false,"potions_floor_spawned":[1,5,6,11,16,19,22,28],"killed_by":"Awakened One","ascension_level":2}