{"gold_per_floor":[113,126,126,140,14,14,30,30,30,30,50,50,0,0,0,97,97,117,117,117,117],"floor_reached":21,"playtime":1137,"items_purged":["Doubt"],"score":192,"play_id":"aae0bddb-bd60-4b5e-bd66-593d50dd2125","local_time":"20181024013602","is_ascension_mode":false,"campfire_choices":[{"data":"Flex","floor":6,"key":"SMITH"},{"data":"Heavy Blade","floor":8,"key":"SMITH"},{"floor":15,"key":"REST"}],"neow_cost":"CURSE","seed_source_timestamp":1202845591209774,"circlet_count":0,"master_deck":["Strike_R","Strike_R","Defend_R","Defend_R","Bash","Feed","Armaments","Flex+1","Heavy Blade+1","Shrug It Off+1","Flex+1","Rage+1"],"relics":["Burning Blood","Toxic Egg 2","Kunai","Empty Cage"],"potions_floor_usage":[16,16],"damage_taken":[{"damage":4,"enemies":"2 Louse","floor":1,"turns":4},{"damage":25,"enemies":"Jaw Worm","floor":2,"turns":7},{"damage":8,"enemies":"Small Slimes","floor":4,"turns":3},{"damage":8,"enemies":"2 Fungi Beasts","floor":7,"turns":5},{"damage":16,"enemies":"Lots of Slimes","floor":11,"turns":6},{"damage":59,"enemies":"Slime Boss","floor":16,"turns":17},{"damage":79,"enemies":"3 Byrds","floor":18,"turns":10},{"damage":21,"enemies":"Spheric Guardian","floor":21,"turns":5}],"seed_played":"5163842442919284029","potions_obtained":[{"floor":2,"key":"GamblersBrew"},{"floor":11,"key":"LiquidBronze"},{"floor":18,"key":"SpeedPotion"}],"is_trial":false,"path_per_floor":["M","M","?","M","$","R","M","R","T","?","M","?","?","?","R","B",null,"M","?","?"],"character_chosen":"IRONCLAD","items_purchased":["Shrug It Off"],"campfire_rested":1,"item_purchase_floors":[5],"current_hp_per_floor":[80,64,57,58,58,58,59,59,59,59,52,52,52,45,72,22,95,22,22,22,1],"gold":117,"neow_bonus":"THREE_RARE_CARDS","is_prod":false,"is_daily":false,"chose_seed":false,"campfire_upgraded":2,"win_rate":0,"timestamp":1540359362,"path_taken":["M","M","?","M","$","R","M","R","T","?","M","?","?","?","R","BOSS","M","?","?","M"],"build_version":"2018-10-18","purchased_purges":1,"victory":false,"max_hp_per_floor":[80,83,83,86,86,86,89,89,89,89,92,92,92,92,92,95,95,95,95,95,95],"card_choices":[{"not_picked":["Demon Form","Dark Embrace"],"picked":"Feed","floor":0},{"not_picked":["Rupture","Spot Weakness"],"picked":"Armaments","floor":1},{"not_picked":["Iron Wave","Cleave"],"picked":"Flex","floor":2},{"not_picked":["Pommel Strike","Headbutt"],"picked":"Heavy Blade","floor":4},{"not_picked":["Rampage","Power Through","Twin Strike"],"picked":"SKIP","floor":7},{"not_picked":["Perfected Strike","Rampage","Feel No Pain"],"picked":"SKIP","floor":11},{"not_picked":["Body Slam+1","Anger"],"picked":"Rage+1","floor":18}],"player_experience":677769,"relics_obtained":[{"floor":9,"key":"Toxic Egg 2"}],"event_choices":[{"cards_removed":["Strike_R"],"damage_healed":0,"gold_gain":0,"player_choice":"Card Removal","damage_taken":7,"max_hp_gain":0,"max_hp_loss":0,"event_name":"Golden Wing","floor":3,"gold_loss":0},{"cards_removed":["Strike_R"],"damage_healed":0,"gold_gain":0,"player_choice":"Forget","damage_taken":0,"max_hp_gain":0,"max_hp_loss":0,"event_name":"Living Wall","floor":10,"gold_loss":0},{"damage_healed":0,"gold_gain":0,"player_choice":"1 cards matched","damage_taken":0,"max_hp_gain":0,"max_hp_loss":0,"event_name":"Match and Keep!","floor":12,"gold_loss":0,"cards_obtained":["Flex"]},{"cards_removed":["Strike_R"],"damage_healed":0,"gold_gain":0,"player_choice":"Card Removal","damage_taken":0,"max_hp_gain":0,"max_hp_loss":0,"event_name":"The Cleric","floor":13,"gold_loss":50},{"damage_healed":0,"gold_gain":0,"player_choice":"Success","damage_taken":7,"relics_obtained":["Kunai"],"max_hp_gain":0,"max_hp_loss":0,"event_name":"Scrap Ooze","floor":14,"gold_loss":0},{"damage_healed":0,"gold_gain":0,"player_choice":"Ignored","damage_taken":0,"max_hp_gain":0,"max_hp_loss":0,"event_name":"Ghosts","floor":19,"gold_loss":0},{"damage_healed":0,"gold_gain":0,"player_choice":"Upgraded","damage_taken":0,"max_hp_gain":0,"max_hp_loss":0,"event_name":"Upgrade Shrine","floor":20,"gold_loss":0,"cards_upgraded":["Shrug It Off"]}],"is_beta":false,"boss_relics":[{"not_picked":["Cursed Key","Fusion Hammer"],"picked":"Empty Cage"}],"items_purged_floors":[5],"is_endless":false,"potions_floor_spawned":[2,11,18],"killed_by":"Spheric Guardian","ascension_level":0}