{"path_per_floor":["M","?","$","M","M","R","?","R","T","?","R","M","M","?","R","B",null,"M","M","M","?","M","R","M","M","T","R","M","M","M","M","R","B",null,"M","$","M","$","?","R","M","?","T","M","M","M","?","M","R"],"character_chosen":"IRONCLAD","items_purchased":["Whirlwind","Vajra","Pear"],"gold_per_floor":[115,115,43,53,64,64,64,64,64,64,64,74,86,109,109,205,205,220,235,245,245,255,255,273,285,332,332,345,360,380,394,394,499,499,510,104,122,72,0,0,16,16,98,117,128,141,141,158,158],"floor_reached":50,"campfire_rested":2,"playtime":1160,"current_hp_per_floor":[72,65,65,71,73,73,66,66,66,66,66,72,77,77,77,68,75,69,62,62,62,61,61,46,42,42,65,71,77,77,65,65,47,70,62,72,59,59,59,59,56,56,56,43,48,27,27,7,33],"items_purged":["Flex"],"gold":158,"score":688,"play_id":"92d30c96-c1f5-4ead-95c6-e56cf73bd84d","local_time":"20180321012250","is_prod":false,"is_daily":false,"is_ascension_mode":true,"campfire_upgraded":7,"timestamp":1521613370,"path_taken":["M","?","$","M","M","R","?","R","T","?","R","M","M","?","R","BOSS","M","?","?","?","M","R","M","M","T","R","?","M","M","M","R","BOSS","M","$","M","$","?","R","M","?","T","?","?","M","?","M","R","BOSS"],"build_version":"2018-03-15v3","purchased_purges":1,"victory":false,"master_deck":["Strike_R","Strike_R","Strike_R","Strike_R","Strike_R","Defend_R","Defend_R","Defend_R+1","Bash+1","Flex+1","Whirlwind+1","Thunderclap+1","Seeing Red+1","Clash","Flex+1","Bludgeon+1","Clash+1","Bloodletting+1","Cleave+1","Pommel Strike+1","Demon Form+1","Flame Barrier+1","Impervious","Sword Boomerang+1"],"max_hp_per_floor":[80,80,80,80,80,80,77,77,77,77,77,77,77,77,77,77,77,77,77,77,77,77,77,77,77,77,77,77,77,77,77,77,77,77,77,87,87,87,87,87,87,87,87,87,87,87,87,87,87],"relics":["Burning Blood","Anchor","Smiling Mask","Odd Mushroom","Runic Dome","Matryoshka","War Paint","Bag of Marbles","White Beast Statue","Vajra","Pear","Red Mask","Prayer Wheel","Letter Opener"],"card_choices":[{"not_picked":["Shrug It Off","Thunderclap"],"picked":"Flex"},{"not_picked":["Corruption","Pommel Strike"],"picked":"Thunderclap"},{"not_picked":["Havoc","Clash"],"picked":"Seeing Red"},{"not_picked":["Reckless Charge","Searing Blow"],"picked":"Clash"},{"not_picked":["Wild Strike","Warcry"],"picked":"Flex"},{"not_picked":["Berserk","Immolate"],"picked":"Bludgeon"},{"not_picked":["Anger","Body Slam"],"picked":"Clash"},{"not_picked":["Body Slam","Sentinel"],"picked":"Bloodletting"},{"not_picked":["Headbutt","Flex"],"picked":"Cleave"},{"not_picked":["Twin Strike","Armaments"],"picked":"Pommel Strike"},{"not_picked":["Brutality","Immolate"],"picked":"Demon Form"},{"not_picked":["Perfected Strike","Headbutt"],"picked":"Flex"},{"not_picked":["Armaments","Pommel Strike"],"picked":"Flame Barrier"},{"not_picked":["True Grit","Wild Strike"],"picked":"Impervious"},{"not_picked":["Havoc","Fire Breathing"],"picked":"Sword Boomerang"}],"player_experience":327666,"potions_floor_usage":[4,20,25,29,33,33,44,44,45,50],"damage_taken":[{"damage":6,"enemies":"Cultist","floor":1,"turns":4},{"damage":0,"enemies":"Jaw Worm","floor":4,"turns":3},{"damage":4,"enemies":"Small Slimes","floor":5,"turns":4},{"damage":0,"enemies":"3 Louse","floor":12,"turns":2},{"damage":0,"enemies":"2 Fungi Beasts","floor":13,"turns":1},{"damage":2,"enemies":"The Mushroom Lair","floor":14,"turns":2},{"damage":15,"enemies":"Slime Boss","floor":16,"turns":9},{"damage":12,"enemies":"Shell Parasite","floor":18,"turns":3},{"damage":13,"enemies":"2 Thieves","floor":19,"turns":3},{"damage":6,"enemies":"Centurion and Healer","floor":20,"turns":4},{"damage":7,"enemies":"Chosen and Byrds","floor":22,"turns":4},{"damage":21,"enemies":"Snecko","floor":24,"turns":3},{"damage":10,"enemies":"3 Cultists","floor":25,"turns":3},{"damage":0,"enemies":"Centurion and Healer","floor":28,"turns":2},{"damage":0,"enemies":"Chosen and Byrds","floor":29,"turns":2},{"damage":0,"enemies":"Snake Plant","floor":30,"turns":2},{"damage":18,"enemies":"Snecko","floor":31,"turns":3},{"damage":24,"enemies":"Collector","floor":33,"turns":6},{"damage":14,"enemies":"3 Shapes","floor":35,"turns":2},{"damage":19,"enemies":"3 Darklings","floor":37,"turns":2},{"damage":9,"enemies":"4 Shapes","floor":41,"turns":1},{"damage":31,"enemies":"Maw","floor":44,"turns":6},{"damage":1,"enemies":"Sphere and 2 Shapes","floor":45,"turns":3},{"damage":27,"enemies":"3 Darklings","floor":46,"turns":4},{"damage":26,"enemies":"4 Shapes","floor":48,"turns":3},{"damage":43,"enemies":"Donu and Deca","floor":50,"turns":3}],"event_choices":[{"event_name":"Scrap Ooze","player_choice":"success","floor":2,"damage_taken":7},{"event_name":"Golden Wing","player_choice":"Card Removal","floor":7,"damage_taken":0},{"event_name":"Upgrade Shrine","player_choice":"Upgraded","floor":10,"damage_taken":0},{"event_name":"Mushrooms","player_choice":"Fought Mushrooms","floor":14,"damage_taken":0},{"event_name":"The Mausoleum","player_choice":"Yes","floor":21,"damage_taken":0},{"event_name":"Tomb of Lord Red Mask","player_choice":"Paid","floor":39,"damage_taken":0},{"event_name":"Mysterious Sphere","player_choice":"Ignore","floor":47,"damage_taken":0}],"boss_relics":[{"not_picked":["Calling Bell","Orrery"],"picked":"Runic Dome"},{"not_picked":["Runic Pyramid","Astrolabe"],"picked":"White Beast Statue"}],"potions_floor_spawned":[5,13,14,16,22,25,28,29,30,31,33,35,37,41,44,45,46,48],"seed_played":"7157380394170019428","killed_by":"Donu and Deca","ascension_level":11,"is_trial":false}