{"path_per_floor":["M","?","M","?","M","E","R","?","T","M","$","M","M","M","R","B",null,"M","M","?","M","?","T","M","T","T","?","M"],"character_chosen":"IRONCLAD","items_purchased":["Meat on the Bone"],"gold_per_floor":[112,187,198,198,211,244,244,244,271,289,36,55,72,91,91,191,191,208,220,120,134,134,134,152,177,177,177,197],"floor_reached":29,"campfire_rested":2,"playtime":1155,"current_hp_per_floor":[80,69,62,55,56,16,40,37,37,43,43,49,52,49,73,24,80,55,57,57,34,80,80,51,51,51,51,34],"items_purged":[],"gold":197,"score":229,"play_id":"e5d26672-2e2e-482f-9310-3d4423d80216","local_time":"20180304110535","is_prod":false,"is_daily":false,"is_ascension_mode":false,"campfire_upgraded":0,"timestamp":1520179535,"path_taken":["M","?","M","?","M","E","R","?","T","M","$","M","M","M","R","BOSS","M","M","?","M","?","?","M","?","T","?","M","E"],"build_version":"2018-03-01-PROD1","purchased_purges":0,"victory":false,"master_deck":["Strike_R","Strike_R","Strike_R","Strike_R","Strike_R","Defend_R","Defend_R","Defend_R","Bash","Impervious","Ghostly Armor","Armaments","Perfected Strike","Cleave","Flex","Dual Wield","Headbutt","Combust","Heavy Blade","Fiend Fire","Ghostly Armor","J.A.X.","Perfected Strike","Armaments+1","Normality","Headbutt"],"max_hp_per_floor":[80,80,80,80,80,80,80,80,80,80,80,80,80,80,80,80,80,80,80,80,80,80,80,80,80,80,80,80],"relics":["Burning Blood","Bag of Preparation","Dream Catcher","Orichalcum","Meat on the Bone","Sozu","Girya","Regal Pillow","Gambling Chip","Calipers"],"card_choices":[{"not_picked":["Sever Soul","True Grit"],"picked":"Ghostly Armor"},{"not_picked":["Seeing Red","Bloodletting"],"picked":"Armaments"},{"not_picked":["Spot Weakness","Sentinel"],"picked":"Perfected Strike"},{"not_picked":["Pummel","Anger"],"picked":"Cleave"},{"not_picked":["Anger","Heavy Blade"],"picked":"Flex"},{"not_picked":["Reckless Charge","Warcry"],"picked":"Dual Wield"},{"not_picked":["Power Through","Carnage"],"picked":"Headbutt"},{"not_picked":["True Grit","Sword Boomerang"],"picked":"Combust"},{"not_picked":["Clothesline","Armaments"],"picked":"Heavy Blade"},{"not_picked":["Brutality","Berserk"],"picked":"Fiend Fire"},{"not_picked":["Twin Strike","Shrug It Off"],"picked":"Entrench"},{"not_picked":["Thunderclap","Searing Blow"],"picked":"Ghostly Armor"},{"not_picked":["Dual Wield","Clothesline"],"picked":"Perfected Strike"},{"not_picked":["Warcry","Power Through"],"picked":"Armaments"},{"not_picked":["Carnage","Warcry"],"picked":"Headbutt"}],"player_experience":79174,"potions_floor_usage":[16,16],"damage_taken":[{"damage":2,"enemies":"2 Louse","floor":1,"turns":3},{"damage":13,"enemies":"Jaw Worm","floor":3,"turns":4},{"damage":5,"enemies":"Small Slimes","floor":5,"turns":4},{"damage":46,"enemies":"3 Sentries","floor":6,"turns":10},{"damage":0,"enemies":"Looter","floor":10,"turns":2},{"damage":0,"enemies":"Large Slime","floor":12,"turns":5},{"damage":3,"enemies":"2 Fungi Beasts","floor":13,"turns":3},{"damage":9,"enemies":"Blue Slaver","floor":14,"turns":3},{"damage":67,"enemies":"The Guardian","floor":16,"turns":10},{"damage":31,"enemies":"3 Byrds","floor":18,"turns":5},{"damage":16,"enemies":"Spheric Guardian","floor":19,"turns":4},{"damage":41,"enemies":"Centurion and Healer","floor":21,"turns":5},{"damage":47,"enemies":"Slaver and Parasite","floor":24,"turns":7},{"damage":35,"enemies":"Snake Plant","floor":28,"turns":4},{"damage":36,"enemies":"Slavers","floor":29,"turns":2}],"event_choices":[{"event_name":"World of Goop","player_choice":"Gather Gold","floor":2,"damage_taken":0},{"event_name":"Golden Wing","player_choice":"Card Removal","floor":4,"damage_taken":0},{"event_name":"Scrap Ooze","player_choice":"success","floor":8,"damage_taken":3},{"event_name":"Drug Dealer","player_choice":"Got JAXXED","floor":20,"damage_taken":0},{"event_name":"Bonfire Elementals","player_choice":"UNCOMMON","floor":22,"damage_taken":0},{"event_name":"Accursed Blacksmith","player_choice":"Rummage","floor":27,"damage_taken":0}],"boss_relics":[{"not_picked":["Black Star","Runic Dome"],"picked":"Sozu"}],"potions_floor_spawned":[1,6,10,13,19,24,28],"seed_played":"3537735292439661864","killed_by":"Slavers","ascension_level":0,"is_trial":false}