{"gold_per_floor":[113,113,129,79,79,118,134,134,180,180,203,217,6,29,29,150,150,175,191,211,224,239,239,270,270],"floor_reached":25,"playtime":809,"items_purged":[],"score":302,"play_id":"039b09cc-3f19-4be4-99eb-006960f513c4","local_time":"20181110021155","is_ascension_mode":true,"campfire_choices":[{"data":"Perfected Strike","floor":8,"key":"SMITH"},{"data":"Perfected Strike","floor":10,"key":"SMITH"},{"data":"Perfected Strike","floor":15,"key":"SMITH"},{"floor":23,"key":"REST"}],"neow_cost":"NONE","seed_source_timestamp":542152111096519,"circlet_count":0,"master_deck":["Strike_R","Strike_R","Strike_R","Strike_R","Strike_R","Defend_R","Defend_R","Defend_R","Bash","Perfected Strike+1","Twin Strike","Perfected Strike+1","Rampage","Perfected Strike","Pommel Strike","Perfected Strike+1","Flash of Steel","Disarm","Twin Strike","Iron Wave","Metallicize","Metallicize","Armaments+1"],"relics":["Burning Blood","NeowsBlessing","GremlinMask","Golden Idol","Boot","Bag of Marbles","Pear"],"potions_floor_usage":[16,22,22,24,25],"damage_taken":[{"damage":0,"enemies":"2 Louse","floor":1,"turns":1},{"damage":0,"enemies":"Cultist","floor":3,"turns":1},{"damage":0,"enemies":"3 Sentries","floor":6,"turns":2},{"damage":8,"enemies":"Small Slimes","floor":7,"turns":3},{"damage":0,"enemies":"Exordium Wildlife","floor":11,"turns":2},{"damage":10,"enemies":"Gremlin Gang","floor":12,"turns":4},{"damage":0,"enemies":"2 Fungi Beasts","floor":14,"turns":2},{"damage":47,"enemies":"Hexaghost","floor":16,"turns":6},{"damage":20,"enemies":"Shell Parasite","floor":18,"turns":3},{"damage":12,"enemies":"Chosen","floor":19,"turns":2},{"damage":21,"enemies":"Snake Plant","floor":20,"turns":2},{"damage":33,"enemies":"Centurion and Healer","floor":21,"turns":4},{"damage":0,"enemies":"Chosen and Byrds","floor":22,"turns":4},{"damage":49,"enemies":"Book of Stabbing","floor":24,"turns":5},{"damage":8,"enemies":"Snake Plant","floor":25,"turns":3}],"seed_played":"4007256534085830620","potions_obtained":[{"floor":6,"key":"LiquidBronze"},{"floor":7,"key":"BloodPotion"},{"floor":11,"key":"SkillPotion"},{"floor":19,"key":"EssenceOfSteel"},{"floor":24,"key":"EssenceOfSteel"}],"is_trial":false,"path_per_floor":["M","?","M","?","?","E","M","R","T","R","M","M","$","M","R","B",null,"M","M","M","M","M","R","E","M"],"character_chosen":"IRONCLAD","items_purchased":["Perfected Strike","Flash of Steel","Disarm"],"campfire_rested":1,"item_purchase_floors":[13,13,13],"current_hp_per_floor":[80,80,80,80,60,66,64,64,64,64,70,66,66,72,72,31,80,66,60,45,18,32,56,23,15],"gold":270,"neow_bonus":"THREE_ENEMY_KILL","is_prod":false,"is_daily":false,"chose_seed":false,"campfire_upgraded":3,"win_rate":0,"timestamp":1541833915,"path_taken":["M","?","?","?","?","E","M","R","T","R","M","M","?","M","R","BOSS","M","?","M","?","M","R","E","M"],"build_version":"2018-11-08","purchased_purges":0,"victory":false,"max_hp_per_floor":[80,80,80,80,80,80,80,80,80,80,80,80,80,80,80,80,80,80,80,80,80,80,80,90,90],"card_choices":[{"not_picked":["Infernal Blade","Body Slam"],"picked":"Perfected Strike","floor":1},{"not_picked":["Warcry","Ghostly Armor"],"picked":"Twin Strike","floor":3},{"not_picked":["Flex","Infernal Blade"],"picked":"Perfected Strike","floor":6},{"not_picked":["Inflame","Dropkick"],"picked":"Rampage","floor":7},{"not_picked":["Shrug It Off","Wild Strike"],"picked":"Perfected Strike","floor":11},{"not_picked":["Heavy Blade","Carnage"],"picked":"Pommel Strike","floor":12},{"not_picked":["Headbutt","Rupture"],"picked":"Twin Strike","floor":14},{"not_picked":["Wild Strike","Evolve"],"picked":"Iron Wave","floor":18},{"not_picked":["Heavy Blade+1","Pommel Strike+1"],"picked":"Metallicize","floor":19},{"not_picked":["Shockwave","Uppercut"],"picked":"Metallicize","floor":20},{"not_picked":["Rupture","Spot Weakness+1","Exhume"],"picked":"SKIP","floor":21},{"not_picked":["Combust","Body Slam","Flex"],"picked":"SKIP","floor":22},{"not_picked":["Spot Weakness","Havoc"],"picked":"Armaments+1","floor":24}],"player_experience":780782,"relics_obtained":[{"floor":6,"key":"Boot"},{"floor":9,"key":"Bag of Marbles"},{"floor":24,"key":"Pear"}],"event_choices":[{"damage_healed":0,"gold_gain":0,"player_choice":"Trade","damage_taken":0,"relics_obtained":["GremlinMask"],"max_hp_gain":0,"max_hp_loss":0,"event_name":"FaceTrader","floor":2,"gold_loss":0},{"cards_removed":["Defend_R"],"damage_healed":0,"gold_gain":0,"player_choice":"Card Removal","damage_taken":0,"max_hp_gain":0,"max_hp_loss":0,"event_name":"The Cleric","floor":4,"gold_loss":50},{"damage_healed":0,"gold_gain":0,"player_choice":"Take Damage","damage_taken":20,"relics_obtained":["Golden Idol"],"max_hp_gain":0,"max_hp_loss":0,"event_name":"Golden Idol","floor":5,"gold_loss":0}],"is_beta":false,"boss_relics":[{"not_picked":["Runic Dome","Runic Pyramid","Pandora\u0027s Box"]}],"items_purged_floors":[],"is_endless":false,"potions_floor_spawned":[6,7,11,14,19,24],"killed_by":"Snake Plant","ascension_level":2}