{"gold_per_floor":[17,34,34,51,51,51,79,92,92,92,104,67,81,81,81,181,181,200,212,212,229,229,255,255],"floor_reached":24,"playtime":1072,"items_purged":[],"score":262,"play_id":"6e8d5ed8-fec2-47a1-9f6c-b3df411ce46c","local_time":"20190222172531","is_ascension_mode":true,"campfire_choices":[{"data":"1","floor":6,"key":"LIFT"},{"floor":10,"key":"REST"},{"floor":15,"key":"REST"}],"neow_cost":"NO_GOLD","seed_source_timestamp":690814051603600,"circlet_count":0,"master_deck":["Defend_B+1","Defend_B+1","Zap","Dualcast","Ball Lightning","Storm","Ball Lightning","Double Energy","Conserve Battery","Defragment+1","Self Repair+1","Seek","Rainbow","Reinforced Body+1","Genetic Algorithm+1","Cold Snap+1","Heatsinks+1","Defragment+1","Defragment+1","Tempest"],"relics":["Cracked Core","Girya","Omamori","Frozen Egg 2","StoneCalendar","Astrolabe","Art of War"],"potions_floor_usage":[7,16,19],"damage_taken":[{"damage":7,"enemies":"Jaw Worm","floor":1,"turns":3},{"damage":1,"enemies":"Cultist","floor":2,"turns":3},{"damage":2,"enemies":"2 Louse","floor":4,"turns":2},{"damage":24,"enemies":"Gremlin Nob","floor":7,"turns":4},{"damage":7,"enemies":"Exordium Thugs","floor":8,"turns":4},{"damage":3,"enemies":"Blue Slaver","floor":11,"turns":3},{"damage":11,"enemies":"Lots of Slimes","floor":13,"turns":3},{"damage":26,"enemies":"The Guardian","floor":16,"turns":6},{"damage":7,"enemies":"Shell Parasite","floor":18,"turns":5},{"damage":10,"enemies":"2 Thieves","floor":19,"turns":4},{"damage":25,"enemies":"Snake Plant","floor":21,"turns":4},{"damage":37,"enemies":"Book of Stabbing","floor":23,"turns":5},{"damage":25,"enemies":"Colosseum Slavers","floor":24,"turns":2}],"seed_played":"1730197071066977371","potions_obtained":[{"floor":2,"key":"Weak Potion"},{"floor":7,"key":"FocusPotion"},{"floor":8,"key":"SteroidPotion"},{"floor":11,"key":"SteroidPotion"},{"floor":18,"key":"Energy Potion"},{"floor":21,"key":"FocusPotion"}],"is_trial":false,"path_per_floor":["M","M","?","M","?","R","E","M","T","R","M","$","M","?","R","B",null,"M","M","?","M","?","E","?"],"character_chosen":"DEFECT","items_purchased":["Self Repair+1"],"campfire_rested":2,"item_purchase_floors":[12],"current_hp_per_floor":[68,67,67,65,65,65,41,34,34,56,53,53,42,42,64,48,75,75,75,75,50,50,23,0],"gold":255,"neow_bonus":"ONE_RARE_RELIC","is_prod":false,"is_daily":false,"chose_seed":false,"campfire_upgraded":0,"win_rate":0,"timestamp":1550874331,"path_taken":["M","M","?","?","?","R","E","M","T","R","M","?","M","?","R","BOSS","M","M","?","?","?","E","?"],"build_version":"2019-01-23","purchased_purges":0,"victory":false,"max_hp_per_floor":[75,75,75,75,75,75,75,75,75,75,75,75,75,75,75,75,75,75,75,75,75,75,75,75],"card_choices":[{"not_picked":["Undo","Barrage"],"picked":"Ball Lightning","floor":1},{"not_picked":["Steam Power","Cold Snap"],"picked":"Storm","floor":2},{"not_picked":["Self Repair","Hologram"],"picked":"Ball Lightning","floor":4},{"not_picked":["Gash","Darkness"],"picked":"Double Energy","floor":7},{"not_picked":["Blizzard","Gash"],"picked":"Conserve Battery","floor":8},{"not_picked":["Steam","Skim"],"picked":"Defragment+1","floor":11},{"not_picked":["Doom and Gloom","Auto Shields"],"picked":"Seek","floor":13},{"not_picked":["Machine Learning+1","Hyperbeam"],"picked":"Rainbow","floor":16},{"not_picked":["Stack","Sweeping Beam"],"picked":"Heatsinks+1","floor":18},{"not_picked":["Go for the Eyes","Turbo"],"picked":"Defragment+1","floor":19},{"not_picked":["Leap","Turbo+1"],"picked":"Defragment+1","floor":21},{"not_picked":["Beam Cell","Hologram"],"picked":"Tempest","floor":23}],"player_experience":519323,"relics_obtained":[{"floor":7,"key":"Omamori"},{"floor":9,"key":"Frozen Egg 2"},{"floor":23,"key":"Art of War"}],"event_choices":[{"cards_removed":["Strike_B"],"damage_healed":0,"gold_gain":0,"player_choice":"Offered Basic","damage_taken":0,"max_hp_gain":0,"max_hp_loss":0,"event_name":"Bonfire Elementals","floor":3,"gold_loss":0},{"cards_removed":["Strike_B"],"damage_healed":0,"gold_gain":0,"player_choice":"Purged","damage_taken":0,"max_hp_gain":0,"max_hp_loss":0,"event_name":"Purifier","floor":5,"gold_loss":0},{"damage_healed":0,"gold_gain":0,"player_choice":"Box","damage_taken":0,"relics_obtained":["StoneCalendar"],"max_hp_gain":0,"max_hp_loss":0,"event_name":"Big Fish","floor":14,"gold_loss":0,"cards_obtained":["Regret"]},{"cards_removed":["Defend_B"],"damage_healed":0,"gold_gain":0,"player_choice":"Purged","damage_taken":0,"max_hp_gain":0,"max_hp_loss":0,"event_name":"Purifier","floor":20,"gold_loss":0},{"damage_healed":0,"gold_gain":0,"player_choice":"Simplicity","damage_taken":0,"max_hp_gain":0,"max_hp_loss":0,"event_name":"Back to Basics","floor":22,"gold_loss":0,"cards_upgraded":["Defend_B","Defend_B"]},{"damage_healed":0,"gold_gain":0,"player_choice":"Fight","damage_taken":0,"max_hp_gain":0,"max_hp_loss":0,"event_name":"Colosseum","floor":24,"gold_loss":0}],"is_beta":false,"boss_relics":[{"not_picked":["Calling Bell","Fusion Hammer"],"picked":"Astrolabe"}],"items_purged_floors":[],"is_endless":false,"potions_floor_spawned":[2,7,8,11,18,21],"killed_by":"Colosseum Slavers","ascension_level":4}