{"gold_per_floor":[115,115,130,148,164,164,193,205,217,205,217,264,288,320,332,417,429,429,429,384,384,384,384,384,384,384,324,324,90,90,90,90,90],"floor_reached":33,"playtime":3602,"items_purged":["Strike_B","Strike_B"],"score":434,"play_id":"782dfa43-b793-49e2-a569-9e052547a220","local_time":"20190227181600","is_ascension_mode":true,"campfire_choices":[{"data":"Zap","floor":6,"key":"SMITH"},{"floor":8,"key":"REST"},{"data":"Lockon","floor":15,"key":"SMITH"},{"data":"Electrodynamics","floor":23,"key":"SMITH"},{"floor":25,"key":"REST"},{"data":"Recycle","floor":30,"key":"SMITH"},{"data":"Darkness","floor":32,"key":"SMITH"}],"neow_cost":"NONE","seed_source_timestamp":198844439231700,"circlet_count":0,"master_deck":["AscendersBane","Strike_B","Defend_B","Defend_B","Defend_B","Defend_B","Zap+1","Dualcast","BootSequence","Ball Lightning","Glacier","Lockon+1","Leap","Core Surge","Sweeping Beam","Electrodynamics+1","Capacitor","Conserve Battery","Recycle+1","Darkness+1","RitualDagger"],"relics":["Cracked Core","The Courier","Dead Branch","Pear","Vajra","Ectoplasm","Nloth\u0027s Gift","Runic Capacitor"],"potions_floor_usage":[7,12,16,18,33],"damage_taken":[{"damage":0,"enemies":"Cultist","floor":1,"turns":4},{"damage":0,"enemies":"Jaw Worm","floor":3,"turns":3},{"damage":0,"enemies":"Small Slimes","floor":4,"turns":4},{"damage":0,"enemies":"Blue Slaver","floor":5,"turns":4},{"damage":16,"enemies":"3 Sentries","floor":7,"turns":7},{"damage":11,"enemies":"Lagavulin","floor":12,"turns":6},{"damage":4,"enemies":"Large Slime","floor":13,"turns":4},{"damage":0,"enemies":"Exordium Thugs","floor":14,"turns":4},{"damage":10,"enemies":"The Guardian","floor":16,"turns":13},{"damage":0,"enemies":"3 Byrds","floor":18,"turns":3},{"damage":7,"enemies":"2 Thieves","floor":20,"turns":3},{"damage":22,"enemies":"Snake Plant","floor":21,"turns":5},{"damage":5,"enemies":"Centurion and Healer","floor":22,"turns":6},{"damage":61,"enemies":"Collector","floor":33,"turns":6}],"seed_played":"-2336666114894635695","potions_obtained":[{"floor":3,"key":"FocusPotion"},{"floor":4,"key":"AttackPotion"},{"floor":7,"key":"SteroidPotion"},{"floor":13,"key":"Weak Potion"},{"floor":16,"key":"SkillPotion"},{"floor":18,"key":"AttackPotion"}],"is_trial":false,"path_per_floor":["M","T","M","M","M","R","E","R","T","?","T","E","M","M","R","B",null,"M","?","M","M","M","R","?","R","T","$","?","$","R","?","R","B"],"character_chosen":"DEFECT","items_purchased":["Runic Capacitor"],"campfire_rested":2,"item_purchase_floors":[29],"current_hp_per_floor":[64,64,64,64,64,64,48,69,69,69,79,68,64,64,64,54,74,74,74,67,45,40,40,34,58,58,58,58,58,58,58,58,0],"gold":90,"neow_bonus":"TRANSFORM_CARD","is_prod":false,"is_daily":false,"chose_seed":false,"campfire_upgraded":5,"win_rate":0,"timestamp":1551309360,"path_taken":["M","?","M","M","M","R","E","R","T","?","?","E","M","M","R","BOSS","M","?","M","?","M","R","?","R","T","$","?","?","R","?","R","BOSS"],"build_version":"2019-01-23","purchased_purges":2,"victory":false,"max_hp_per_floor":[71,71,71,71,71,71,71,71,71,71,81,81,81,81,81,81,81,81,81,81,81,81,81,81,81,81,81,81,81,81,81,81,81],"card_choices":[{"not_picked":["Hologram","Cold Snap"],"picked":"Ball Lightning","floor":1},{"not_picked":["Barrage","Force Field"],"picked":"Glacier","floor":3},{"not_picked":["Force Field","Redo","Steam"],"picked":"SKIP","floor":4},{"not_picked":["Darkness","Gash"],"picked":"Lockon","floor":5},{"not_picked":["Lockon","Steam"],"picked":"Leap","floor":7},{"not_picked":["Self Repair","Cold Snap"],"picked":"Core Surge","floor":12},{"not_picked":["Turbo","Steam","Gash"],"picked":"SKIP","floor":13},{"not_picked":["Sunder","Gash"],"picked":"Sweeping Beam","floor":14},{"not_picked":["Machine Learning","Seek"],"picked":"Electrodynamics","floor":16},{"not_picked":["Blizzard","Sunder"],"picked":"Capacitor","floor":18},{"not_picked":["Stack","Turbo"],"picked":"Conserve Battery","floor":20},{"not_picked":["Hologram","Glacier"],"picked":"Recycle","floor":21},{"not_picked":["Streamline","Stack+1"],"picked":"Darkness","floor":22}],"player_experience":1391916,"relics_obtained":[{"floor":2,"key":"The Courier"},{"floor":7,"key":"MawBank"},{"floor":9,"key":"Dead Branch"},{"floor":11,"key":"Pear"},{"floor":12,"key":"Vajra"}],"event_choices":[{"damage_healed":0,"gold_gain":0,"player_choice":"Left Gold","damage_taken":0,"max_hp_gain":0,"max_hp_loss":0,"event_name":"World of Goop","floor":10,"gold_loss":24},{"damage_healed":0,"gold_gain":0,"player_choice":"Traded Relic","damage_taken":0,"relics_obtained":["Nloth\u0027s Gift"],"max_hp_gain":0,"max_hp_loss":0,"event_name":"N\u0027loth","floor":19,"relics_lost":["MawBank"],"gold_loss":0},{"damage_healed":0,"gold_gain":0,"player_choice":"Joined the Cult","damage_taken":6,"max_hp_gain":0,"max_hp_loss":0,"event_name":"Nest","floor":24,"gold_loss":0,"cards_obtained":["RitualDagger"]},{"damage_healed":0,"gold_gain":0,"player_choice":"Ignored","damage_taken":0,"max_hp_gain":0,"max_hp_loss":0,"event_name":"Ghosts","floor":28,"gold_loss":0},{"damage_healed":0,"gold_gain":0,"player_choice":"Ignored","damage_taken":0,"max_hp_gain":0,"max_hp_loss":0,"event_name":"Cursed Tome","floor":31,"gold_loss":0}],"is_beta":false,"boss_relics":[{"not_picked":["Philosopher\u0027s Stone","Lizard Tail"],"picked":"Ectoplasm"}],"items_purged_floors":[27,29],"is_endless":false,"potions_floor_spawned":[3,4,7,13,14,16,18,21],"killed_by":"Collector","ascension_level":14}