{"gold_per_floor":[109,109,122,132,147,147,181,181,181,181,197,224,224,240,240,337,337,353,372,387,418,429,429,757,768,791,822,204,129,129,129,129,232,232,247,247,60,71,81,81,112,132,132,132,145,177,196,212,212,212],"floor_reached":50,"playtime":10272,"items_purged":["Strike_G"],"score":556,"play_id":"d8e1c1d3-19a0-4dcf-a223-60c349773dd4","local_time":"20190228233143","is_ascension_mode":false,"campfire_choices":[{"data":"Neutralize","floor":6.0,"key":"SMITH"},{"data":"Noxious Fumes","floor":10.0,"key":"SMITH"},{"data":"Dagger Throw","floor":13.0,"key":"SMITH"},{"data":"PiercingWail","floor":15.0,"key":"SMITH"},{"data":"Cloak And Dagger","floor":23.0,"key":"SMITH"},{"data":"Cloak And Dagger","floor":30.0,"key":"SMITH"},{"data":"Well Laid Plans","floor":32.0,"key":"SMITH"},{"floor":40.0,"key":"REST"},{"floor":44.0,"key":"REST"},{"floor":49.0,"key":"REST"}],"neow_cost":"NONE","seed_source_timestamp":21460497199000,"circlet_count":0,"master_deck":["Defend_G","Defend_G","Defend_G","Defend_G+1","Defend_G","Strike_G","Strike_G+1","Strike_G","Survivor+1","Neutralize+1","Corpse Explosion","Dagger Throw+1","Choke","PiercingWail+1","Noxious Fumes+1","Deflect","PiercingWail","Cloak And Dagger+1","Well Laid Plans+1","Acrobatics+1","Cloak And Dagger+1","Skewer+1","Decay","Dash","Blur+1","Backflip+1","Dagger Spray+1","Catalyst","Deflect+1","Concentrate+1"],"special_seed":0,"relics":["Ring of the Snake","Lantern","Letter Opener","Mango","Velvet Choker","Red Mask","Old Coin","Ancient Tea Set","War Paint","StoneCalendar","Sundial","Black Star","Happy Flower","Bottled Lightning","Potion Belt","Juzu Bracelet","Bag of Marbles","Darkstone Periapt"],"potions_floor_usage":[50],"damage_taken":[{"damage":1.0,"enemies":"Small Slimes","floor":1.0,"turns":4.0},{"damage":0.0,"enemies":"Jaw Worm","floor":3.0,"turns":4.0},{"damage":1.0,"enemies":"2 Louse","floor":4.0,"turns":2.0},{"damage":2.0,"enemies":"Gremlin Gang","floor":5.0,"turns":3.0},{"damage":17.0,"enemies":"Lagavulin","floor":7.0,"turns":7.0},{"damage":0.0,"enemies":"Large Slime","floor":11.0,"turns":5.0},{"damage":9.0,"enemies":"3 Sentries","floor":12.0,"turns":4.0},{"damage":0.0,"enemies":"Blue Slaver","floor":14.0,"turns":2.0},{"damage":3.0,"enemies":"Slime Boss","floor":16.0,"turns":10.0},{"damage":12.0,"enemies":"Chosen","floor":18.0,"turns":5.0},{"damage":0.0,"enemies":"Spheric Guardian","floor":19.0,"turns":5.0},{"damage":3.0,"enemies":"Shelled Parasite and Fungi","floor":20.0,"turns":5.0},{"damage":0.0,"enemies":"Masked Bandits","floor":21.0,"turns":2.0},{"damage":5.0,"enemies":"Chosen and Byrds","floor":22.0,"turns":6.0},{"damage":7.0,"enemies":"Slavers","floor":24.0,"turns":3.0},{"damage":0.0,"enemies":"Cultist and Chosen","floor":25.0,"turns":3.0},{"damage":15.0,"enemies":"Gremlin Leader","floor":27.0,"turns":6.0},{"damage":33.0,"enemies":"Collector","floor":33.0,"turns":7.0},{"damage":27.0,"enemies":"Orb Walker","floor":35.0,"turns":6.0},{"damage":0.0,"enemies":"3 Shapes","floor":38.0,"turns":4.0},{"damage":26.0,"enemies":"Spire Growth","floor":39.0,"turns":7.0},{"damage":33.0,"enemies":"Giant Head","floor":41.0,"turns":8.0},{"damage":0.0,"enemies":"3 Darklings","floor":42.0,"turns":4.0},{"damage":2.0,"enemies":"Jaw Worm Horde","floor":45.0,"turns":5.0},{"damage":11.0,"enemies":"Reptomancer","floor":46.0,"turns":7.0},{"damage":17.0,"enemies":"Spire Growth","floor":47.0,"turns":5.0},{"damage":0.0,"enemies":"Sphere and 2 Shapes","floor":48.0,"turns":3.0},{"damage":63,"enemies":"Time Eater","floor":50,"turns":10}],"seed_played":"2868638921691024257","potions_obtained":[{"floor":7.0,"key":"SpeedPotion"},{"floor":12.0,"key":"Poison Potion"},{"floor":16.0,"key":"Regen Potion"},{"floor":18.0,"key":"EssenceOfSteel"},{"floor":19.0,"key":"Block Potion"},{"floor":21.0,"key":"Energy Potion"},{"floor":25.0,"key":"Dexterity Potion"},{"floor":27.0,"key":"Strength Potion"},{"floor":33.0,"key":"Dexterity Potion"},{"floor":36.0,"key":"Weak Potion"},{"floor":38.0,"key":"Strength Potion"},{"floor":45.0,"key":"Weak Potion"},{"floor":46.0,"key":"Weak Potion"},{"floor":48.0,"key":"Regen Potion"}],"is_trial":false,"path_per_floor":["M","?","M","M","M","R","E","?","T","R","M","E","R","M","R","B",null,"M","M","M","?","M","R","E","M","T","E","$","?","R","?","R","B",null,"M","?","$","M","M","R","E","M","T","R","M","E","M","M","R","B"],"character_chosen":"THE_SILENT","items_purchased":["StoneCalendar","Sundial","Dash","Happy Flower"],"campfire_rested":3,"item_purchase_floors":[28,28,37,37],"current_hp_per_floor":[69,55,55,54,52,52,35,35,35,35,35,40,40,40,40,37,84,72,72,69,69,64,64,69,69,69,54,54,54,54,54,54,21,84,57,57,57,57,31,56,23,23,23,48,46,35,18,18,43,0],"gold":212,"neow_bonus":"ONE_RANDOM_RARE_CARD","is_prod":false,"is_daily":false,"chose_seed":false,"campfire_upgraded":7,"win_rate":0,"timestamp":1551425503,"path_taken":["M","?","M","M","M","R","E","?","T","R","M","E","R","M","R","BOSS","M","M","M","?","M","R","E","M","T","E","$","?","R","?","R","BOSS","M","?","$","?","M","R","E","M","T","R","M","E","M","M","R","BOSS"],"build_version":"2019-01-23","purchased_purges":1,"victory":false,"max_hp_per_floor":[70,70,70,70,70,70,70,70,70,70,70,84,84,84,84,84,84,84,84,84,84,84,84,84,84,84,84,84,84,84,84,84,84,84,84,84,84,84,84,84,84,84,84,84,84,84,84,84,84,84],"card_choices":[{"not_picked":["Deflect","Dodge and Roll"],"picked":"Dagger Throw","floor":1.0},{"not_picked":["Backflip","Tactician"],"picked":"Choke","floor":3.0},{"not_picked":["Deflect","Prepared"],"picked":"PiercingWail","floor":4.0},{"not_picked":["Caltrops","Cloak And Dagger"],"picked":"Noxious Fumes","floor":5.0},{"not_picked":["Accuracy","Venomology","Slice"],"picked":"SKIP","floor":7.0},{"not_picked":["Accuracy","Venomology","Slice"],"picked":"SKIP","floor":7.0},{"not_picked":["Blade Dance","Slice"],"picked":"Deflect","floor":11.0},{"not_picked":["Tactician","Riddle With Holes","Bouncing Flask"],"picked":"SKIP","floor":12.0},{"not_picked":["Quick Slash","Bane","Eviscerate"],"picked":"SKIP","floor":14.0},{"not_picked":["Accuracy","Flying Knee+1"],"picked":"PiercingWail","floor":18.0},{"not_picked":["Poisoned Stab+1","Quick Slash"],"picked":"Cloak And Dagger","floor":19.0},{"not_picked":["Envenom","Dodge and Roll"],"picked":"Well Laid Plans","floor":20.0},{"not_picked":["Deflect","Blade Dance+1"],"picked":"Acrobatics","floor":21.0},{"not_picked":["Catalyst","Deadly Poison+1","Concentrate"],"picked":"SKIP","floor":22.0},{"not_picked":["Eviscerate","Blur"],"picked":"Cloak And Dagger","floor":24.0},{"not_picked":["Quick Slash","Acrobatics","Expertise+1"],"picked":"SKIP","floor":25.0},{"not_picked":["Underhanded Strike","Catalyst"],"picked":"Skewer+1","floor":27.0},{"not_picked":["Bane+1","Quick Slash","Tactician+1"],"picked":"SKIP","floor":35.0},{"not_picked":["Expertise+1","Heel Hook+1","Blade Dance"],"picked":"SKIP","floor":38.0},{"not_picked":["Expertise+1","Heel Hook+1","Blade Dance"],"picked":"SKIP","floor":38.0},{"not_picked":["Poisoned Stab+1","Flechettes"],"picked":"Blur+1","floor":39.0},{"not_picked":["Cloak And Dagger","Escape Plan","Choke+1"],"picked":"SKIP","floor":41.0},{"not_picked":["Heel Hook+1","Slice+1"],"picked":"Backflip+1","floor":42.0},{"not_picked":["Riddle With Holes","Skewer+1"],"picked":"Dagger Spray+1","floor":45.0},{"not_picked":["Dodge and Roll+1","PiercingWail"],"picked":"Catalyst","floor":46.0},{"not_picked":["Choke","Terror+1"],"picked":"Deflect+1","floor":47.0},{"not_picked":["Dagger Spray","Slice"],"picked":"Concentrate+1","floor":48.0}],"player_experience":61164,"relics_obtained":[{"floor":7.0,"key":"Lantern"},{"floor":9.0,"key":"Letter Opener"},{"floor":12.0,"key":"Mango"},{"floor":21.0,"key":"Red Mask"},{"floor":24.0,"key":"Old Coin"},{"floor":26.0,"key":"Ancient Tea Set"},{"floor":27.0,"key":"War Paint"},{"floor":41.0,"key":"Bottled Lightning"},{"floor":41.0,"key":"Potion Belt"},{"floor":43.0,"key":"Juzu Bracelet"},{"floor":46.0,"key":"Bag of Marbles"},{"floor":46.0,"key":"Darkstone Periapt"}],"event_choices":[{"damage_healed":0.0,"max_hp_gain":0.0,"max_hp_loss":0.0,"gold_gain":0.0,"event_name":"Shining Light","player_choice":"Entered Light","floor":2.0,"gold_loss":0.0,"damage_taken":14.0,"cards_upgraded":["Survivor","Strike_G"]},{"damage_healed":0.0,"max_hp_gain":0.0,"max_hp_loss":0.0,"gold_gain":0.0,"event_name":"Liars Game","player_choice":"Ignored","floor":8.0,"gold_loss":0.0,"damage_taken":0.0},{"damage_healed":0.0,"max_hp_gain":0.0,"max_hp_loss":0.0,"gold_gain":0.0,"event_name":"Masked Bandits","player_choice":"Fought Bandits","floor":21.0,"gold_loss":0.0,"damage_taken":0.0},{"cards_removed":["Strike_G"],"damage_healed":0.0,"max_hp_gain":0.0,"max_hp_loss":0.0,"gold_gain":0.0,"event_name":"Beggar","player_choice":"Gave Gold","floor":29.0,"gold_loss":75.0,"damage_taken":0.0},{"damage_healed":0.0,"max_hp_gain":0.0,"max_hp_loss":0.0,"gold_gain":0.0,"event_name":"Forgotten Altar","player_choice":"Smashed Altar","floor":31.0,"gold_loss":0.0,"damage_taken":0.0,"cards_obtained":["Decay"]},{"damage_healed":0.0,"max_hp_gain":0.0,"max_hp_loss":0.0,"gold_gain":0.0,"event_name":"Lab","player_choice":"Got Potions","floor":36.0,"gold_loss":0.0,"damage_taken":0.0}],"is_beta":false,"boss_relics":[{"not_picked":["Cursed Key","Ring of the Serpent"],"picked":"Velvet Choker"},{"not_picked":["HoveringKite","Eternal Feather"],"picked":"Black Star"}],"items_purged_floors":[28],"is_endless":false,"potions_floor_spawned":[7,12,16,18,19,21,25,27,33,38,45,46,48],"killed_by":"Time Eater","ascension_level":0}