{"path_per_floor":["M","?","M","?","?","M","M","R","T","M","?","M","M","M","R","B",null,"M","M"],"character_chosen":"THE_SILENT","items_purchased":[],"gold_per_floor":[113,113,131,231,306,319,333,333,356,367,367,381,391,403,403,508,508,521,501],"floor_reached":20,"campfire_rested":1,"playtime":1508,"current_hp_per_floor":[63,63,63,63,52,50,39,57,57,57,57,53,52,46,46,11,63,29,15],"items_purged":[],"gold":501,"play_id":"8cc2fec1-88b7-4644-8c96-e14111317d4e","is_prod":false,"is_daily":false,"is_ascension_mode":false,"campfire_upgraded":1,"path_taken":["M","?","M","?","?","M","M","R","T","M","?","M","M","M","R","BOSS","M","M","M"],"build_version":"2018-02-01-PROD3","purchased_purges":0,"victory":false,"master_deck":["Defend_G","Defend_G","Defend_G","Defend_G","Defend_G","Strike_G","Strike_G","Strike_G","Strike_G","Strike_G","Survivor","Neutralize","Unload","Calculated Gamble+1","Choke+1","Acrobatics","Acrobatics","Backflip","Outmaneuver","Calculated Gamble","Backflip","Envenom","Underhanded Strike","Dagger Throw","Dash","Blur","Footwork","Dagger Throw+1","Infinite Blades"],"max_hp_per_floor":[63,63,63,63,63,63,63,63,63,63,63,63,63,63,63,63,63,63,63],"relics":["Ring of the Snake","Pen Nib","Orrery"],"card_choices":[{"not_picked":["Night Terror","Die Die Die"],"picked":"Unload"},{"not_picked":["Terror","Backflip"],"picked":"Calculated Gamble"},{"not_picked":["Deadly Poison","Deflect"],"picked":"Choke"},{"not_picked":["Deflect","Deadly Poison"],"picked":"Acrobatics"},{"not_picked":["Masterful Stab","Quick Slash"],"picked":"Acrobatics"},{"not_picked":["Finisher","Sucker Punch"],"picked":"Backflip"},{"not_picked":["Eviscerate","Burst"],"picked":"Outmaneuver"},{"not_picked":["Heel Hook","Dodge and Roll"],"picked":"Calculated Gamble"},{"not_picked":["Sucker Punch","Flying Knee"],"picked":"Backflip"},{"not_picked":["Doppelganger","Burst"],"picked":"Envenom"},{"not_picked":["Slice","Distraction"],"picked":"Underhanded Strike"},{"not_picked":["Dodge and Roll","Bane"],"picked":"Dagger Throw"},{"not_picked":["Deadly Poison","Catalyst"],"picked":"Dash"},{"not_picked":["PiercingWail","Deflect"],"picked":"Blur"},{"not_picked":["Bouncing Flask","Slice"],"picked":"Footwork"},{"not_picked":["Caltrops","Well Laid Plans"],"picked":"Dagger Throw"},{"not_picked":["Blade Dance","Caltrops"],"picked":"Infinite Blades"}],"player_experience":45626,"potions_floor_usage":[16,16,20,20,20],"damage_taken":[{"damage":0,"enemies":"Jaw Worm","floor":1,"turns":4},{"damage":0,"enemies":"Small Slimes","floor":3,"turns":3},{"damage":2,"enemies":"Blue Slaver","floor":6,"turns":4},{"damage":11,"enemies":"2 Fungi Beasts","floor":7,"turns":3},{"damage":0,"enemies":"Looter","floor":10,"turns":4},{"damage":4,"enemies":"3 Louse","floor":12,"turns":3},{"damage":1,"enemies":"2 Fungi Beasts","floor":13,"turns":3},{"damage":6,"enemies":"Gremlin Gang","floor":14,"turns":6},{"damage":50,"enemies":"The Guardian","floor":16,"turns":16},{"damage":34,"enemies":"Spheric Guardian","floor":18,"turns":12},{"damage":14,"enemies":"2 Thieves","floor":19,"turns":4},{"damage":17,"enemies":"Chosen and Byrds","floor":20,"turns":3}],"event_choices":[{"event_name":"Liars Game","player_choice":"disagreed","floor":2,"damage_taken":0},{"event_name":"Golden Shrine","player_choice":"Pray","floor":4,"damage_taken":0},{"event_name":"World of Goop","player_choice":"Gather Gold","floor":5,"damage_taken":0},{"event_name":"Upgrade Shrine","player_choice":"Upgraded","floor":11,"damage_taken":0}],"boss_relics":[{"not_picked":["Philosopher\u0027s Stone","Tiny House"],"picked":"Orrery"}],"potions_floor_spawned":[1,7,10,16,18,19],"seed_played":"4280398358808815431","killed_by":"Chosen and Byrds","ascension_level":0,"is_trial":false}