{"gold_per_floor":[117,135,60,60,60,60,89,104,130,142,172,210,240,312,324,412,424,451,474,486,498,529,541,573,596,608,620,652,664,710,91,91,163,163,180,190,290,306,306,325,325,359,407,407,426,426,244,244,244,244],"floor_reached":51,"playtime":3797,"items_purged":["Normality","Decay","Injury"],"score":1393,"play_id":"e783f145-6b9e-432c-8582-e5a42fdd1881","local_time":"20190301141248","is_ascension_mode":true,"campfire_choices":[{"data":"Whirlwind","floor":6.0,"key":"SMITH"},{"data":"True Grit","floor":10.0,"key":"SMITH"},{"data":"Bash","floor":15.0,"key":"SMITH"},{"data":"Intimidate","floor":23.0,"key":"SMITH"},{"data":"Brutality","floor":29.0,"key":"SMITH"},{"data":"Sword Boomerang","floor":32.0,"key":"SMITH"},{"data":"Pummel","floor":41,"key":"SMITH"},{"data":"Feed","floor":44,"key":"SMITH"},{"data":"Havoc","floor":49,"key":"SMITH"}],"neow_cost":"NONE","seed_source_timestamp":0,"circlet_count":0,"master_deck":["AscendersBane","Defend_R","Defend_R","Defend_R","Defend_R+1","Bash+1","True Grit+1","Whirlwind+1","Sword Boomerang+1","Warcry","Intimidate+1","Brutality+1","Reaper","Flex+1","Warcry+1","Headbutt+1","Bite","Bite","Bite","Bite","Bite","Pummel+1","Feed+1","Flex+1","Warcry","Decay","Infernal Blade+1","Purity","Magnetism","Havoc+1"],"special_seed":0,"relics":["Calling Bell","Red Skull","Pear","Incense Burner","Centennial Puzzle","Ice Cream","MawBank","Oddly Smooth Stone","Tiny Chest","Busted Crown","Self Forming Clay","War Paint","Dream Catcher","HandDrill","Torii","Cursed Key","Dead Branch","Lantern","Regal Pillow"],"potions_floor_usage":[33,36,42,50,50],"damage_taken":[{"damage":4.0,"enemies":"2 Louse","floor":1.0,"turns":4.0},{"damage":26.0,"enemies":"Cultist","floor":2.0,"turns":6.0},{"damage":14.0,"enemies":"3 Sentries","floor":7.0,"turns":7.0},{"damage":1.0,"enemies":"Jaw Worm","floor":8.0,"turns":3.0},{"damage":2.0,"enemies":"Exordium Thugs","floor":11.0,"turns":2.0},{"damage":1.0,"enemies":"Blue Slaver","floor":13.0,"turns":2.0},{"damage":0.0,"enemies":"Lagavulin","floor":14.0,"turns":4.0},{"damage":15.0,"enemies":"Hexaghost","floor":16.0,"turns":9.0},{"damage":17.0,"enemies":"Chosen","floor":18.0,"turns":4.0},{"damage":28.0,"enemies":"Shell Parasite","floor":19.0,"turns":6.0},{"damage":2.0,"enemies":"Sentry and Sphere","floor":22.0,"turns":4.0},{"damage":14.0,"enemies":"Snake Plant","floor":24.0,"turns":4.0},{"damage":14.0,"enemies":"3 Cultists","floor":25.0,"turns":3.0},{"damage":11.0,"enemies":"Centurion and Healer","floor":28.0,"turns":3.0},{"damage":17.0,"enemies":"Slavers","floor":30.0,"turns":3.0},{"damage":42,"enemies":"Automaton","floor":33,"turns":9},{"damage":13,"enemies":"Orb Walker","floor":35,"turns":2},{"damage":15,"enemies":"3 Darklings","floor":36,"turns":3},{"damage":5,"enemies":"Mind Bloom Boss Battle","floor":37,"turns":5},{"damage":20,"enemies":"4 Shapes","floor":38,"turns":3},{"damage":15,"enemies":"Maw","floor":40,"turns":5},{"damage":53,"enemies":"Giant Head","floor":42,"turns":7},{"damage":6,"enemies":"Transient","floor":45,"turns":6},{"damage":33,"enemies":"Awakened One","floor":50,"turns":5}],"seed_played":"-3008260973000222787","potions_obtained":[{"floor":2.0,"key":"Dexterity Potion"},{"floor":7.0,"key":"LiquidBronze"},{"floor":8.0,"key":"Block Potion"},{"floor":11.0,"key":"GamblersBrew"},{"floor":22.0,"key":"BloodPotion"},{"floor":24.0,"key":"SneckoOil"},{"floor":33,"key":"AttackPotion"},{"floor":35,"key":"Swift Potion"},{"floor":38,"key":"PowerPotion"},{"floor":40,"key":"Strength Potion"},{"floor":45,"key":"Weak Potion"}],"is_trial":false,"path_per_floor":["M","M","$","?","$","R","E","M","T","R","M","T","M","E","R","B",null,"M","M","T","?","M","R","M","M","T","?","M","R","E","$","R","B",null,"M","M","?","M","?","M","R","E","T","R","M","?","$","?","R","B",null],"character_chosen":"IRONCLAD","items_purchased":["HandDrill","Torii","Havoc"],"campfire_rested":0,"item_purchase_floors":[31,31,47],"current_hp_per_floor":[74,48,48,48,48,48,34,33,33,33,31,31,30,30,30,15,68,51,23,23,23,21,21,23,33,33,33,32,32,17,17,17,16,48,39,26,45,30,30,33,33,24,24,24,46,36,36,36,36,15],"gold":244,"neow_bonus":"BOSS_RELIC","is_prod":false,"is_daily":false,"chose_seed":false,"campfire_upgraded":9,"win_rate":0,"timestamp":1551417168,"path_taken":["M","M","$","?","?","R","E","M","T","R","M","?","M","E","R","BOSS","M","M","?","?","M","R","?","M","T","?","M","R","E","$","R","BOSS","M","M","?","M","?","M","R","E","T","R","M","?","$","?","R","BOSS"],"build_version":"2019-01-23","purchased_purges":3,"victory":true,"max_hp_per_floor":[85,85,85,85,85,85,85,85,85,85,85,85,85,85,85,85,85,85,85,85,85,85,85,85,85,85,59,59,59,59,59,59,59,59,59,59,59,62,59,59,59,59,59,59,59,59,59,59,59,59],"card_choices":[{"not_picked":["Pummel","Pommel Strike"],"picked":"True Grit","floor":1.0},{"not_picked":["Warcry","Bloodletting"],"picked":"Whirlwind","floor":2.0},{"not_picked":["Feel No Pain","Spot Weakness","Sword Boomerang"],"picked":"SKIP","floor":7.0},{"not_picked":["Heavy Blade","Anger"],"picked":"Sword Boomerang","floor":8.0},{"not_picked":["Cleave","Iron Wave"],"picked":"Warcry","floor":11.0},{"not_picked":["Perfected Strike","Heavy Blade"],"picked":"Intimidate","floor":13.0},{"not_picked":["Fire Breathing","Pommel Strike"],"picked":"Brutality","floor":14.0},{"not_picked":["Juggernaut","Immolate"],"picked":"Reaper","floor":16.0},{"not_picked":["Perfected Strike"],"picked":"SKIP","floor":18.0},{"not_picked":[],"picked":"Flex","floor":19.0},{"not_picked":[],"picked":"Warcry","floor":22.0},{"not_picked":["Clash"],"picked":"SKIP","floor":24.0},{"not_picked":[],"picked":"Headbutt+1","floor":25.0},{"not_picked":[],"picked":"Pummel","floor":28.0},{"not_picked":[],"picked":"Headbutt","floor":30.0},{"not_picked":[],"picked":"Feed","floor":33},{"not_picked":["Clothesline+1"],"picked":"SKIP","floor":35},{"not_picked":["Pommel Strike"],"picked":"SKIP","floor":36},{"not_picked":[],"picked":"Flex+1","floor":37},{"not_picked":["Reckless Charge"],"picked":"SKIP","floor":38},{"not_picked":[],"picked":"Warcry","floor":40},{"not_picked":["Pommel Strike"],"picked":"SKIP","floor":42},{"not_picked":[],"picked":"Infernal Blade+1","floor":45},{"not_picked":[],"picked":"Purity","floor":46},{"not_picked":[],"picked":"Magnetism","floor":46}],"player_experience":968400,"relics_obtained":[{"floor":0.0,"key":"Red Skull"},{"floor":0.0,"key":"Pear"},{"floor":0.0,"key":"Incense Burner"},{"floor":7.0,"key":"Ice Cream"},{"floor":9.0,"key":"MawBank"},{"floor":12.0,"key":"Oddly Smooth Stone"},{"floor":14.0,"key":"Tiny Chest"},{"floor":20.0,"key":"Self Forming Clay"},{"floor":26.0,"key":"War Paint"},{"floor":30.0,"key":"Dream Catcher"},{"floor":37,"key":"Dead Branch"},{"floor":42,"key":"Lantern"},{"floor":43,"key":"Regal Pillow"}],"event_choices":[{"damage_healed":0.0,"max_hp_gain":0.0,"max_hp_loss":0.0,"gold_gain":0.0,"event_name":"WeMeetAgain","player_choice":"Gave Potion","floor":4.0,"gold_loss":0.0,"damage_taken":0.0,"relics_obtained":["Centennial Puzzle"]},{"damage_healed":0.0,"max_hp_gain":0.0,"max_hp_loss":0.0,"gold_gain":0.0,"event_name":"Upgrade Shrine","player_choice":"Upgraded","floor":21.0,"gold_loss":0.0,"damage_taken":0.0,"cards_upgraded":["Flex"]},{"damage_healed":0.0,"max_hp_gain":0.0,"max_hp_loss":26.0,"gold_gain":0.0,"event_name":"Vampires","player_choice":"Became a vampire","floor":27.0,"gold_loss":0.0,"damage_taken":0.0,"cards_obtained":["Bite","Bite","Bite","Bite","Bite"]},{"damage_healed":0,"gold_gain":0,"player_choice":"Fight","damage_taken":0,"max_hp_gain":0,"max_hp_loss":0,"event_name":"MindBloom","floor":37,"gold_loss":0},{"damage_healed":0,"gold_gain":0,"player_choice":"Max HP","damage_taken":0,"max_hp_gain":0,"max_hp_loss":3,"event_name":"Winding Halls","floor":39,"gold_loss":0},{"damage_healed":0,"gold_gain":0,"player_choice":"Memory 3","damage_taken":10,"max_hp_gain":0,"max_hp_loss":0,"event_name":"SensoryStone","floor":46,"gold_loss":0},{"cards_removed":["Headbutt"],"damage_healed":0,"gold_gain":0,"player_choice":"Removed Attack","damage_taken":0,"max_hp_gain":0,"max_hp_loss":0,"event_name":"Falling","floor":48,"gold_loss":0}],"is_beta":false,"boss_relics":[{"not_picked":["Empty Cage","Lizard Tail"],"picked":"Busted Crown"},{"not_picked":["Sozu","White Beast Statue"],"picked":"Cursed Key"}],"items_purged_floors":[3,31,47],"is_endless":false,"potions_floor_spawned":[2,7,8,11,22,24,33,35,38,40,45],"ascension_level":18}