{"gold_per_floor":[111,127,302,402,422,200,200,71,125,152,152,182,182,210,210,307,307,327,291,309,16,31,47,47,47,47,47,76,94,94,127,127,227,227,240,256,356,368,368,368,250,250,250,2,20,20,20,46,46,46],"floor_reached":51,"playtime":3501,"items_purged":["Doubt"],"score":1229,"play_id":"fb976eb0-2133-4f7f-aef8-5861bc64dec0","local_time":"20190303154718","is_ascension_mode":true,"campfire_choices":[{"data":"Body Slam","floor":7,"key":"SMITH"},{"data":"Armaments","floor":11,"key":"SMITH"},{"floor":13,"key":"REST"},{"floor":15,"key":"REST"},{"floor":25,"key":"REST"},{"floor":27,"key":"REST"},{"floor":30,"key":"REST"},{"floor":32,"key":"REST"},{"floor":40,"key":"REST"},{"floor":42,"key":"REST"},{"data":"Barricade","floor":49,"key":"SMITH"}],"neow_cost":"NONE","seed_source_timestamp":1460109467043600,"circlet_count":0,"master_deck":["AscendersBane","Strike_R","Strike_R","Strike_R","Strike_R","Strike_R","Defend_R","Defend_R","Defend_R","Defend_R","Bash+1","Entrench","Clothesline","Body Slam+1","Armaments+1","Inflame","Heavy Blade","Shrug It Off","Fiend Fire","Cleave","Inflame","Iron Wave","Barricade+1","Thunderclap","Body Slam+1","Inflame+1","Infernal Blade+1","Flex","Demon Form","Twin Strike+1","Shrug It Off+1","Impervious","Shrug It Off+1","Reaper","Impervious","Spot Weakness+1"],"relics":["Burning Blood","Art of War","Anchor","Omamori","Odd Mushroom","Oddly Smooth Stone","Snecko Eye","Membership Card","Necronomicon","Mercury Hourglass","Question Card","Lantern","Lizard Tail","Torii","Shuriken","Pocketwatch","Blue Candle","Vajra"],"potions_floor_usage":[10,12,16,22,28,29,33,38,45,50,50,50],"damage_taken":[{"damage":0,"enemies":"2 Louse","floor":1,"turns":2},{"damage":13,"enemies":"Small Slimes","floor":2,"turns":4},{"damage":0,"enemies":"Cultist","floor":5,"turns":4},{"damage":5,"enemies":"3 Sentries","floor":10,"turns":8},{"damage":26,"enemies":"The Mushroom Lair","floor":12,"turns":5},{"damage":38,"enemies":"Lagavulin","floor":14,"turns":8},{"damage":27,"enemies":"The Guardian","floor":16,"turns":13},{"damage":5,"enemies":"Spheric Guardian","floor":18,"turns":3},{"damage":30,"enemies":"2 Thieves","floor":20,"turns":4},{"damage":0,"enemies":"Snake Plant","floor":22,"turns":2},{"damage":35,"enemies":"Shelled Parasite and Fungi","floor":23,"turns":6},{"damage":25,"enemies":"Gremlin Leader","floor":28,"turns":6},{"damage":0,"enemies":"Cultist and Chosen","floor":29,"turns":3},{"damage":19,"enemies":"Slavers","floor":31,"turns":5},{"damage":0,"enemies":"Champ","floor":33,"turns":8},{"damage":10,"enemies":"3 Shapes","floor":35,"turns":4},{"damage":36,"enemies":"3 Darklings","floor":36,"turns":4},{"damage":1,"enemies":"Mind Bloom Boss Battle","floor":37,"turns":6},{"damage":28,"enemies":"Sphere and 2 Shapes","floor":38,"turns":4},{"damage":6,"enemies":"Transient","floor":45,"turns":5},{"damage":1,"enemies":"Reptomancer","floor":48,"turns":3},{"damage":57,"enemies":"Donu and Deca","floor":50,"turns":9}],"seed_played":"-7789911770137216986","potions_obtained":[{"floor":2,"key":"Block Potion"},{"floor":5,"key":"Explosive Potion"},{"floor":14,"key":"AttackPotion"},{"floor":23,"key":"Weak Potion"},{"floor":28,"key":"SkillPotion"},{"floor":31,"key":"EssenceOfSteel"},{"floor":36,"key":"EssenceOfSteel"},{"floor":38,"key":"BloodPotion"},{"floor":45,"key":"Fire Potion"}],"is_trial":false,"path_per_floor":["M","M","?","?","M","$","R","$","T","E","R","?","R","E","R","B",null,"M","$","M","$","M","M","?","R","T","R","E","M","R","E","R","B",null,"M","M","?","M","?","R","$","R","T","$","M","T","?","E","R","B",null],"character_chosen":"IRONCLAD","items_purchased":["Art of War","Armaments","Inflame","Inflame","Membership Card","Barricade","Swift Potion","Reaper","Inflame","Impervious","Pocketwatch","LiquidBronze","SkillPotion"],"campfire_rested":8,"item_purchase_floors":[6,8,8,19,21,21,21,41,41,44,44,44,44],"current_hp_per_floor":[78,71,71,71,77,77,77,77,77,78,78,58,80,48,72,51,73,74,74,50,50,56,27,11,35,35,59,40,46,70,57,80,80,80,76,46,51,29,29,53,53,77,77,77,80,80,80,80,80,46],"gold":46,"neow_bonus":"UPGRADE_CARD","is_prod":false,"is_daily":false,"chose_seed":false,"campfire_upgraded":3,"win_rate":0,"timestamp":1551646038,"path_taken":["M","M","?","?","?","$","R","$","T","E","R","?","R","E","R","BOSS","M","$","M","$","M","M","?","R","T","R","E","M","R","E","R","BOSS","M","M","?","M","?","R","$","R","T","$","M","?","?","E","R","BOSS"],"build_version":"2019-01-23","purchased_purges":1,"victory":true,"max_hp_per_floor":[80,80,80,80,80,80,80,80,80,80,80,80,80,80,80,80,80,80,80,80,80,80,80,80,80,80,80,80,80,80,80,80,80,80,80,80,80,80,80,80,80,80,80,80,80,80,80,80,80,80],"card_choices":[{"not_picked":["Body Slam","Evolve"],"picked":"Entrench","floor":1},{"not_picked":["Havoc","Anger"],"picked":"Clothesline","floor":2},{"not_picked":["Shockwave","Wild Strike"],"picked":"Body Slam","floor":5},{"not_picked":["Reckless Charge","True Grit"],"picked":"Heavy Blade","floor":10},{"not_picked":["Blood for Blood","Sword Boomerang"],"picked":"Shrug It Off","floor":14},{"not_picked":["Dark Embrace","Offering"],"picked":"Fiend Fire","floor":16},{"not_picked":["Shockwave","Rampage+1"],"picked":"Cleave","floor":18},{"not_picked":["Bloodletting","Clash"],"picked":"Iron Wave","floor":20},{"not_picked":["Havoc","Headbutt+1"],"picked":"Thunderclap","floor":22},{"not_picked":["Rage+1","Offering"],"picked":"Body Slam+1","floor":23},{"not_picked":["Body Slam","Corruption"],"picked":"Inflame+1","floor":28},{"not_picked":["Anger","Exhume","Wild Strike"],"picked":"Infernal Blade+1","floor":29},{"not_picked":["Iron Wave","Blood for Blood+1","Combust"],"picked":"Flex","floor":31},{"not_picked":["Bludgeon","Juggernaut","Brutality"],"picked":"Demon Form","floor":33},{"not_picked":["Warcry","Clash","Cleave+1"],"picked":"Twin Strike+1","floor":35},{"not_picked":["Combust+1","Body Slam","Havoc"],"picked":"Shrug It Off+1","floor":36},{"not_picked":["True Grit","Flex+1","Inflame"],"picked":"Impervious","floor":37},{"not_picked":["Headbutt","Sword Boomerang","Body Slam+1"],"picked":"Shrug It Off+1","floor":38},{"not_picked":["Pommel Strike+1","Carnage+1","Heavy Blade","Infernal Blade+1"],"picked":"SKIP","floor":45},{"not_picked":["Hemokinesis","Heavy Blade","Dark Embrace"],"picked":"Spot Weakness+1","floor":48}],"player_experience":579331,"relics_obtained":[{"floor":9,"key":"Anchor"},{"floor":10,"key":"Omamori"},{"floor":12,"key":"Odd Mushroom"},{"floor":14,"key":"Oddly Smooth Stone"},{"floor":24,"key":"Necronomicon"},{"floor":26,"key":"Mercury Hourglass"},{"floor":28,"key":"Question Card"},{"floor":31,"key":"Lantern"},{"floor":37,"key":"Torii"},{"floor":43,"key":"Shuriken"},{"floor":46,"key":"Blue Candle"},{"floor":48,"key":"Vajra"}],"event_choices":[{"damage_healed":0,"gold_gain":175,"player_choice":"AGREE","damage_taken":0,"max_hp_gain":0,"max_hp_loss":0,"event_name":"Liars Game","floor":3,"gold_loss":0,"cards_obtained":["Doubt"]},{"damage_healed":0,"gold_gain":100,"player_choice":"Pray","damage_taken":0,"max_hp_gain":0,"max_hp_loss":0,"event_name":"Golden Shrine","floor":4,"gold_loss":0},{"damage_healed":0,"gold_gain":0,"player_choice":"Fought Mushrooms","damage_taken":0,"max_hp_gain":0,"max_hp_loss":0,"event_name":"Mushrooms","floor":12,"gold_loss":0},{"damage_healed":0,"gold_gain":0,"player_choice":"Obtained Book","damage_taken":16,"max_hp_gain":0,"max_hp_loss":0,"event_name":"Cursed Tome","floor":24,"gold_loss":0},{"damage_healed":0,"gold_gain":0,"player_choice":"Fight","damage_taken":0,"max_hp_gain":0,"max_hp_loss":0,"event_name":"MindBloom","floor":37,"gold_loss":0},{"damage_healed":0,"gold_gain":0,"player_choice":"Ignored","damage_taken":0,"max_hp_gain":0,"max_hp_loss":0,"event_name":"Tomb of Lord Red Mask","floor":39,"gold_loss":0},{"cards_removed":["Inflame"],"damage_healed":0,"gold_gain":0,"player_choice":"Removed Power","damage_taken":0,"max_hp_gain":0,"max_hp_loss":0,"event_name":"Falling","floor":47,"gold_loss":0}],"is_beta":false,"boss_relics":[{"not_picked":["Coffee Dripper","Empty Cage"],"picked":"Snecko Eye"},{"not_picked":["Eternal Feather","Runic Cube"],"picked":"Lizard Tail"}],"items_purged_floors":[6],"is_endless":false,"potions_floor_spawned":[2,5,14,23,28,31,36,38,45],"ascension_level":10}