{"path_per_floor":["M","M","M","$","M","R","?","R","T","R","M","M","M","M","R","B",null,"M","?","M","M"],"character_chosen":"IRONCLAD","items_purchased":["Flex","Inflame"],"gold_per_floor":[119,138,156,59,77,77,77,77,77,77,89,100,110,123,123,224,224,234,159,179,196,196],"floor_reached":22,"campfire_rested":1,"playtime":881,"current_hp_per_floor":[67,61,61,61,48,48,32,32,32,32,29,25,26,18,42,11,63,36,36,20,16,14],"items_purged":[],"gold":196,"score":237,"play_id":"b27cc697-850c-47cc-9221-6436443a0b08","local_time":"20180419161339","is_prod":false,"is_daily":false,"chose_seed":false,"is_ascension_mode":true,"campfire_upgraded":3,"timestamp":1524168819,"path_taken":["M","?","M","?","M","R","?","R","T","R","M","?","M","M","R","BOSS","M","?","M","M","M"],"build_version":"2018-04-12","seed_source_timestamp":438805917275584,"purchased_purges":0,"victory":false,"master_deck":["Bash","Pommel Strike+1","Heavy Blade+1","Spot Weakness","Flex+1","Inflame+1","Spot Weakness","True Grit","Shrug It Off","Limit Break","Pummel","Twin Strike","Cleave","Warcry","Rage","Thunderclap","Shockwave","Sentinel","Sword Boomerang"],"max_hp_per_floor":[80,80,80,80,80,80,80,80,80,80,80,80,80,80,80,80,80,80,80,80,80,80],"relics":["Burning Blood","Ancient Tea Set","Pandora\u0027s Box"],"card_choices":[{"not_picked":["Fire Breathing","Power Through"],"picked":"Pommel Strike","floor":1},{"not_picked":["Carnage","Reckless Charge"],"picked":"Heavy Blade","floor":2},{"not_picked":["Blood for Blood","Pommel Strike"],"picked":"Spot Weakness","floor":3},{"not_picked":["Rampage","Disarm"],"picked":"Spot Weakness","floor":5},{"not_picked":["Fire Breathing","Hemokinesis"],"picked":"True Grit","floor":12},{"not_picked":["True Grit","Metallicize"],"picked":"Shrug It Off","floor":14},{"not_picked":["Demon Form","Double Tap"],"picked":"Limit Break","floor":16},{"not_picked":["Clothesline","Cleave"],"picked":"Sword Boomerang","floor":20}],"player_experience":477782,"potions_floor_usage":[16,21,21],"damage_taken":[{"damage":11,"enemies":"Cultist","floor":1,"turns":4},{"damage":12,"enemies":"Jaw Worm","floor":2,"turns":3},{"damage":6,"enemies":"2 Louse","floor":3,"turns":2},{"damage":19,"enemies":"Blue Slaver","floor":5,"turns":4},{"damage":9,"enemies":"Red Slaver","floor":11,"turns":2},{"damage":10,"enemies":"Exordium Thugs","floor":12,"turns":5},{"damage":5,"enemies":"Large Slime","floor":13,"turns":3},{"damage":14,"enemies":"3 Louse","floor":14,"turns":3},{"damage":37,"enemies":"Slime Boss","floor":16,"turns":7},{"damage":33,"enemies":"Shell Parasite","floor":18,"turns":4},{"damage":22,"enemies":"Spheric Guardian","floor":20,"turns":4},{"damage":10,"enemies":"Centurion and Healer","floor":21,"turns":5},{"damage":2,"enemies":"Snecko","floor":22,"turns":3}],"event_choices":[{"event_name":"Shining Light","player_choice":"Entered Light","floor":7,"damage_taken":0},{"event_name":"Beggar","player_choice":"Gave Gold","floor":19,"damage_taken":0}],"boss_relics":[{"not_picked":["White Beast Statue","Black Blood"],"picked":"Pandora\u0027s Box"}],"potions_floor_spawned":[1,2,11,14,16,20],"seed_played":"54256106946108109","killed_by":"Snecko","ascension_level":6,"is_trial":false}