{"gold_per_floor":[211,211,230,230,79,79,110,12,38,38,52,52,52,71,71,197,197,220,220,27,27,50,85,85,85,132,132,132,170,189,189,189,314,314,334,334,334,355,355],"floor_reached":39,"playtime":2020,"items_purged":[],"score":525,"play_id":"89bf5992-4df6-4753-bc89-dacbc9aee7de","local_time":"20190118210839","is_ascension_mode":true,"campfire_choices":[{"data":"Bash","floor":6,"key":"SMITH"},{"floor":12,"key":"REST"},{"data":"Barricade","floor":15,"key":"SMITH"},{"data":"Fiend Fire","floor":25,"key":"SMITH"},{"data":"Flame Barrier","floor":27,"key":"SMITH"},{"floor":32,"key":"REST"}],"neow_cost":"NONE","seed_source_timestamp":185984657259100,"circlet_count":0,"master_deck":["Defend_R+1","Defend_R+1","Defend_R+1","Defend_R+1","Bash+1","Flame Barrier+1","Heavy Blade","Barricade+1","Inflame","Headbutt","Iron Wave","Entrench","Fiend Fire+1","Battle Trance","Combust","Armaments+1","Immolate","Bite","Bite","Bite","Bite","Bite","Impervious","Heavy Blade+1","Finesse","Madness","Madness","Flex"],"relics":["Burning Blood","Golden Idol","Bag of Preparation","Boot","Art of War","WingedGreaves","Runic Pyramid","TheAbacus","Letter Opener","Strawberry","Happy Flower","Bag of Marbles","Lizard Tail"],"potions_floor_usage":[16,22,23,33,38],"damage_taken":[{"damage":14,"enemies":"Jaw Worm","floor":1,"turns":5},{"damage":12,"enemies":"Small Slimes","floor":3,"turns":5},{"damage":32,"enemies":"Gremlin Nob","floor":7,"turns":5},{"damage":8,"enemies":"2 Louse","floor":11,"turns":2},{"damage":4,"enemies":"2 Fungi Beasts","floor":14,"turns":5},{"damage":38,"enemies":"Hexaghost","floor":16,"turns":11},{"damage":12,"enemies":"Chosen","floor":18,"turns":3},{"damage":0,"enemies":"Spheric Guardian","floor":22,"turns":3},{"damage":42,"enemies":"Book of Stabbing","floor":23,"turns":6},{"damage":58,"enemies":"Slavers","floor":29,"turns":7},{"damage":5,"enemies":"Centurion and Healer","floor":30,"turns":7},{"damage":41,"enemies":"Champ","floor":33,"turns":14},{"damage":25,"enemies":"3 Shapes","floor":35,"turns":2},{"damage":29,"enemies":"3 Darklings","floor":38,"turns":6},{"damage":117,"enemies":"Transient","floor":39,"turns":5}],"seed_played":"7417024369105263662","potions_obtained":[{"floor":3,"key":"Ancient Potion"},{"floor":11,"key":"Fire Potion"},{"floor":18,"key":"Dexterity Potion"},{"floor":19,"key":"SkillPotion"},{"floor":19,"key":"FairyPotion"},{"floor":19,"key":"SkillPotion"},{"floor":30,"key":"Strength Potion"},{"floor":33,"key":"Dexterity Potion"}],"is_trial":false,"path_per_floor":["M","?","M","?","$","R","E","$","T","$","M","R","?","M","R","B",null,"M","?","$","T","M","E","?","R","T","R","?","E","M","?","R","B",null,"M","?","?","M","M"],"character_chosen":"IRONCLAD","items_purchased":["Bag of Preparation","Inflame","Headbutt","TheAbacus"],"campfire_rested":2,"item_purchase_floors":[5,8,8,20],"current_hp_per_floor":[72,72,66,66,66,66,40,40,40,40,38,60,53,55,55,23,74,68,68,68,68,74,45,45,45,45,45,45,10,11,11,27,36,56,45,45,38,25,0],"gold":355,"neow_bonus":"HUNDRED_GOLD","is_prod":false,"is_daily":false,"chose_seed":false,"campfire_upgraded":4,"win_rate":0,"timestamp":1547863719,"path_taken":["M","?","M","?","$","R","E","?","T","?","?","R","?","M","R","BOSS","M","?","?","?","M","E","?","R","T","R","?","E","M","?","R","BOSS","M","?","?","M","?"],"build_version":"2019-01-17v2","purchased_purges":0,"victory":false,"max_hp_per_floor":[80,74,74,74,74,74,74,74,74,74,74,74,74,74,74,74,74,74,74,74,74,74,81,81,81,81,81,81,81,81,56,56,56,56,56,56,56,56,56],"card_choices":[{"not_picked":["Iron Wave","Heavy Blade"],"picked":"Flame Barrier","floor":1},{"not_picked":["Evolve","Clothesline"],"picked":"Heavy Blade","floor":3},{"not_picked":["Feel No Pain","Berserk"],"picked":"Barricade","floor":7},{"not_picked":["Hemokinesis","Bloodletting"],"picked":"Iron Wave","floor":11},{"not_picked":["Sentinel","Armaments"],"picked":"Entrench","floor":14},{"not_picked":["Exhume","Offering"],"picked":"Fiend Fire","floor":16},{"not_picked":["Searing Blow+1","Twin Strike"],"picked":"Battle Trance","floor":18},{"not_picked":["Clash","Corruption","Havoc"],"picked":"SKIP","floor":22},{"not_picked":["Cleave","Sentinel"],"picked":"Combust","floor":23},{"not_picked":["Headbutt+1","Dual Wield+1"],"picked":"Armaments+1","floor":29},{"not_picked":["Twin Strike+1","Wild Strike"],"picked":"Immolate","floor":30},{"not_picked":["Feed","Berserk"],"picked":"Impervious","floor":33},{"not_picked":["Warcry+1","Second Wind+1"],"picked":"Heavy Blade+1","floor":35},{"not_picked":["PanicButton","Secret Weapon"],"picked":"Finesse","floor":36},{"not_picked":["Whirlwind","Sword Boomerang"],"picked":"Flex","floor":38}],"player_experience":422602,"relics_obtained":[{"floor":7,"key":"Boot"},{"floor":9,"key":"Art of War"},{"floor":21,"key":"Letter Opener"},{"floor":23,"key":"Strawberry"},{"floor":26,"key":"Happy Flower"},{"floor":29,"key":"Bag of Marbles"}],"event_choices":[{"damage_healed":0,"gold_gain":0,"player_choice":"Lose Max HP","damage_taken":0,"relics_obtained":["Golden Idol"],"max_hp_gain":0,"max_hp_loss":6,"event_name":"Golden Idol","floor":2,"gold_loss":0},{"damage_healed":0,"gold_gain":0,"player_choice":"Leave","damage_taken":0,"max_hp_gain":0,"max_hp_loss":0,"event_name":"The Cleric","floor":4,"gold_loss":0},{"damage_healed":0,"gold_gain":0,"player_choice":"Success","damage_taken":7,"relics_obtained":["WingedGreaves"],"max_hp_gain":0,"max_hp_loss":0,"event_name":"Scrap Ooze","floor":13,"gold_loss":0},{"damage_healed":0,"gold_gain":0,"player_choice":"Got Potions","damage_taken":0,"max_hp_gain":0,"max_hp_loss":0,"event_name":"Lab","floor":19,"gold_loss":0},{"damage_healed":0,"gold_gain":0,"player_choice":"Ignored","damage_taken":0,"max_hp_gain":0,"max_hp_loss":0,"event_name":"Beggar","floor":24,"gold_loss":0},{"damage_healed":0,"gold_gain":0,"player_choice":"Simplicity","damage_taken":0,"max_hp_gain":0,"max_hp_loss":0,"event_name":"Back to Basics","floor":28,"gold_loss":0,"cards_upgraded":["Strike_R","Strike_R","Strike_R","Strike_R","Strike_R","Defend_R","Defend_R","Defend_R","Defend_R"]},{"damage_healed":0,"gold_gain":0,"player_choice":"Became a vampire","damage_taken":0,"max_hp_gain":0,"max_hp_loss":25,"event_name":"Vampires","floor":31,"gold_loss":0,"cards_obtained":["Bite","Bite","Bite","Bite","Bite"]},{"damage_healed":0,"gold_gain":0,"player_choice":"Memory 1","damage_taken":0,"max_hp_gain":0,"max_hp_loss":0,"event_name":"SensoryStone","floor":36,"gold_loss":0},{"damage_healed":0,"gold_gain":0,"player_choice":"Embrace Madness","damage_taken":7,"max_hp_gain":0,"max_hp_loss":0,"event_name":"Winding Halls","floor":37,"gold_loss":0,"cards_obtained":["Madness","Madness"]}],"is_beta":false,"boss_relics":[{"not_picked":["Fusion Hammer","Astrolabe"],"picked":"Runic Pyramid"},{"not_picked":["Coffee Dripper","Black Star"],"picked":"Lizard Tail"}],"items_purged_floors":[],"is_endless":false,"potions_floor_spawned":[3,11,18,30,33],"killed_by":"Transient","ascension_level":3}