{"gold_per_floor":[119,133,208,219,239,264,264,298,377,377,389,404,32,43,43,117,117,137,137,137,137,152,152,170,170,170,17,17],"floor_reached":28,"playtime":2320,"items_purged":["Defend_R"],"score":485,"play_id":"8391b341-2ecd-444e-aca5-b49b56cb65bb","local_time":"20181225232004","is_ascension_mode":true,"campfire_choices":[{"data":"Bash","floor":7,"key":"SMITH"},{"floor":10,"key":"REST"},{"floor":15,"key":"REST"},{"data":"True Grit","floor":23,"key":"SMITH"}],"neow_cost":"TEN_PERCENT_HP_LOSS","seed_source_timestamp":0,"circlet_count":0,"master_deck":["AscendersBane","Defend_R","Defend_R","Defend_R","Bash+1","Battle Trance","Spot Weakness","Feel No Pain","Shrug It Off","Cleave","Iron Wave","Combust","True Grit+1","Limit Break","Heavy Blade","Anger","Bite","Bite","Bite","Bite","Bite","RitualDagger","True Grit+1","Juggernaut","Impervious"],"special_seed":0,"relics":["Burning Blood","Unceasing Top","Orichalcum","Nunchaku","Gremlin Horn","Membership Card","Lantern","Runic Pyramid","Meat on the Bone"],"potions_floor_usage":[6,6,16,18,18,28,28],"damage_taken":[{"damage":11,"enemies":"Jaw Worm","floor":1,"turns":4},{"damage":12,"enemies":"Small Slimes","floor":2,"turns":3},{"damage":7,"enemies":"2 Louse","floor":4,"turns":2},{"damage":9,"enemies":"Blue Slaver","floor":5,"turns":6},{"damage":15,"enemies":"Lagavulin","floor":6,"turns":7},{"damage":16,"enemies":"3 Sentries","floor":8,"turns":7},{"damage":30,"enemies":"Exordium Thugs","floor":11,"turns":5},{"damage":9,"enemies":"Looter","floor":12,"turns":4},{"damage":2,"enemies":"3 Louse","floor":14,"turns":3},{"damage":29,"enemies":"Slime Boss","floor":16,"turns":9},{"damage":25,"enemies":"2 Thieves","floor":18,"turns":4},{"damage":23,"enemies":"Shell Parasite","floor":22,"turns":5},{"damage":10,"enemies":"Centurion and Healer","floor":24,"turns":8},{"damage":16,"enemies":"Colosseum Slavers","floor":25,"turns":7},{"damage":49,"enemies":"Book of Stabbing","floor":28,"turns":5}],"seed_played":"3346656857259613370","potions_obtained":[{"floor":2,"key":"PowerPotion"},{"floor":4,"key":"EssenceOfSteel"},{"floor":5,"key":"Poison Potion"},{"floor":11,"key":"SteroidPotion"},{"floor":16,"key":"FearPotion"},{"floor":18,"key":"Explosive Potion"},{"floor":24,"key":"Weak Potion"}],"is_trial":false,"path_per_floor":["M","M","?","M","M","E","R","E","T","R","M","M","$","M","R","B",null,"M","?","?","?","M","R","M","?","T","$","E"],"character_chosen":"IRONCLAD","items_purchased":["Membership Card","Combust","Lantern","Explosive Potion","Impervious","SteroidPotion"],"campfire_rested":2,"item_purchase_floors":[13,13,13,13,27,27],"current_hp_per_floor":[63,57,46,45,42,33,33,23,23,43,19,16,16,20,40,17,55,36,36,36,30,23,23,39,45,45,45,0],"gold":17,"neow_bonus":"ONE_RARE_RELIC","is_prod":false,"is_daily":false,"chose_seed":false,"campfire_upgraded":2,"win_rate":0,"timestamp":1545808804,"path_taken":["M","M","?","M","M","E","R","E","T","R","M","M","$","M","R","BOSS","M","?","?","?","M","R","?","?","T","$","E"],"build_version":"2018-12-25","purchased_purges":1,"victory":false,"max_hp_per_floor":[68,68,68,68,68,68,68,68,68,68,68,68,68,68,68,68,68,68,68,47,47,47,47,47,47,47,47,47],"card_choices":[{"not_picked":["Cleave","Fire Breathing"],"picked":"Battle Trance","floor":1},{"not_picked":["Hemokinesis","Flex"],"picked":"Spot Weakness","floor":2},{"not_picked":["Power Through","Thunderclap"],"picked":"Feel No Pain","floor":4},{"not_picked":["Cleave","Hemokinesis"],"picked":"Shrug It Off","floor":6},{"not_picked":["Rupture","Warcry"],"picked":"Cleave","floor":11},{"not_picked":["Dark Embrace","Searing Blow"],"picked":"Iron Wave","floor":12},{"not_picked":["Sentinel","Rage"],"picked":"True Grit","floor":14},{"not_picked":["Juggernaut","Impervious"],"picked":"Limit Break","floor":16},{"not_picked":["Cleave","Warcry"],"picked":"Heavy Blade","floor":18},{"not_picked":["Clash","Carnage"],"picked":"True Grit+1","floor":22},{"not_picked":["Perfected Strike","Warcry"],"picked":"Juggernaut","floor":24}],"player_experience":4065962,"relics_obtained":[{"floor":6,"key":"Orichalcum"},{"floor":8,"key":"Nunchaku"},{"floor":9,"key":"Gremlin Horn"},{"floor":26,"key":"Meat on the Bone"}],"event_choices":[{"damage_healed":0,"gold_gain":75,"player_choice":"Gather Gold","damage_taken":11,"max_hp_gain":0,"max_hp_loss":0,"event_name":"World of Goop","floor":3,"gold_loss":0},{"damage_healed":0,"gold_gain":0,"player_choice":"Read","damage_taken":0,"max_hp_gain":0,"max_hp_loss":0,"event_name":"The Library","floor":19,"gold_loss":0,"cards_obtained":["Anger"]},{"damage_healed":0,"gold_gain":0,"player_choice":"Became a vampire","damage_taken":0,"max_hp_gain":0,"max_hp_loss":21,"event_name":"Vampires","floor":20,"gold_loss":0,"cards_obtained":["Bite","Bite","Bite","Bite","Bite"]},{"damage_healed":0,"gold_gain":0,"player_choice":"Joined the Cult","damage_taken":6,"max_hp_gain":0,"max_hp_loss":0,"event_name":"Nest","floor":21,"gold_loss":0,"cards_obtained":["RitualDagger"]},{"damage_healed":0,"gold_gain":0,"player_choice":"Fight","damage_taken":0,"max_hp_gain":0,"max_hp_loss":0,"event_name":"Colosseum","floor":25,"gold_loss":0},{"damage_healed":0,"gold_gain":0,"player_choice":"Fled From Nobs","damage_taken":0,"max_hp_gain":0,"max_hp_loss":0,"event_name":"Colosseum","floor":25,"gold_loss":0}],"is_beta":true,"boss_relics":[{"not_picked":["Ectoplasm","Astrolabe"],"picked":"Runic Pyramid"}],"items_purged_floors":[27],"is_endless":false,"potions_floor_spawned":[2,4,5,11,16,18,24],"killed_by":"Book of Stabbing","ascension_level":20}