{"gold_per_floor":[119,24,39,39,39,39,39,54,54,77,2,17,37,37,37,157,157,173,198,217,217,142,142,161,61,136,136,156,56,67,82,82,177,177,189,203,257,283,301,301,24,43,43,2,14,14,14,33,33,33],"floor_reached":50,"playtime":2936,"items_purged":["Strike_R","Bloodletting","Defend_R","Defend_R"],"score":536,"play_id":"bc66dc1c-6eec-48e5-bf1a-f23c9b1a6853","local_time":"20181013225402","is_ascension_mode":false,"campfire_choices":[{"data":"Metallicize","floor":6,"key":"SMITH"},{"data":"Corruption","floor":15,"key":"SMITH"},{"data":"Bash","floor":23,"key":"SMITH"},{"data":"Dual Wield","floor":32,"key":"SMITH"},{"data":"Dark Embrace","floor":40,"key":"SMITH"},{"floor":46,"key":"REST"},{"floor":49,"key":"REST"}],"neow_cost":"","seed_source_timestamp":327320365569723,"circlet_count":0,"master_deck":["Defend_R","Defend_R+1","Bash+1","Metallicize+1","Flash of Steel+1","Dropkick","Corruption+1","Dual Wield+1","Thunderclap+1","Dropkick","Dual Wield+1","Dropkick+1","Secret Weapon"],"relics":["Burning Blood","Bloody Idol","Happy Flower","Ancient Tea Set","Empty Cage","The Courier","Lizard Tail","Du-Vu Doll","Orichalcum","Blood Vial"],"potions_floor_usage":[16,28,36,37,50,50],"damage_taken":[{"damage":0,"enemies":"2 Louse","floor":1,"turns":2},{"damage":3,"enemies":"Small Slimes","floor":3,"turns":3},{"damage":0,"enemies":"Jaw Worm","floor":8,"turns":4},{"damage":0,"enemies":"Blue Slaver","floor":12,"turns":6},{"damage":16,"enemies":"Large Slime","floor":13,"turns":4},{"damage":42,"enemies":"Hexaghost","floor":16,"turns":9},{"damage":13,"enemies":"Spheric Guardian","floor":18,"turns":5},{"damage":20,"enemies":"2 Thieves","floor":19,"turns":4},{"damage":17,"enemies":"3 Cultists","floor":20,"turns":4},{"damage":5,"enemies":"Centurion and Healer","floor":24,"turns":3},{"damage":21,"enemies":"Cultist and Chosen","floor":28,"turns":6},{"damage":3,"enemies":"Chosen and Byrds","floor":30,"turns":4},{"damage":9,"enemies":"Snecko","floor":31,"turns":6},{"damage":0,"enemies":"Champ","floor":33,"turns":2},{"damage":56,"enemies":"3 Shapes","floor":35,"turns":4},{"damage":23,"enemies":"Orb Walker","floor":36,"turns":5},{"damage":10,"enemies":"Mysterious Sphere","floor":37,"turns":5},{"damage":39,"enemies":"3 Darklings","floor":39,"turns":4},{"damage":32,"enemies":"4 Shapes","floor":42,"turns":3},{"damage":12,"enemies":"Maw","floor":45,"turns":3},{"damage":10,"enemies":"Sphere and 2 Shapes","floor":48,"turns":4},{"damage":126,"enemies":"Time Eater","floor":50,"turns":6}],"seed_played":"-4894001000202924505","potions_obtained":[{"floor":1,"key":"Energy Potion"},{"floor":8,"key":"Explosive Potion"},{"floor":12,"key":"SpeedPotion"},{"floor":13,"key":"Regen Potion"},{"floor":18,"key":"EssenceOfSteel"},{"floor":20,"key":"Ancient Potion"},{"floor":36,"key":"Poison Potion"},{"floor":45,"key":"SkillPotion"}],"is_trial":false,"path_per_floor":["M","$","M","?","?","R","?","M","T","T","$","M","M","$","R","B",null,"M","M","M","?","?","R","M","$","T","?","M","$","M","M","R","B",null,"M","M","?","T","M","R","$","M","T","$","M","R","?","M","R"],"character_chosen":"IRONCLAD","items_purchased":["Flash of Steel","Secret Weapon","SteroidPotion"],"campfire_rested":2,"item_purchase_floors":[2,41,44],"current_hp_per_floor":[80,80,80,60,44,44,44,50,50,50,50,56,46,46,46,25,80,73,59,48,48,48,48,49,49,49,49,39,39,47,49,49,60,80,35,23,24,29,45,45,45,24,24,24,25,49,49,52,76,0],"gold":33,"neow_bonus":"","is_prod":false,"is_daily":false,"chose_seed":false,"campfire_upgraded":5,"win_rate":0,"timestamp":1539485642,"path_taken":["M","$","M","?","?","R","?","?","T","?","?","M","M","$","R","BOSS","M","M","M","?","?","R","M","?","T","?","M","$","?","M","R","BOSS","M","M","?","?","?","R","$","M","T","$","M","R","?","M","R","BOSS"],"build_version":"2018-10-11","purchased_purges":4,"victory":false,"max_hp_per_floor":[80,80,80,80,80,80,80,80,80,80,80,80,80,80,80,80,80,80,80,80,80,80,80,80,80,80,80,80,80,80,80,80,80,80,80,80,80,80,80,80,80,80,80,80,80,80,80,80,80,80],"card_choices":[{"not_picked":["Flame Barrier","Sword Boomerang"],"picked":"Metallicize","floor":1},{"not_picked":["Body Slam","Flex","Pommel Strike"],"picked":"SKIP","floor":3},{"not_picked":["Shrug It Off","Seeing Red"],"picked":"Dropkick","floor":8},{"not_picked":["Armaments","Sever Soul","Headbutt"],"picked":"SKIP","floor":12},{"not_picked":["Fiend Fire","Blood for Blood"],"picked":"Corruption","floor":13},{"not_picked":["Disarm+1","Twin Strike"],"picked":"Dual Wield","floor":18},{"not_picked":["Battle Trance","Flex"],"picked":"Thunderclap+1","floor":19},{"not_picked":["Anger","Shrug It Off","Entrench"],"picked":"SKIP","floor":20},{"not_picked":["Flex","Pummel+1"],"picked":"Dropkick","floor":24},{"not_picked":["Infernal Blade","Anger+1"],"picked":"Dual Wield+1","floor":28},{"not_picked":["Sword Boomerang","Wild Strike","Perfected Strike"],"picked":"SKIP","floor":30},{"not_picked":["Thunderclap","Perfected Strike"],"picked":"Dropkick+1","floor":31},{"not_picked":["Reaper","Bludgeon"],"picked":"Dark Embrace","floor":33},{"not_picked":["Wild Strike+1","Warcry+1","Iron Wave"],"picked":"SKIP","floor":35},{"not_picked":["Heavy Blade+1","Headbutt+1","Ghostly Armor+1"],"picked":"SKIP","floor":36},{"not_picked":["Burning Pact","Havoc+1","Headbutt+1"],"picked":"SKIP","floor":39},{"not_picked":["Burning Pact","Power Through+1","Barricade"],"picked":"SKIP","floor":42},{"not_picked":["Evolve","Clothesline","Sword Boomerang"],"picked":"SKIP","floor":45},{"not_picked":["Disarm","Sword Boomerang+1","Body Slam+1"],"picked":"SKIP","floor":48}],"player_experience":602142,"relics_obtained":[{"floor":9,"key":"Happy Flower"},{"floor":10,"key":"Ancient Tea Set"},{"floor":26,"key":"The Courier"},{"floor":37,"key":"Du-Vu Doll"},{"floor":38,"key":"Orichalcum"},{"floor":43,"key":"Blood Vial"}],"event_choices":[{"event_name":"Golden Idol","player_choice":"Take Damage","floor":4,"damage_taken":0},{"event_name":"Shining Light","player_choice":"Entered Light","floor":5,"damage_taken":0},{"event_name":"Transmorgrifier","player_choice":"Transform","floor":7,"damage_taken":0},{"event_name":"Cursed Tome","player_choice":"Ignored","floor":21,"damage_taken":0},{"event_name":"Beggar","player_choice":"Gave Gold","floor":22,"damage_taken":0},{"event_name":"Forgotten Altar","player_choice":"Gave Idol","floor":27,"damage_taken":0},{"event_name":"Mysterious Sphere","player_choice":"Fight","floor":37,"damage_taken":0},{"event_name":"Falling","player_choice":"Removed Power","floor":47,"damage_taken":0}],"is_beta":false,"boss_relics":[{"not_picked":["Fusion Hammer","Snecko Eye"],"picked":"Empty Cage"},{"not_picked":["Black Blood","Calling Bell"],"picked":"Lizard Tail"}],"items_purged_floors":[11,25,29,41],"is_endless":false,"potions_floor_spawned":[1,8,12,13,18,20,24,36,45],"killed_by":"Time Eater","ascension_level":0}