{"gold_per_floor":[115,132,132,150,165,222,222,239,266,295,22,22,32,46,46,46],"floor_reached":16,"playtime":1300,"items_purged":[],"score":114,"play_id":"93cb98c7-fb97-45ad-a244-bb5f97800910","local_time":"20180815234841","is_ascension_mode":false,"campfire_choices":[{"floor":7,"key":"REST"},{"floor":15,"key":"REST"}],"neow_cost":"","seed_source_timestamp":266683842877367,"circlet_count":0,"master_deck":["Defend_G","Defend_G","Defend_G","Defend_G","Defend_G","Strike_G","Strike_G","Strike_G","Strike_G","Strike_G","Survivor","Neutralize","Quick Slash","Outmaneuver","Dagger Spray","Finisher","Flying Knee","Slice","Enlightenment","Blade Dance","Sucker Punch","Blade Dance"],"relics":["Ring of the Snake","Omamori","Tiny Chest","Juzu Bracelet","Snake Skull","Anchor"],"potions_floor_usage":[2,5,8,8,10,10,16,16],"damage_taken":[{"damage":1,"enemies":"Cultist","floor":1,"turns":4},{"damage":6,"enemies":"Jaw Worm","floor":2,"turns":4},{"damage":2,"enemies":"Small Slimes","floor":4,"turns":5},{"damage":17,"enemies":"Exordium Thugs","floor":5,"turns":9},{"damage":36,"enemies":"3 Sentries","floor":6,"turns":7},{"damage":6,"enemies":"Blue Slaver","floor":8,"turns":4},{"damage":27,"enemies":"Lagavulin","floor":10,"turns":7},{"damage":0,"enemies":"2 Fungi Beasts","floor":13,"turns":2},{"damage":5,"enemies":"Looter","floor":14,"turns":3},{"damage":36,"enemies":"The Guardian","floor":16,"turns":8}],"seed_played":"-815040859725134949","potions_obtained":[{"floor":1,"key":"Poison Potion"},{"floor":4,"key":"SpeedPotion"},{"floor":6,"key":"EntropicBrew"},{"floor":10,"key":"GhostInAJar"},{"floor":13,"key":"Block Potion"}],"is_trial":false,"path_per_floor":["M","M","?","M","M","E","R","M","T","E","$","?","M","M","R"],"character_chosen":"THE_SILENT","items_purchased":["Enlightenment","Anchor","Blade Dance"],"campfire_rested":2,"item_purchase_floors":[11,11,11],"current_hp_per_floor":[69,63,60,58,41,5,26,29,29,2,2,19,19,14,35,0],"gold":46,"neow_bonus":"","is_prod":false,"is_daily":false,"chose_seed":false,"campfire_upgraded":0,"win_rate":0,"timestamp":1534366121,"path_taken":["M","?","?","M","M","E","R","?","T","E","$","?","M","M","R","BOSS"],"build_version":"2018-08-09","purchased_purges":0,"victory":false,"max_hp_per_floor":[70,70,70,70,70,70,70,70,70,70,70,70,70,70,70,70],"card_choices":[{"not_picked":["Eviscerate","Bane","Prepared"],"picked":"SKIP","floor":1},{"not_picked":["Underhanded Strike","Backflip"],"picked":"Quick Slash","floor":2},{"not_picked":["Masterful Stab","Skewer"],"picked":"Outmaneuver","floor":4},{"not_picked":["PiercingWail","Dodge and Roll"],"picked":"Dagger Spray","floor":5},{"not_picked":["Dagger Spray","Distraction"],"picked":"Finisher","floor":6},{"not_picked":["Bane","Distraction"],"picked":"Flying Knee","floor":8},{"not_picked":["Skewer","Flying Knee"],"picked":"Slice","floor":10},{"not_picked":["Dagger Throw","Envenom"],"picked":"Sucker Punch","floor":13},{"not_picked":["Blur","All Out Attack"],"picked":"Blade Dance","floor":14}],"player_experience":48282,"relics_obtained":[{"floor":6,"key":"Tiny Chest"},{"floor":9,"key":"Juzu Bracelet"},{"floor":10,"key":"Snake Skull"}],"event_choices":[{"event_name":"Scrap Ooze","player_choice":"success","floor":3,"damage_taken":3},{"event_name":"Mushrooms","player_choice":"Healed and dodged fight","floor":12,"damage_taken":0}],"is_beta":false,"boss_relics":[],"items_purged_floors":[],"is_endless":false,"potions_floor_spawned":[1,4,6,10,13],"killed_by":"The Guardian","ascension_level":0}