{"path_per_floor":["M","M","$","M","M","E","M","R","T","M","M","?","?","M","R","B",null,"M","?","M","M","$","R","?","?","T","M","$","?","$","T","R","B",null,"M","M","?","$","M","E","R","?","T","M","M","$","?","M","R","B"],"character_chosen":"IRONCLAD","items_purchased":["True Grit","Frozen Egg 2","Flex","Metallicize","Havoc","Dark Embrace","Pummel","Havoc"],"gold_per_floor":[112,128,102,120,130,163,182,182,230,248,268,289,289,306,306,405,405,418,418,430,442,66,66,66,66,66,81,31,31,31,31,31,127,127,141,156,156,82,99,126,126,126,126,139,152,28,0,10,10,10],"floor_reached":51,"campfire_rested":4,"playtime":3490,"current_hp_per_floor":[80,80,80,80,55,24,24,48,48,41,30,15,15,16,40,13,80,56,40,38,21,21,45,30,30,30,43,43,43,43,43,68,53,85,85,69,69,69,69,70,70,59,59,81,85,85,85,72,72,83],"items_purged":[],"gold":10,"score":558,"play_id":"43d14258-5965-4e49-9cb6-46f8c581b97c","is_prod":false,"is_daily":false,"is_ascension_mode":false,"campfire_upgraded":2,"path_taken":["M","M","$","?","?","E","M","R","T","M","M","?","?","M","R","BOSS","M","?","M","?","$","R","?","?","T","M","$","?","$","?","R","BOSS","M","M","?","$","M","E","R","?","T","M","M","$","?","M","R","BOSS"],"build_version":"2018-02-12-PROD1","purchased_purges":0,"victory":true,"master_deck":["Strike_R+1","Strike_R+1","Strike_R+1","Strike_R+1","Defend_R+1","Defend_R+1","Defend_R+1","Defend_R+1","Bash","Fiend Fire+1","Iron Wave","True Grit","Anger","Metallicize","Corruption","Limit Break","Inflame","Disarm","Havoc","Demon Form+1","Evolve","Reaper","Shrug It Off","Necronomicurse","Metallicize+1","Flex","Metallicize+1","Metallicize+1","Havoc","Second Wind","Dark Embrace+1","Flame Barrier","Corruption+1","Dark Embrace+1","Havoc","Madness","Madness","Second Wind","Pummel","Havoc","Shrug It Off"],"max_hp_per_floor":[80,80,80,80,80,80,80,80,80,80,80,80,80,80,80,80,80,80,80,80,80,80,80,85,85,85,85,85,85,85,85,85,85,85,85,85,85,85,85,85,85,85,85,85,85,85,85,85,85,85],"relics":["Burning Blood","NeowsBlessing","Ornamental Fan","Bag of Preparation","Odd Mushroom","Runic Cube","Necronomicon","Frozen Egg 2","Ice Cream","Blood Vial","Mark of Pain","Bag of Marbles","Orichalcum","Red Mask"],"card_choices":[{"not_picked":["Iron Wave","True Grit"],"picked":"Fiend Fire"},{"not_picked":["Heavy Blade","Searing Blow"],"picked":"Iron Wave"},{"not_picked":["Armaments","Reckless Charge"],"picked":"Anger"},{"not_picked":["Uppercut","Clash"],"picked":"Metallicize"},{"not_picked":["Sword Boomerang","Clash"],"picked":"Corruption"},{"not_picked":["Body Slam","Searing Blow"],"picked":"Limit Break"},{"not_picked":["Warcry","Battle Trance"],"picked":"Inflame"},{"not_picked":["Blood for Blood","Warcry"],"picked":"Disarm"},{"not_picked":["Uppercut","Heavy Blade"],"picked":"Havoc"},{"not_picked":["Heavy Blade","Twin Strike"],"picked":"Evolve"},{"not_picked":["Barricade","Offering"],"picked":"Reaper"},{"not_picked":["Perfected Strike","Body Slam"],"picked":"Shrug It Off"},{"not_picked":["Anger","Power Through"],"picked":"Metallicize"},{"not_picked":["Offering","Armaments"],"picked":"Metallicize"},{"not_picked":["Feed","Brutality"],"picked":"Dark Embrace"},{"not_picked":["Thunderclap","Headbutt"],"picked":"Flame Barrier"},{"not_picked":["Warcry","Clothesline"],"picked":"Corruption"},{"not_picked":["Body Slam","Evolve"],"picked":"Havoc"},{"not_picked":["Pommel Strike","Armaments"],"picked":"Second Wind"},{"not_picked":["Sever Soul","Perfected Strike"],"picked":"Shrug It Off"}],"player_experience":119505,"potions_floor_usage":[6,12,16,16,27,33,33,40,40,50,50,50],"damage_taken":[{"damage":0,"enemies":"Blue Slaver","floor":1,"turns":1},{"damage":0,"enemies":"2 Louse","floor":2,"turns":1},{"damage":0,"enemies":"Small Slimes","floor":4,"turns":2},{"damage":31,"enemies":"Exordium Thugs","floor":5,"turns":4},{"damage":37,"enemies":"Lagavulin","floor":6,"turns":7},{"damage":6,"enemies":"3 Louse","floor":7,"turns":4},{"damage":13,"enemies":"Red Slaver","floor":10,"turns":2},{"damage":17,"enemies":"Exordium Thugs","floor":11,"turns":5},{"damage":21,"enemies":"The Mushroom Lair","floor":12,"turns":5},{"damage":5,"enemies":"Looter","floor":14,"turns":2},{"damage":33,"enemies":"Slime Boss","floor":16,"turns":9},{"damage":30,"enemies":"Spheric Guardian","floor":18,"turns":6},{"damage":8,"enemies":"Shell Parasite","floor":20,"turns":4},{"damage":23,"enemies":"Centurion and Healer","floor":21,"turns":7},{"damage":33,"enemies":"Cultist and Chosen","floor":27,"turns":6},{"damage":47,"enemies":"Collector","floor":33,"turns":9},{"damage":1,"enemies":"Orb Walker","floor":35,"turns":4},{"damage":42,"enemies":"3 Shapes","floor":36,"turns":5},{"damage":32,"enemies":"Sphere and 2 Shapes","floor":39,"turns":5},{"damage":39,"enemies":"2 Orb Walkers","floor":40,"turns":5},{"damage":0,"enemies":"Maw","floor":44,"turns":6},{"damage":13,"enemies":"3 Darklings","floor":45,"turns":5},{"damage":26,"enemies":"Sphere and 2 Shapes","floor":48,"turns":7},{"damage":43,"enemies":"Time Eater","floor":50,"turns":9}],"event_choices":[{"event_name":"Mushrooms","player_choice":"Fought Mushrooms","floor":12,"damage_taken":0},{"event_name":"Transmorgrifier","player_choice":"Transform","floor":13,"damage_taken":0},{"event_name":"Cursed Tome","player_choice":"Obtained Book","floor":19,"damage_taken":0},{"event_name":"Forgotten Altar","player_choice":"Shed Blood","floor":24,"damage_taken":0},{"event_name":"Back to Basics","player_choice":"Simplicity","floor":25,"damage_taken":0},{"event_name":"The Library","player_choice":"Read","floor":29,"damage_taken":0},{"event_name":"Mysterious Sphere","player_choice":"Ignore","floor":37,"damage_taken":0},{"event_name":"Winding Halls","player_choice":"Embrace Madness","floor":42,"damage_taken":0},{"event_name":"Tomb of Lord Red Mask","player_choice":"Paid","floor":47,"damage_taken":0}],"boss_relics":[{"not_picked":["Black Blood","Lizard Tail"],"picked":"Runic Cube"},{"not_picked":["Runic Dome","Question Card"],"picked":"Mark of Pain"}],"potions_floor_spawned":[2,4,7,11,12,18,21,27,33,36,39,40,48],"seed_played":"7310608595539363050","ascension_level":0,"is_trial":false}