{"path_per_floor":["M","$","M","M","?","M","E","R","T","R","M","?","?","M","R"],"character_chosen":"IRONCLAD","items_purchased":["Matryoshka"],"gold_per_floor":[361,47,47,67,67,84,110,110,110,110,127,127,150,160,160],"floor_reached":16,"campfire_rested":1,"playtime":470,"current_hp_per_floor":[64,64,65,68,68,68,47,47,47,47,43,27,21,27,51],"items_purged":["Regret"],"gold":160,"score":102,"play_id":"b93e7252-2114-49f3-b5c6-067a84fae99e","is_prod":false,"is_daily":false,"is_ascension_mode":false,"campfire_upgraded":2,"path_taken":["M","$","?","M","?","M","E","R","T","R","?","?","?","?","R","BOSS"],"build_version":"2018-02-12-PROD1","purchased_purges":1,"victory":false,"master_deck":["Strike_R","Strike_R","Strike_R","Strike_R","Strike_R+1","Defend_R","Defend_R","Defend_R+1","Defend_R","Bash","Iron Wave","Shrug It Off","Burning Pact","Thunderclap+1","Bludgeon+1","Bloodletting","Cleave","Shrug It Off"],"max_hp_per_floor":[80,80,80,80,80,80,80,80,80,80,80,80,80,80,80],"relics":["Burning Blood","Matryoshka","Bag of Preparation","Omamori","Red Skull","Odd Mushroom"],"card_choices":[{"not_picked":["Perfected Strike","Warcry"],"picked":"Iron Wave"},{"not_picked":["Fiend Fire","Rage"],"picked":"Clothesline"},{"not_picked":["Heavy Blade","Rupture"],"picked":"Shrug It Off"},{"not_picked":["Metallicize","Infernal Blade"],"picked":"Thunderclap"},{"not_picked":["Spot Weakness","Shrug It Off"],"picked":"Bludgeon"},{"not_picked":["Iron Wave","Blood for Blood"],"picked":"Bloodletting"},{"not_picked":["Dual Wield","Clothesline"],"picked":"Cleave"},{"not_picked":["Anger","Brutality"],"picked":"Shrug It Off"}],"player_experience":260621,"potions_floor_usage":[7,16],"damage_taken":[{"damage":22,"enemies":"Blue Slaver","floor":1,"turns":3},{"damage":5,"enemies":"Small Slimes","floor":3,"turns":4},{"damage":3,"enemies":"Jaw Worm","floor":4,"turns":3},{"damage":6,"enemies":"Exordium Thugs","floor":6,"turns":5},{"damage":27,"enemies":"3 Sentries","floor":7,"turns":8},{"damage":10,"enemies":"Looter","floor":11,"turns":2},{"damage":12,"enemies":"The Mushroom Lair","floor":13,"turns":3},{"damage":0,"enemies":"2 Fungi Beasts","floor":14,"turns":3},{"damage":52,"enemies":"Hexaghost","floor":16,"turns":9}],"event_choices":[{"event_name":"Transmorgrifier","player_choice":"Transform","floor":5,"damage_taken":0},{"event_name":"Shining Light","player_choice":"Entered Light","floor":12,"damage_taken":0},{"event_name":"Mushrooms","player_choice":"Fought Mushrooms","floor":13,"damage_taken":0}],"boss_relics":[],"potions_floor_spawned":[4,11],"seed_played":"-753411667451068352","killed_by":"Hexaghost","ascension_level":0,"is_trial":false}