{"gold_per_floor":[111,111,64,81,6,40,40,60,60,91,109,109,135,135,135,259,259,274,289,50,65,83,83,108,149,149,149,163,186,206,246,246,370,433,449,463,479,2,23,62,75,108,163,61,92,152,191,205,205,205],"floor_reached":51,"playtime":4832,"items_purged":["Parasite","Defend_G"],"score":1318,"play_id":"be3b9926-18a6-47b3-9a27-6a3c9796b619","local_time":"20181225075744","is_ascension_mode":true,"campfire_choices":[{"data":"Endless Agony","floor":7,"key":"SMITH"},{"floor":15,"key":"REST"},{"floor":23,"key":"REST"},{"floor":27,"key":"REST"},{"data":"Adrenaline","floor":32,"key":"SMITH"},{"floor":49,"key":"REST"}],"neow_cost":"CURSE","seed_source_timestamp":31421305238861,"circlet_count":0,"master_deck":["Defend_G","Defend_G+1","Defend_G","Defend_G","Strike_G","Strike_G","Strike_G","Strike_G","Strike_G","Survivor","Neutralize","Endless Agony+1","Prepared","Prepared","Cloak And Dagger+1","Escape Plan","Finisher","Blade Dance","Adrenaline+1","Corpse Explosion","Backstab","Dagger Throw","Prepared","Tactician+1","A Thousand Cuts","After Image","Slice","Endless Agony","Slice+1","Prepared+1","Infinite Blades+1","Slice","Blade Dance+1","Prepared"],"relics":["Ring of the Snake","Tough Bandages","Singing Bowl","Dodecahedron","Unceasing Top","Ninja Scroll","Golden Idol","Sozu","Kunai","Lantern","Gambling Chip","Smiling Mask","Tiny House","Calipers","OrangePellets","Blue Candle","Art of War","Orichalcum","Pen Nib","Girya","Bottled Lightning"],"potions_floor_usage":[6,10,10,16],"damage_taken":[{"damage":0,"enemies":"2 Louse","floor":1,"turns":3},{"damage":0,"enemies":"Jaw Worm","floor":4,"turns":3},{"damage":28,"enemies":"Gremlin Nob","floor":6,"turns":6},{"damage":0,"enemies":"Small Slimes","floor":8,"turns":3},{"damage":3,"enemies":"3 Sentries","floor":10,"turns":14},{"damage":3,"enemies":"Exordium Thugs","floor":11,"turns":6},{"damage":15,"enemies":"Gremlin Nob","floor":13,"turns":4},{"damage":50,"enemies":"Hexaghost","floor":16,"turns":16},{"damage":12,"enemies":"2 Thieves","floor":18,"turns":4},{"damage":0,"enemies":"Chosen","floor":19,"turns":3},{"damage":19,"enemies":"Snake Plant","floor":21,"turns":4},{"damage":2,"enemies":"Centurion and Healer","floor":22,"turns":4},{"damage":0,"enemies":"3 Cultists","floor":24,"turns":2},{"damage":26,"enemies":"Book of Stabbing","floor":25,"turns":7},{"damage":0,"enemies":"Chosen and Byrds","floor":28,"turns":4},{"damage":0,"enemies":"Cultist and Chosen","floor":29,"turns":4},{"damage":0,"enemies":"Snake Plant","floor":30,"turns":2},{"damage":0,"enemies":"Slavers","floor":31,"turns":2},{"damage":1,"enemies":"Collector","floor":33,"turns":10},{"damage":0,"enemies":"3 Darklings","floor":35,"turns":2},{"damage":0,"enemies":"Orb Walker","floor":36,"turns":1},{"damage":16,"enemies":"4 Shapes","floor":37,"turns":2},{"damage":0,"enemies":"Jaw Worm Horde","floor":39,"turns":2},{"damage":0,"enemies":"Reptomancer","floor":40,"turns":9},{"damage":0,"enemies":"3 Darklings","floor":41,"turns":2},{"damage":0,"enemies":"Giant Head","floor":42,"turns":9},{"damage":1,"enemies":"Reptomancer","floor":45,"turns":6},{"damage":8,"enemies":"2 Orb Walkers","floor":46,"turns":2},{"damage":0,"enemies":"Nemesis","floor":47,"turns":3},{"damage":0,"enemies":"4 Shapes","floor":48,"turns":3},{"damage":0,"enemies":"Awakened One","floor":50,"turns":13}],"seed_played":"2855098883937188043","potions_obtained":[{"floor":4,"key":"Dexterity Potion"},{"floor":6,"key":"Regen Potion"},{"floor":8,"key":"EssenceOfSteel"},{"floor":13,"key":"Regen Potion"}],"is_trial":false,"path_per_floor":["M","?","$","M","$","E","R","M","T","E","M","?","E","?","R","B",null,"M","M","$","M","M","R","M","E","T","R","M","M","M","E","R","B",null,"M","M","M","$","M","E","M","E","T","$","E","?","E","M","R","B",null],"character_chosen":"THE_SILENT","items_purchased":["Prepared","Kunai","Calipers","OrangePellets","Slice"],"campfire_rested":4,"item_purchase_floors":[3,20,38,38,44],"current_hp_per_floor":[63,68,68,68,68,42,42,42,42,54,51,51,36,18,40,5,57,47,47,47,28,26,48,50,26,26,50,50,50,52,52,52,51,79,79,81,65,65,67,67,69,69,69,69,70,64,64,64,93,93],"gold":205,"neow_bonus":"ONE_RARE_RELIC","is_prod":false,"is_daily":false,"chose_seed":false,"campfire_upgraded":2,"win_rate":0,"timestamp":1545717464,"path_taken":["M","?","$","M","$","E","R","M","T","E","M","?","E","?","R","BOSS","M","M","$","M","M","R","M","E","T","R","M","M","M","E","R","BOSS","M","M","M","$","M","E","M","E","T","$","E","?","E","M","R","BOSS"],"build_version":"2018-12-20","purchased_purges":2,"victory":true,"max_hp_per_floor":[70,75,75,75,72,74,74,74,74,74,74,74,74,74,74,74,74,76,76,76,76,76,76,78,80,80,80,80,80,82,82,82,82,87,87,89,89,89,91,91,93,93,93,93,95,97,97,97,97,97],"card_choices":[{"not_picked":["Choke","Flying Knee"],"picked":"Endless Agony","floor":1},{"not_picked":["Tactician","Cloak And Dagger"],"picked":"Prepared","floor":4},{"not_picked":["Sucker Punch","Choke","Prepared"],"picked":"Singing Bowl","floor":6},{"not_picked":["Backflip","Deadly Poison"],"picked":"Cloak And Dagger","floor":8},{"not_picked":["Caltrops","Bane"],"picked":"Escape Plan","floor":10},{"not_picked":["Predator","Terror"],"picked":"Finisher","floor":11},{"not_picked":["Distraction","Dagger Spray"],"picked":"Blade Dance","floor":13},{"not_picked":["Night Terror","Wraith Form v2"],"picked":"Adrenaline","floor":16},{"not_picked":["Sucker Punch+1","Well Laid Plans","Choke"],"picked":"Singing Bowl","floor":18},{"not_picked":["Bane","Outmaneuver"],"picked":"Corpse Explosion","floor":19},{"not_picked":["Slice+1","Choke"],"picked":"Backstab","floor":21},{"not_picked":["Distraction","Acrobatics"],"picked":"Dagger Throw","floor":22},{"not_picked":["Quick Slash","Dagger Throw","Acrobatics"],"picked":"Singing Bowl","floor":24},{"not_picked":["Bouncing Flask","Bane","Caltrops"],"picked":"Singing Bowl","floor":25},{"not_picked":["Expertise","Terror"],"picked":"Prepared","floor":28},{"not_picked":["Expertise","Calculated Gamble+1"],"picked":"Tactician+1","floor":29},{"not_picked":["Doppelganger","Dodge and Roll+1","Outmaneuver"],"picked":"Singing Bowl","floor":30},{"not_picked":["Doppelganger","Tactician"],"picked":"A Thousand Cuts","floor":31},{"not_picked":["Glass Knife","Storm of Steel"],"picked":"After Image","floor":33},{"not_picked":["Riddle With Holes","Bane"],"picked":"Slice","floor":34},{"not_picked":["Sucker Punch","Setup+1"],"picked":"Endless Agony","floor":35},{"not_picked":["Skewer+1","Noxious Fumes","Well Laid Plans"],"picked":"Singing Bowl","floor":36},{"not_picked":["Choke","Cloak And Dagger+1"],"picked":"Slice+1","floor":37},{"not_picked":["Quick Slash","Expertise+1","Dagger Spray+1"],"picked":"Singing Bowl","floor":39},{"not_picked":["Die Die Die","Cloak And Dagger"],"picked":"Prepared+1","floor":40},{"not_picked":["Distraction+1","Outmaneuver+1","Poisoned Stab+1"],"picked":"Singing Bowl","floor":41},{"not_picked":["Backflip","Outmaneuver"],"picked":"Infinite Blades+1","floor":42},{"not_picked":["Caltrops","PiercingWail","Bouncing Flask+1"],"picked":"Singing Bowl","floor":45},{"not_picked":["Expertise","Deadly Poison","Outmaneuver"],"picked":"Singing Bowl","floor":46},{"not_picked":["Finisher+1","Backflip+1"],"picked":"Blade Dance+1","floor":47},{"not_picked":["Sucker Punch+1","Night Terror"],"picked":"Prepared","floor":48}],"player_experience":160837,"relics_obtained":[{"floor":6,"key":"Singing Bowl"},{"floor":9,"key":"Dodecahedron"},{"floor":10,"key":"Unceasing Top"},{"floor":13,"key":"Ninja Scroll"},{"floor":25,"key":"Lantern"},{"floor":26,"key":"Gambling Chip"},{"floor":31,"key":"Smiling Mask"},{"floor":40,"key":"Blue Candle"},{"floor":42,"key":"Art of War"},{"floor":43,"key":"Orichalcum"},{"floor":45,"key":"Pen Nib"},{"floor":46,"key":"Girya"},{"floor":47,"key":"Bottled Lightning"}],"event_choices":[{"damage_healed":0,"gold_gain":0,"player_choice":"Donut","damage_taken":0,"max_hp_gain":5,"max_hp_loss":0,"event_name":"Big Fish","floor":2,"gold_loss":0},{"damage_healed":0,"gold_gain":0,"player_choice":"Grow","damage_taken":0,"max_hp_gain":0,"max_hp_loss":0,"event_name":"Living Wall","floor":12,"gold_loss":0,"cards_upgraded":["Cloak And Dagger"]},{"damage_healed":0,"gold_gain":0,"player_choice":"Take Damage","damage_taken":18,"relics_obtained":["Golden Idol"],"max_hp_gain":0,"max_hp_loss":0,"event_name":"Golden Idol","floor":14,"gold_loss":0},{"damage_healed":0,"gold_gain":0,"player_choice":"Fight","damage_taken":0,"max_hp_gain":0,"max_hp_loss":0,"event_name":"Mysterious Sphere","floor":46,"gold_loss":0}],"is_beta":false,"boss_relics":[{"not_picked":["Pandora\u0027s Box","HoveringKite"],"picked":"Sozu"},{"not_picked":["Cursed Key","Calling Bell"],"picked":"Tiny House"}],"items_purged_floors":[5,44],"is_endless":false,"potions_floor_spawned":[4,6,8,13,19,22,25,29,31,40,41,45,47],"ascension_level":6}