{"path_per_floor":["M","?","M","M","M","R","E","M","T","R","?","R","?","M","R","B",null,"M","?","?","M","M","$","R","M","T","M","R","E","$","M","R"],"character_chosen":"IRONCLAD","items_purchased":["Matryoshka"],"gold_per_floor":[110,185,202,215,234,234,260,274,274,274,224,224,224,249,249,377,377,397,397,397,416,441,115,115,135,135,159,159,197,97,118,118],"floor_reached":33,"campfire_rested":5,"playtime":941,"current_hp_per_floor":[80,69,69,64,64,64,54,32,39,65,65,87,81,81,81,53,81,61,61,61,52,48,48,72,42,42,35,59,26,26,46,72],"items_purged":["Defend_R","Defend_R"],"gold":118,"score":269,"play_id":"c57541e5-421f-42a0-88e5-69baef0c3071","is_prod":false,"is_daily":false,"is_ascension_mode":false,"campfire_upgraded":2,"path_taken":["M","?","M","M","M","R","E","M","T","R","?","R","?","?","R","BOSS","M","?","?","?","M","?","R","M","T","M","R","E","$","M","R","BOSS"],"build_version":"2018-02-12-PROD1","purchased_purges":2,"victory":false,"master_deck":["Strike_R","Strike_R","Strike_R","Strike_R","Strike_R","Defend_R","Bash+1","Clash","Cleave","Pommel Strike+1","Reaper","Clash","Iron Wave+1"],"max_hp_per_floor":[80,80,80,80,80,80,80,80,87,87,87,87,81,81,81,81,81,81,81,81,81,81,81,81,81,81,83,83,85,85,87,87],"relics":["Black Blood","Bronze Scales","Centennial Puzzle","Strawberry","Golden Idol","Matryoshka","Singing Bowl","Gambling Chip","Oddly Smooth Stone"],"card_choices":[{"not_picked":["Sever Soul","Havoc"],"picked":"Clash"},{"not_picked":["Flame Barrier","Armaments"],"picked":"Cleave"},{"not_picked":["Heavy Blade","Dark Embrace"],"picked":"Pommel Strike"},{"not_picked":["Double Tap","Limit Break"],"picked":"Reaper"},{"not_picked":["Corruption","Twin Strike"],"picked":"Iron Wave"}],"player_experience":264473,"potions_floor_usage":[5,22,25,29,31,33],"damage_taken":[{"damage":5,"enemies":"Small Slimes","floor":1,"turns":3},{"damage":6,"enemies":"Cultist","floor":3,"turns":3},{"damage":11,"enemies":"Jaw Worm","floor":4,"turns":2},{"damage":6,"enemies":"2 Fungi Beasts","floor":5,"turns":2},{"damage":16,"enemies":"Lagavulin","floor":7,"turns":5},{"damage":28,"enemies":"Exordium Wildlife","floor":8,"turns":4},{"damage":5,"enemies":"Looter","floor":14,"turns":2},{"damage":34,"enemies":"Slime Boss","floor":16,"turns":6},{"damage":30,"enemies":"2 Thieves","floor":18,"turns":3},{"damage":19,"enemies":"Shell Parasite","floor":21,"turns":4},{"damage":22,"enemies":"3 Cultists","floor":22,"turns":5},{"damage":40,"enemies":"Cultist and Chosen","floor":25,"turns":5},{"damage":19,"enemies":"Centurion and Healer","floor":27,"turns":6},{"damage":45,"enemies":"Gremlin Leader","floor":29,"turns":6},{"damage":15,"enemies":"3 Cultists","floor":31,"turns":4},{"damage":111,"enemies":"Collector","floor":33,"turns":5}],"event_choices":[{"event_name":"World of Goop","player_choice":"Gather Gold","floor":2,"damage_taken":0},{"event_name":"The Cleric","player_choice":"Card Removal","floor":11,"damage_taken":0},{"event_name":"Golden Idol","player_choice":"Lose Max HP","floor":13,"damage_taken":0},{"event_name":"Duplicator","player_choice":"One dupe","floor":19,"damage_taken":0},{"event_name":"Match and Keep!","player_choice":"0 cards matched","floor":20,"damage_taken":0}],"boss_relics":[{"not_picked":["Pandora\u0027s Box","Question Card"],"picked":"Black Blood"}],"potions_floor_spawned":[1,5,8,16,22,29,31],"seed_played":"8024493125111375753","killed_by":"Collector","ascension_level":0,"is_trial":false}