{"path_per_floor":["M","?","M","$","?","E","M","R","T","M","M","M","R","M","R","B",null,"M","?","?","M","$","E","R","M","T","M","R","?","?","$","R"],"character_chosen":"THE_SILENT","items_purchased":["Noxious Fumes","Backstab","Caltrops","Catalyst","Footwork","Escape Plan","Corpse Explosion"],"gold_per_floor":[117,117,134,23,23,57,82,82,82,106,129,152,152,167,167,292,292,308,308,308,328,149,190,190,208,279,298,298,298,298,83,83,83],"floor_reached":33,"campfire_rested":4,"playtime":1308,"current_hp_per_floor":[70,70,70,70,53,53,53,53,53,50,42,44,44,42,63,52,66,42,42,42,13,13,25,46,32,32,25,46,46,46,46,67,0],"items_purged":["Writhe"],"gold":83,"score":428,"play_id":"b28a03e7-b7dc-4cc0-b94b-8f9a356b8de7","local_time":"20180329225958","is_prod":false,"is_daily":false,"is_ascension_mode":true,"campfire_upgraded":2,"timestamp":1522378798,"path_taken":["M","?","M","$","?","E","M","R","T","M","M","M","R","M","R","BOSS","M","?","?","?","$","E","R","M","T","M","R","?","?","$","R","BOSS"],"build_version":"2018-03-29","purchased_purges":2,"victory":false,"master_deck":["Defend_G","Defend_G","Defend_G","Defend_G","Defend_G","Strike_G","Strike_G","Strike_G","Strike_G","Strike_G","Survivor","Neutralize","Deadly Poison+1","Poisoned Stab","Noxious Fumes+1","Backstab","Bouncing Flask","Backstab","Catalyst+1","Catalyst","A Thousand Cuts","Dodge and Roll+1","Caltrops","Catalyst","Bouncing Flask+1","Cloak And Dagger+1","Blur+1","Corpse Explosion","Footwork","Escape Plan","Corpse Explosion"],"max_hp_per_floor":[70,70,70,70,70,70,70,70,70,70,70,70,70,70,70,70,70,70,70,70,70,70,70,70,70,70,70,70,70,70,70,70,70],"relics":["Ring of the Snake","NeowsBlessing","Golden Idol","Unceasing Top","Meat on the Bone","Runic Pyramid","Shuriken","Oddly Smooth Stone","Blue Candle"],"card_choices":[{"not_picked":["Slice","Bane"],"picked":"Deadly Poison","floor":1},{"not_picked":["Dagger Spray","Quick Slash"],"picked":"Poisoned Stab","floor":3},{"not_picked":["Deflect","Underhanded Strike"],"picked":"Bouncing Flask","floor":6},{"not_picked":["Skewer","Bouncing Flask"],"picked":"Backstab","floor":11},{"not_picked":["Dash","Caltrops"],"picked":"Catalyst","floor":12},{"not_picked":["Terror","Expertise"],"picked":"Catalyst","floor":14},{"not_picked":["Burst","Wraith Form"],"picked":"A Thousand Cuts","floor":16},{"not_picked":["Riddle With Holes","Deadly Poison"],"picked":"Dodge and Roll","floor":18},{"not_picked":["Setup","Poisoned Stab"],"picked":"Bouncing Flask","floor":23},{"not_picked":["Backflip","Bouncing Flask"],"picked":"Cloak And Dagger","floor":25},{"not_picked":["Dagger Throw","Prepared"],"picked":"Blur","floor":27}],"player_experience":372537,"potions_floor_usage":[23,23,23,27],"damage_taken":[{"damage":0,"enemies":"Jaw Worm","floor":1,"turns":1},{"damage":0,"enemies":"Cultist","floor":3,"turns":1},{"damage":0,"enemies":"3 Sentries","floor":6,"turns":1},{"damage":0,"enemies":"Small Slimes","floor":7,"turns":3},{"damage":3,"enemies":"Looter","floor":10,"turns":2},{"damage":8,"enemies":"Blue Slaver","floor":11,"turns":3},{"damage":10,"enemies":"Exordium Thugs","floor":12,"turns":4},{"damage":2,"enemies":"Lots of Slimes","floor":14,"turns":4},{"damage":11,"enemies":"The Guardian","floor":16,"turns":6},{"damage":36,"enemies":"2 Thieves","floor":18,"turns":5},{"damage":41,"enemies":"Spheric Guardian","floor":21,"turns":6},{"damage":0,"enemies":"Gremlin Leader","floor":23,"turns":3},{"damage":26,"enemies":"Snake Plant","floor":25,"turns":4},{"damage":34,"enemies":"Slaver and Parasite","floor":27,"turns":6},{"damage":87,"enemies":"Collector","floor":33,"turns":6}],"event_choices":[{"event_name":"Upgrade Shrine","player_choice":"Upgraded","floor":2,"damage_taken":0},{"event_name":"Golden Idol","player_choice":"Take Damage","floor":5,"damage_taken":0},{"event_name":"The Mausoleum","player_choice":"Yes","floor":19,"damage_taken":0},{"event_name":"Vampires","player_choice":"Ignored","floor":20,"damage_taken":0},{"event_name":"The Library","player_choice":"Read","floor":29,"damage_taken":0},{"event_name":"Ghosts","player_choice":"Ignored","floor":30,"damage_taken":0}],"boss_relics":[{"not_picked":["Black Star","Runic Dome"],"picked":"Runic Pyramid"}],"potions_floor_spawned":[3,7,18,23],"seed_played":"9038023971923472851","killed_by":"Collector","ascension_level":5,"is_trial":false}