{"gold_per_floor":[209,63,74,85,104,121,71,71,71,71,84,109,109,142,142,247,247,267,282,298,298,315,315,225,241,268,318,318,333,350,25,25,121,121,137,149,149,160,106,106,106,106,133,0,12],"floor_reached":45,"playtime":5485,"items_purged":["Strike_R","Strike_R"],"score":448,"play_id":"42fbaa4e-10ef-49fa-9750-0c9bab390d0b","local_time":"20190129212402","is_ascension_mode":true,"campfire_choices":[{"data":"Rage","floor":8,"key":"SMITH"},{"data":"Disarm","floor":10,"key":"SMITH"},{"data":"True Grit","floor":13,"key":"SMITH"},{"data":"Bash","floor":15,"key":"SMITH"},{"data":"Iron Wave","floor":23,"key":"SMITH"},{"data":"Double Tap","floor":28,"key":"SMITH"},{"data":"Rampage","floor":32,"key":"SMITH"},{"data":"Limit Break","floor":40,"key":"SMITH"},{"data":"Metallicize","floor":42,"key":"SMITH"}],"neow_cost":"NONE","seed_source_timestamp":809073080527970,"circlet_count":0,"master_deck":["Strike_R","Strike_R","Strike_R","Defend_R","Defend_R","Bash+1","Clothesline","Disarm+1","True Grit+1","Shrug It Off","Shrug It Off+1","Rage+1","Pommel Strike","Double Tap+1","Cleave","Impervious","Headbutt+1","Dual Wield+1","Iron Wave+1","Offering","Body Slam+1","Spot Weakness","Uppercut","Rampage+1","Limit Break+1","Sword Boomerang","Burning Pact+1","Exhume","Pummel","Metallicize+1","Exhume","Headbutt+1","Heavy Blade","Writhe"],"relics":["Burning Blood","Paper Frog","Gambling Chip","Bottled Flame","Coffee Dripper","Oddly Smooth Stone","Blood Vial","Orrery","MawBank","Red Mask"],"potions_floor_usage":[12,14,16,33,45],"damage_taken":[{"damage":0,"enemies":"2 Louse","floor":1,"turns":2},{"damage":6,"enemies":"Jaw Worm","floor":3,"turns":4},{"damage":5,"enemies":"Cultist","floor":4,"turns":4},{"damage":9,"enemies":"3 Louse","floor":5,"turns":5},{"damage":19,"enemies":"Exordium Thugs","floor":6,"turns":9},{"damage":8,"enemies":"Exordium Wildlife","floor":11,"turns":8},{"damage":32,"enemies":"3 Sentries","floor":12,"turns":10},{"damage":2,"enemies":"Gremlin Nob","floor":14,"turns":4},{"damage":27,"enemies":"Slime Boss","floor":16,"turns":11},{"damage":7,"enemies":"2 Thieves","floor":18,"turns":4},{"damage":2,"enemies":"Chosen","floor":19,"turns":3},{"damage":24,"enemies":"3 Cultists","floor":20,"turns":6},{"damage":7,"enemies":"Chosen and Byrds","floor":22,"turns":7},{"damage":18,"enemies":"Centurion and Healer","floor":25,"turns":7},{"damage":0,"enemies":"Snecko","floor":29,"turns":6},{"damage":17,"enemies":"Cultist and Chosen","floor":30,"turns":8},{"damage":32,"enemies":"Champ","floor":33,"turns":9},{"damage":6,"enemies":"Orb Walker","floor":35,"turns":4},{"damage":42,"enemies":"3 Shapes","floor":36,"turns":8},{"damage":7,"enemies":"Sphere and 2 Shapes","floor":38,"turns":4},{"damage":87,"enemies":"Reptomancer","floor":45,"turns":3}],"seed_played":"4686966249189079567","potions_obtained":[{"floor":1,"key":"BloodPotion"},{"floor":3,"key":"Strength Potion"},{"floor":6,"key":"Regen Potion"},{"floor":12,"key":"FairyPotion"},{"floor":14,"key":"Dexterity Potion"},{"floor":18,"key":"FearPotion"},{"floor":38,"key":"Block Potion"}],"is_trial":false,"path_per_floor":["M","$","M","M","M","M","?","R","T","R","M","E","R","E","R","B",null,"M","M","M","?","M","R","?","M","T","?","R","M","M","$","R","B",null,"M","M","$","M","$","R","?","R","T","?","E"],"character_chosen":"IRONCLAD","items_purchased":["Disarm","Blood Vial","Rampage","Heavy Blade"],"campfire_rested":0,"item_purchase_floors":[2,31,31,39],"current_hp_per_floor":[80,80,80,80,77,64,64,64,64,64,62,44,44,60,60,39,80,79,80,62,62,61,61,61,49,49,49,49,55,44,44,44,20,80,80,44,44,45,45,45,65,65,65,65,0],"gold":12,"neow_bonus":"HUNDRED_GOLD","is_prod":false,"is_daily":false,"chose_seed":false,"campfire_upgraded":9,"win_rate":0,"timestamp":1548797042,"path_taken":["M","$","M","M","M","M","?","R","T","R","M","E","R","E","R","BOSS","M","M","M","?","M","R","?","?","T","?","R","M","M","?","R","BOSS","M","M","$","M","$","R","?","R","T","?","E"],"build_version":"2019-01-23","purchased_purges":2,"victory":false,"max_hp_per_floor":[80,80,80,80,80,80,80,80,80,80,80,80,80,80,80,80,80,80,80,80,80,80,80,80,80,80,80,80,80,80,80,80,80,80,80,80,80,80,80,80,80,80,80,80,80],"card_choices":[{"not_picked":["Havoc","Sword Boomerang"],"picked":"Clothesline","floor":1},{"not_picked":["Reckless Charge","Wild Strike"],"picked":"True Grit","floor":3},{"not_picked":["Brutality","Sword Boomerang"],"picked":"Shrug It Off","floor":4},{"not_picked":["Perfected Strike","Clash"],"picked":"Shrug It Off","floor":5},{"not_picked":["Hemokinesis","Armaments"],"picked":"Rage","floor":6},{"not_picked":["True Grit","Combust"],"picked":"Pommel Strike","floor":11},{"not_picked":["Thunderclap","Reckless Charge"],"picked":"Double Tap","floor":12},{"not_picked":["Sentinel","Havoc"],"picked":"Cleave","floor":14},{"not_picked":["Brutality","Double Tap"],"picked":"Impervious","floor":16},{"not_picked":["Sever Soul","Armaments"],"picked":"Headbutt+1","floor":18},{"not_picked":["Sword Boomerang","Intimidate"],"picked":"Dual Wield+1","floor":19},{"not_picked":["Dual Wield","Sever Soul+1"],"picked":"Iron Wave","floor":20},{"not_picked":["Clothesline","Sentinel"],"picked":"Offering","floor":22},{"not_picked":["Blood for Blood","Clothesline"],"picked":"Body Slam+1","floor":25},{"not_picked":["Wild Strike","Entrench"],"picked":"Spot Weakness","floor":29},{"not_picked":["Flex+1","Body Slam+1"],"picked":"Uppercut","floor":30},{"not_picked":["Offering","Dark Embrace"],"picked":"Limit Break","floor":33},{"not_picked":["Iron Wave+1","Thunderclap"],"picked":"Sword Boomerang","floor":34},{"not_picked":["Feel No Pain+1","Clothesline"],"picked":"Burning Pact+1","floor":34},{"not_picked":["Pommel Strike+1","Armaments"],"picked":"Exhume","floor":34},{"not_picked":["Power Through","Uppercut+1"],"picked":"Pummel","floor":34},{"not_picked":["Wild Strike+1","Body Slam"],"picked":"Metallicize","floor":34},{"not_picked":["Feel No Pain+1","Anger","Sentinel+1"],"picked":"SKIP","floor":35},{"not_picked":["Power Through","Intimidate"],"picked":"Exhume","floor":36},{"not_picked":["Clothesline+1","Warcry+1"],"picked":"Headbutt+1","floor":38}],"player_experience":382937,"relics_obtained":[{"floor":9,"key":"Paper Frog"},{"floor":12,"key":"Gambling Chip"},{"floor":14,"key":"Bottled Flame"},{"floor":26,"key":"Oddly Smooth Stone"},{"floor":43,"key":"MawBank"}],"event_choices":[{"cards_removed":["Defend_R"],"damage_healed":0,"gold_gain":0,"player_choice":"Card Removal","damage_taken":0,"max_hp_gain":0,"max_hp_loss":0,"event_name":"The Cleric","floor":7,"gold_loss":50},{"damage_healed":0,"gold_gain":0,"player_choice":"Ignored","damage_taken":0,"max_hp_gain":0,"max_hp_loss":0,"event_name":"Vampires","floor":21,"gold_loss":0},{"cards_removed":["Defend_R"],"damage_healed":0,"gold_gain":0,"player_choice":"Upgrade and Remove","damage_taken":0,"max_hp_gain":0,"max_hp_loss":0,"event_name":"Designer","floor":24,"gold_loss":90,"cards_upgraded":["Shrug It Off"]},{"damage_healed":0,"gold_gain":100,"player_choice":"Bet on Murderer","damage_taken":0,"max_hp_gain":0,"max_hp_loss":0,"event_name":"The Joust","floor":27,"gold_loss":50},{"damage_healed":20,"gold_gain":0,"player_choice":"Writhe","damage_taken":0,"max_hp_gain":0,"max_hp_loss":0,"event_name":"Winding Halls","floor":41,"gold_loss":0,"cards_obtained":["Writhe"]},{"damage_healed":0,"gold_gain":0,"player_choice":"Paid","damage_taken":0,"relics_obtained":["Red Mask"],"max_hp_gain":0,"max_hp_loss":0,"event_name":"Tomb of Lord Red Mask","floor":44,"gold_loss":145}],"is_beta":false,"boss_relics":[{"not_picked":["Eternal Feather","Empty Cage"],"picked":"Coffee Dripper"},{"not_picked":["Cursed Key","Runic Cube"],"picked":"Orrery"}],"items_purged_floors":[2,31],"is_endless":false,"potions_floor_spawned":[1,3,6,12,14,18,20,25,29,38],"killed_by":"Reptomancer","ascension_level":1}