{"path_per_floor":["M","M","$","M","M","E","R","M","T","M","R","$","R","E","R","B",null,"M","?","?","M","M","R","$","M","T","M","R","M","R","E","R","B",null,"M","$","?","?","$","?","M","$","T","R","M","E","?","M","R","B"],"character_chosen":"IRONCLAD","items_purchased":["Whirlwind","Havoc","Reaper","Shrug It Off","Metallicize"],"gold_per_floor":[115,128,19,37,47,77,77,94,94,106,106,6,6,39,39,135,135,146,146,61,79,96,96,48,58,58,77,77,90,90,123,123,221,221,232,5,57,57,57,0,15,15,15,15,25,55,55,72,72,72],"floor_reached":51,"campfire_rested":1,"playtime":5042,"current_hp_per_floor":[67,73,73,77,66,62,62,68,68,73,73,73,73,61,61,44,69,60,60,60,50,41,41,41,47,47,42,42,38,76,62,62,37,67,72,72,44,44,44,44,69,69,69,69,77,77,77,77,77,66],"items_purged":["Parasite","Strike_R"],"gold":72,"play_id":"ef019c95-01a0-4b62-a82c-b604c15faa75","is_prod":false,"is_daily":false,"is_ascension_mode":true,"campfire_upgraded":9,"path_taken":["M","M","$","M","?","E","R","M","T","M","R","$","R","E","R","BOSS","M","?","?","M","?","R","$","M","T","M","R","M","R","E","R","BOSS","M","$","?","?","?","?","M","?","T","R","M","E","?","M","R","BOSS"],"build_version":"2018-02-01-PROD3","purchased_purges":2,"victory":true,"master_deck":["Shrug It Off","Body Slam+1","Whirlwind+1","Battle Trance","Seeing Red+1","Battle Trance","Shrug It Off","Demon Form+1","Havoc+1","Shrug It Off","True Grit+1","Havoc+1","Seeing Red","Headbutt","Impervious","Heavy Blade","Havoc+1","Uppercut+1","Havoc+1","Iron Wave","Hemokinesis","Blood for Blood","Sword Boomerang","Reaper","Shrug It Off","Metallicize","Dual Wield+1","Flame Barrier+1","Pommel Strike+1","Shrug It Off","Injury"],"max_hp_per_floor":[80,80,77,77,77,77,77,77,77,77,77,77,77,77,77,77,77,77,77,77,77,77,77,77,77,77,77,77,77,77,77,77,77,77,77,77,77,77,77,77,77,77,77,77,77,77,77,77,77,77],"relics":["Burning Blood","Regal Pillow","Shuriken","Sundial","Cursed Key","Pen Nib","Torii","Pandora\u0027s Box","Charon\u0027s Ashes","Red Mask","Blood Vial"],"card_choices":[{"not_picked":["Ghostly Armor","Cleave"],"picked":"Shrug It Off"},{"not_picked":["Power Through","Havoc"],"picked":"Body Slam"},{"not_picked":["Reckless Charge","Clash"],"picked":"Battle Trance"},{"not_picked":["Clothesline","Shockwave"],"picked":"Seeing Red"},{"not_picked":["Perfected Strike","Burning Pact"],"picked":"Battle Trance"},{"not_picked":["Sword Boomerang","Sever Soul"],"picked":"Shrug It Off"},{"not_picked":["Brutality","Dark Embrace"],"picked":"Demon Form"},{"not_picked":["Iron Wave","Headbutt"],"picked":"Havoc"},{"not_picked":["Metallicize","Juggernaut"],"picked":"True Grit"},{"not_picked":["Fire Breathing","Reckless Charge"],"picked":"Seeing Red"},{"not_picked":["Armaments","True Grit"],"picked":"Headbutt"},{"not_picked":["Feed","Bludgeon"],"picked":"Impervious"},{"not_picked":["Flame Barrier","Reckless Charge"],"picked":"Dual Wield"},{"not_picked":["Shrug It Off","Headbutt"],"picked":"Flame Barrier"},{"not_picked":["Corruption","Wild Strike"],"picked":"Pommel Strike"},{"not_picked":["Uppercut","Combust"],"picked":"Shrug It Off"}],"player_experience":677623,"potions_floor_usage":[6,16,18,22,31,33,37,46,50,50,50],"damage_taken":[{"damage":11,"enemies":"Blue Slaver","floor":1,"turns":7},{"damage":0,"enemies":"2 Louse","floor":2,"turns":4},{"damage":0,"enemies":"Cultist","floor":4,"turns":3},{"damage":17,"enemies":"3 Louse","floor":5,"turns":5},{"damage":10,"enemies":"3 Sentries","floor":6,"turns":6},{"damage":0,"enemies":"Gremlin Gang","floor":8,"turns":2},{"damage":1,"enemies":"Red Slaver","floor":10,"turns":5},{"damage":18,"enemies":"Gremlin Nob","floor":14,"turns":4},{"damage":38,"enemies":"The Guardian","floor":16,"turns":10},{"damage":15,"enemies":"Chosen","floor":18,"turns":5},{"damage":16,"enemies":"Shell Parasite","floor":21,"turns":5},{"damage":15,"enemies":"Snake Plant","floor":22,"turns":4},{"damage":0,"enemies":"Chosen and Byrds","floor":25,"turns":2},{"damage":11,"enemies":"Centurion and Healer","floor":27,"turns":5},{"damage":10,"enemies":"Snecko","floor":29,"turns":4},{"damage":20,"enemies":"Gremlin Leader","floor":31,"turns":5},{"damage":31,"enemies":"Automaton","floor":33,"turns":8},{"damage":1,"enemies":"Orb Walker","floor":35,"turns":3},{"damage":34,"enemies":"Mysterious Sphere","floor":37,"turns":4},{"damage":3,"enemies":"3 Shapes","floor":41,"turns":4},{"damage":3,"enemies":"Maw","floor":45,"turns":7},{"damage":3,"enemies":"2 Orb Walkers","floor":46,"turns":2},{"damage":0,"enemies":"4 Shapes","floor":48,"turns":4},{"damage":42,"enemies":"Awakened One","floor":50,"turns":8}],"event_choices":[{"event_name":"The Library","player_choice":"Read","floor":19,"damage_taken":0},{"event_name":"Addict","player_choice":"Obtained Relic","floor":20,"damage_taken":0},{"event_name":"Mysterious Sphere","player_choice":"Fight","floor":37,"damage_taken":0},{"event_name":"Tomb of Lord Red Mask","player_choice":"Paid","floor":40,"damage_taken":0},{"event_name":"Accursed Blacksmith","player_choice":"Forge","floor":47,"damage_taken":0}],"boss_relics":[{"not_picked":["Astrolabe","Tiny House"],"picked":"Cursed Key"},{"not_picked":["Philosopher\u0027s Stone","Snecko Eye"],"picked":"Pandora\u0027s Box"}],"potions_floor_spawned":[4,5,10,14,16,18,21,29,31,37,45,46],"seed_played":"2250094888380233502","ascension_level":10,"is_trial":false}