{"gold_per_floor":[114,133,183,201,201,201,225,225,225,225,245,280,293,218,218,218],"floor_reached":16,"playtime":493,"items_purged":[],"score":189,"play_id":"de05b97a-1425-4bca-849d-ea37ba901dfb","local_time":"20190228210118","is_ascension_mode":true,"campfire_choices":[{"data":"Blood for Blood","floor":6,"key":"SMITH"},{"data":"Bash","floor":8,"key":"SMITH"},{"data":"Anger","floor":10,"key":"SMITH"},{"data":"Double Tap","floor":15,"key":"SMITH"}],"neow_cost":"NONE","seed_source_timestamp":0,"circlet_count":0,"master_deck":["AscendersBane","Strike_R","Strike_R","Strike_R","Strike_R","Defend_R","Defend_R","Defend_R","Defend_R","Bash+1","Anger+1","Sword Boomerang","Blood for Blood+1","Double Tap+1"],"special_seed":0,"relics":["Burning Blood","NeowsBlessing","Golden Idol","Self Forming Clay","Bag of Preparation"],"potions_floor_usage":[13,13],"damage_taken":[{"damage":0.0,"enemies":"Cultist","floor":1.0,"turns":1.0},{"damage":0.0,"enemies":"Small Slimes","floor":2.0,"turns":1.0},{"damage":0,"enemies":"2 Louse","floor":4,"turns":1},{"damage":20,"enemies":"Lots of Slimes","floor":7,"turns":5},{"damage":4,"enemies":"Exordium Thugs","floor":11,"turns":4},{"damage":29,"enemies":"Gremlin Nob","floor":12,"turns":4},{"damage":9,"enemies":"Exordium Wildlife","floor":13,"turns":3},{"damage":28,"enemies":"The Guardian","floor":16,"turns":7}],"seed_played":"8393410627048254436","potions_obtained":[{"floor":1.0,"key":"BloodPotion"},{"floor":4,"key":"LiquidBronze"},{"floor":12,"key":"Regen Potion"}],"is_trial":false,"path_per_floor":["M","M","?","M","?","R","M","R","T","R","M","E","M","?","R","B"],"character_chosen":"IRONCLAD","items_purchased":[],"campfire_rested":0,"item_purchase_floors":[],"current_hp_per_floor":[74,75,68,74,48,48,34,34,34,34,36,13,26,26,26,0],"gold":218,"neow_bonus":"THREE_ENEMY_KILL","is_prod":false,"is_daily":false,"chose_seed":false,"campfire_upgraded":4,"win_rate":0,"timestamp":1551355278,"path_taken":["M","?","?","?","?","R","M","R","T","R","M","E","M","?","R","BOSS"],"build_version":"2019-01-23","purchased_purges":0,"victory":false,"max_hp_per_floor":[75,75,75,75,75,75,75,75,75,75,75,75,75,75,75,75],"card_choices":[{"not_picked":["Power Through","Iron Wave","Anger"],"picked":"SKIP","floor":1.0},{"not_picked":["Power Through","Iron Wave"],"picked":"Anger","floor":1.0},{"not_picked":["Anger","Sentinel"],"picked":"Sword Boomerang","floor":2.0},{"not_picked":["Anger","Body Slam"],"picked":"Blood for Blood","floor":4},{"not_picked":["Hemokinesis","Clash","Twin Strike"],"picked":"SKIP","floor":7},{"not_picked":["Anger","Hemokinesis","Pummel"],"picked":"SKIP","floor":11},{"not_picked":["Dual Wield","Seeing Red","True Grit"],"picked":"SKIP","floor":12},{"not_picked":["Second Wind","Body Slam"],"picked":"Double Tap","floor":13}],"player_experience":951667,"relics_obtained":[{"floor":9,"key":"Self Forming Clay"},{"floor":12,"key":"Bag of Preparation"}],"event_choices":[{"damage_healed":0,"gold_gain":50,"player_choice":"Touch","damage_taken":7,"max_hp_gain":0,"max_hp_loss":0,"event_name":"FaceTrader","floor":3,"gold_loss":0},{"damage_healed":0,"gold_gain":0,"player_choice":"Take Damage","damage_taken":26,"relics_obtained":["Golden Idol"],"max_hp_gain":0,"max_hp_loss":0,"event_name":"Golden Idol","floor":5,"gold_loss":0},{"cards_removed":["Strike_R"],"damage_healed":0,"gold_gain":0,"player_choice":"Card Removal","damage_taken":0,"max_hp_gain":0,"max_hp_loss":0,"event_name":"The Cleric","floor":14,"gold_loss":75}],"is_beta":false,"boss_relics":[],"items_purged_floors":[],"is_endless":false,"potions_floor_spawned":[1,4,12],"killed_by":"The Guardian","ascension_level":17}