{"gold_per_floor":[112,130,130,144,94,123,123,137,137,137],"floor_reached":10,"playtime":312,"items_purged":[],"score":105,"play_id":"1127ace1-b1bc-4554-88fb-cea50e24c2c9","local_time":"20181221140725","is_ascension_mode":true,"campfire_choices":[{"data":"Footwork","floor":7,"key":"SMITH"}],"neow_cost":"NONE","seed_source_timestamp":19822828783615,"circlet_count":0,"master_deck":["AscendersBane","Defend_G","Defend_G","Defend_G","Defend_G","Defend_G","Strike_G","Strike_G","Strike_G","Strike_G","Strike_G","Survivor","Neutralize+1","Backflip","Dagger Spray","Neutralize","Doppelganger","Dash","Deadly Poison","Footwork+1","Crippling Poison"],"special_seed":0,"relics":["Ring of the Snake","Smiling Mask","Blue Candle"],"potions_floor_usage":[6],"damage_taken":[{"damage":0.0,"enemies":"2 Louse","floor":1.0,"turns":4.0},{"damage":0.0,"enemies":"Cultist","floor":2.0,"turns":5.0},{"damage":4,"enemies":"Small Slimes","floor":4,"turns":4},{"damage":17,"enemies":"Lagavulin","floor":6,"turns":8},{"damage":2,"enemies":"2 Fungi Beasts","floor":8,"turns":4},{"damage":56,"enemies":"Gremlin Nob","floor":10,"turns":6}],"seed_played":"-2403700098606946784","potions_obtained":[{"floor":1.0,"key":"Strength Potion"},{"floor":2.0,"key":"Ancient Potion"},{"floor":8,"key":"SpeedPotion"}],"is_trial":false,"path_per_floor":["M","M","?","M","$","E","R","M","T","E"],"character_chosen":"THE_SILENT","items_purchased":["Deadly Poison"],"campfire_rested":0,"item_purchase_floors":[5],"current_hp_per_floor":[63,63,63,59,59,42,42,40,40,0],"gold":137,"neow_bonus":"UPGRADE_CARD","is_prod":false,"is_daily":false,"chose_seed":false,"campfire_upgraded":1,"win_rate":0,"timestamp":1545397645,"path_taken":["M","M","?","M","$","E","R","M","T","E"],"build_version":"2018-12-20","purchased_purges":0,"victory":false,"max_hp_per_floor":[70,70,70,70,70,70,70,70,70,70],"card_choices":[{"not_picked":["PiercingWail","Blade Dance"],"picked":"Backflip","floor":1.0},{"not_picked":["Deadly Poison","Slice"],"picked":"Dagger Spray","floor":2.0},{"not_picked":["Deflect","Underhanded Strike"],"picked":"Dash","floor":4},{"not_picked":["Predator","Infinite Blades"],"picked":"Footwork","floor":6},{"not_picked":["Finisher","Deadly Poison"],"picked":"Crippling Poison","floor":8}],"player_experience":519902,"relics_obtained":[{"floor":6,"key":"Smiling Mask"},{"floor":9,"key":"Blue Candle"}],"event_choices":[{"damage_healed":0,"gold_gain":0,"player_choice":"2 cards matched","damage_taken":0,"max_hp_gain":0,"max_hp_loss":0,"event_name":"Match and Keep!","floor":3,"gold_loss":0,"cards_obtained":["Neutralize","Doppelganger"]}],"is_beta":false,"boss_relics":[],"items_purged_floors":[],"is_endless":false,"potions_floor_spawned":[1,2,8],"killed_by":"Gremlin Nob","ascension_level":11}