{"gold_per_floor":[113,15,25,36,49,49,49,49,49,66,77,77,77,90,90,90],"floor_reached":16,"playtime":605,"items_purged":["Strike_G"],"score":132,"play_id":"9f7eb05a-b6b8-4cd7-be02-51b1a080238f","local_time":"20181110225100","is_ascension_mode":true,"campfire_choices":[{"data":"Finisher","floor":6,"key":"SMITH"},{"data":"Blade Dance","floor":8,"key":"SMITH"},{"data":"Infinite Blades","floor":12,"key":"SMITH"},{"data":"Skewer","floor":15,"key":"SMITH"}],"neow_cost":"NONE","seed_source_timestamp":616698927198580,"circlet_count":0,"master_deck":["Defend_G","Defend_G","Defend_G","Defend_G","Defend_G","Strike_G","Strike_G","Strike_G","Strike_G","Survivor","Neutralize","Bullet Time","Finisher+1","Blade Dance+1","Terror","Backflip","Backstab","Outmaneuver","Infinite Blades+1","Skewer+1"],"relics":["Ring of the Snake","Dodecahedron"],"potions_floor_usage":[16,16,16],"damage_taken":[{"damage":1,"enemies":"Small Slimes","floor":1,"turns":4},{"damage":1,"enemies":"Jaw Worm","floor":3,"turns":3},{"damage":0,"enemies":"Cultist","floor":4,"turns":3},{"damage":9,"enemies":"Blue Slaver","floor":5,"turns":2},{"damage":4,"enemies":"2 Fungi Beasts","floor":10,"turns":2},{"damage":6,"enemies":"Looter","floor":11,"turns":2},{"damage":0,"enemies":"Blue Slaver","floor":14,"turns":1},{"damage":59,"enemies":"The Guardian","floor":16,"turns":13}],"seed_played":"5272838860394517797","potions_obtained":[{"floor":3,"key":"SkillPotion"},{"floor":10,"key":"Swift Potion"},{"floor":14,"key":"Regen Potion"}],"is_trial":false,"path_per_floor":["M","$","M","M","M","R","?","R","T","M","M","R","$","M","R","B"],"character_chosen":"THE_SILENT","items_purchased":["Blade Dance"],"campfire_rested":0,"item_purchase_floors":[2],"current_hp_per_floor":[62,62,61,61,52,52,52,52,52,48,42,42,42,42,42,0],"gold":90,"neow_bonus":"ONE_RANDOM_RARE_CARD","is_prod":false,"is_daily":false,"chose_seed":false,"campfire_upgraded":4,"win_rate":0,"timestamp":1541908260,"path_taken":["M","$","M","M","M","R","?","R","T","M","M","R","$","M","R","BOSS"],"build_version":"2018-11-08","purchased_purges":1,"victory":false,"max_hp_per_floor":[70,70,70,70,70,70,70,70,70,70,70,70,70,70,70,70],"card_choices":[{"not_picked":["Acrobatics","Bane"],"picked":"Finisher","floor":1},{"not_picked":["Escape Plan","Blur"],"picked":"Terror","floor":3},{"not_picked":["Sucker Punch","Dagger Throw"],"picked":"Backflip","floor":4},{"not_picked":["Dagger Throw","Quick Slash"],"picked":"Backstab","floor":5},{"not_picked":["Prepared","Catalyst"],"picked":"Outmaneuver","floor":10},{"not_picked":["PiercingWail","Riddle With Holes"],"picked":"Infinite Blades","floor":11},{"not_picked":["Deflect","Venomology"],"picked":"Skewer","floor":14}],"player_experience":790164,"relics_obtained":[{"floor":9,"key":"Dodecahedron"}],"event_choices":[{"damage_healed":0,"gold_gain":0,"player_choice":"Leave","damage_taken":0,"max_hp_gain":0,"max_hp_loss":0,"event_name":"The Cleric","floor":7,"gold_loss":0}],"is_beta":false,"boss_relics":[],"items_purged_floors":[2],"is_endless":false,"potions_floor_spawned":[3,10,14],"killed_by":"The Guardian","ascension_level":8}