{"path_per_floor":["M","?","M","?","?","R","M","M","T","$","M","M","?","M","R","B",null,"M"],"character_chosen":"THE_SILENT","items_purchased":["Noxious Fumes"],"gold_per_floor":[140,140,151,151,151,151,170,183,209,93,112,130,130,142,142,244,244,257],"floor_reached":19,"campfire_rested":1,"playtime":1548,"current_hp_per_floor":[75,68,62,67,67,67,67,67,67,67,52,52,52,50,74,78,80,55],"items_purged":["Strike_G"],"gold":257,"score":161,"play_id":"2b6265b6-fbcf-4a50-800f-b14a618b6589","local_time":"20180304220359","is_prod":false,"is_daily":false,"is_ascension_mode":false,"campfire_upgraded":1,"timestamp":1520201039,"path_taken":["M","?","M","?","?","R","M","M","T","$","M","M","?","?","R","BOSS","M","?"],"build_version":"2018-03-01-PROD1","purchased_purges":1,"victory":false,"master_deck":["Survivor","Neutralize","Deadly Poison","Deflect","After Image","Wraith Form+1","Blind","Expertise","Flying Knee","Noxious Fumes","Dagger Spray","Backflip","Backflip","Burst","Poisoned Stab","Underhanded Strike","Slice","Bane","Malaise","Choke","Terror","Prepared","Acrobatics"],"max_hp_per_floor":[75,75,75,80,80,80,80,80,80,80,80,80,80,80,80,80,80,80],"relics":["Tiny House","Ancient Tea Set","Shuriken","Pandora\u0027s Box"],"card_choices":[{"not_picked":["Quick Slash","Dodge and Roll"],"picked":"Deadly Poison"},{"not_picked":["Dodge and Roll","Eviscerate"],"picked":"Deflect"},{"not_picked":["Dagger Throw","Prepared"],"picked":"After Image"},{"not_picked":["Infinite Blades","Underhanded Strike"],"picked":"Expertise"},{"not_picked":["Deadly Poison","Underhanded Strike"],"picked":"Flying Knee"},{"not_picked":["Riddle With Holes","Outmaneuver"],"picked":"Dagger Spray"},{"not_picked":["Dagger Throw","Die Die Die"],"picked":"Backflip"},{"not_picked":["Predator","Dagger Spray"],"picked":"Backflip"},{"not_picked":["Tools of the Trade","Storm of Steel"],"picked":"Burst"},{"not_picked":["Slice","Flying Knee"],"picked":"Acrobatics"}],"player_experience":77038,"potions_floor_usage":[8,12,14,16],"damage_taken":[{"damage":0,"enemies":"Jaw Worm","floor":1,"turns":5},{"damage":6,"enemies":"Small Slimes","floor":3,"turns":6},{"damage":0,"enemies":"2 Louse","floor":7,"turns":3},{"damage":0,"enemies":"Looter","floor":8,"turns":3},{"damage":15,"enemies":"2 Fungi Beasts","floor":11,"turns":5},{"damage":0,"enemies":"Large Slime","floor":12,"turns":4},{"damage":2,"enemies":"Looter","floor":14,"turns":5},{"damage":9,"enemies":"The Guardian","floor":16,"turns":14},{"damage":25,"enemies":"2 Thieves","floor":18,"turns":4},{"damage":5,"enemies":"3 Byrds","floor":19,"turns":2}],"event_choices":[{"event_name":"Golden Wing","player_choice":"Card Removal","floor":2,"damage_taken":0},{"event_name":"Big Fish","player_choice":"Donut","floor":4,"damage_taken":0},{"event_name":"Match and Keep!","player_choice":"2 cards matched","floor":5,"damage_taken":0},{"event_name":"Dead Adventurer","player_choice":"Searched \u00271\u0027 times","floor":13,"damage_taken":0}],"boss_relics":[{"not_picked":["Snecko Eye","Calling Bell"],"picked":"Pandora\u0027s Box"}],"potions_floor_spawned":[3,11,12],"seed_played":"2189266199285305231","killed_by":"3 Byrds","ascension_level":0,"is_trial":false}