{"gold_per_floor":[112,112,59,72,2,28,28,28,54,74,104,121,132,151,151,151],"floor_reached":16,"playtime":841,"items_purged":[],"score":226,"play_id":"68492e73-2042-46a9-a43e-1cc5b934a401","local_time":"20190219230335","is_ascension_mode":true,"campfire_choices":[{"data":"Neutralize","floor":7,"key":"SMITH"},{"floor":15,"key":"REST"}],"neow_cost":"NONE","seed_source_timestamp":479473110344600,"circlet_count":0,"master_deck":["AscendersBane","Defend_G","Defend_G+1","Defend_G","Defend_G","Defend_G","Strike_G","Strike_G","Strike_G","Strike_G","Survivor","Neutralize+1","Slice","Deadly Poison","Caltrops","Infinite Blades","Dodge and Roll+1","Accuracy","Acrobatics","Cloak And Dagger"],"relics":["Ring of the Snake","NeowsBlessing","Bag of Marbles","Mummified Hand","War Paint","Snake Skull"],"potions_floor_usage":[12,16],"damage_taken":[{"damage":0,"enemies":"Jaw Worm","floor":1,"turns":1},{"damage":0,"enemies":"Cultist","floor":4,"turns":1},{"damage":0,"enemies":"Lagavulin","floor":6,"turns":1},{"damage":2,"enemies":"Small Slimes","floor":10,"turns":3},{"damage":40,"enemies":"Gremlin Nob","floor":11,"turns":5},{"damage":8,"enemies":"Exordium Thugs","floor":12,"turns":5},{"damage":0,"enemies":"3 Louse","floor":13,"turns":3},{"damage":1,"enemies":"Exordium Wildlife","floor":14,"turns":4},{"damage":40,"enemies":"Slime Boss","floor":16,"turns":8}],"seed_played":"6610330877635571938","potions_obtained":[{"floor":1,"key":"Regen Potion"},{"floor":6,"key":"PowerPotion"},{"floor":14,"key":"SpeedPotion"}],"is_trial":false,"path_per_floor":["M","?","$","M","$","E","R","?","T","M","E","M","M","M","R","B"],"character_chosen":"THE_SILENT","items_purchased":["Deadly Poison","Infinite Blades"],"campfire_rested":1,"item_purchase_floors":[3,5],"current_hp_per_floor":[63,63,63,63,63,63,63,63,63,61,21,13,13,12,33,0],"gold":151,"neow_bonus":"THREE_ENEMY_KILL","is_prod":false,"is_daily":false,"chose_seed":false,"campfire_upgraded":1,"win_rate":0,"timestamp":1550635415,"path_taken":["M","?","$","M","?","E","R","?","T","M","E","M","?","M","R","BOSS"],"build_version":"2019-01-23","purchased_purges":0,"victory":false,"max_hp_per_floor":[70,70,70,70,70,70,70,70,70,70,70,70,70,70,70,70],"card_choices":[{"not_picked":["Concentrate","Blade Dance"],"picked":"Slice","floor":1},{"not_picked":["Eviscerate","Sucker Punch"],"picked":"Caltrops","floor":4},{"not_picked":["All Out Attack","Expertise"],"picked":"Dodge and Roll","floor":6},{"not_picked":["Prepared","Quick Slash"],"picked":"Accuracy","floor":10},{"not_picked":["Prepared","Slice"],"picked":"Acrobatics","floor":11},{"not_picked":["Expertise","Eviscerate","Reflex"],"picked":"SKIP","floor":12},{"not_picked":["Dodge and Roll","Outmaneuver"],"picked":"Cloak And Dagger","floor":13},{"not_picked":["Flying Knee","Setup","All Out Attack"],"picked":"SKIP","floor":14}],"player_experience":1255200,"relics_obtained":[{"floor":6,"key":"Bag of Marbles"},{"floor":9,"key":"War Paint"},{"floor":11,"key":"Snake Skull"}],"event_choices":[{"cards_removed":["Strike_G"],"damage_healed":0,"gold_gain":0,"player_choice":"Offered Basic","damage_taken":0,"max_hp_gain":0,"max_hp_loss":0,"event_name":"Bonfire Elementals","floor":2,"gold_loss":0},{"damage_healed":0,"gold_gain":0,"player_choice":"Gave Potion","damage_taken":0,"relics_obtained":["Mummified Hand"],"max_hp_gain":0,"max_hp_loss":0,"event_name":"WeMeetAgain","floor":8,"gold_loss":0}],"is_beta":false,"boss_relics":[],"items_purged_floors":[],"is_endless":false,"potions_floor_spawned":[1,6,14],"killed_by":"Slime Boss","ascension_level":13}