{"gold_per_floor":[115,65,83,83,102,102,127,51,51,51,51,69,69,82,82,183,183,197,223,24,42,57,57,57,76,76,76],"floor_reached":27,"playtime":955,"items_purged":[],"score":270,"play_id":"a9003a94-60b2-4d85-aceb-4823dc0caad6","local_time":"20181029233041","is_ascension_mode":true,"campfire_choices":[{"data":"Deep Breath","floor":6,"key":"SMITH"},{"data":"Heatsinks","floor":10,"key":"SMITH"},{"data":"Static Discharge","floor":13,"key":"SMITH"},{"floor":15,"key":"REST"},{"data":"Genetic Algorithm","floor":23,"key":"SMITH"}],"neow_cost":"NONE","seed_source_timestamp":1713908047144728,"circlet_count":0,"master_deck":["Strike_B+1","Strike_B","Strike_B+1","Defend_B","Defend_B","Defend_B","Defend_B","Zap","Dualcast","Deep Breath+1","Streamline","Coolheaded","Lockon+1","Heatsinks+1","Static Discharge+1","Tempest","Stack","Buffer","Ball Lightning+1","Doubt","Stack","Genetic Algorithm+1","Ball Lightning+1","Shame"],"relics":["Cracked Core","Molten Egg 2","Whetstone","Pear","Cursed Key","Lantern","Lee\u0027s Waffle","Potion Belt"],"potions_floor_usage":[],"damage_taken":[{"damage":0,"enemies":"Jaw Worm","floor":1,"turns":4},{"damage":7,"enemies":"Small Slimes","floor":3,"turns":3},{"damage":4,"enemies":"Cultist","floor":5,"turns":3},{"damage":16,"enemies":"Gremlin Nob","floor":7,"turns":3},{"damage":9,"enemies":"Looter","floor":12,"turns":2},{"damage":16,"enemies":"3 Louse","floor":14,"turns":2},{"damage":42,"enemies":"Hexaghost","floor":16,"turns":7},{"damage":25,"enemies":"Spheric Guardian","floor":18,"turns":3},{"damage":5,"enemies":"3 Byrds","floor":21,"turns":1},{"damage":39,"enemies":"Cultist and Chosen","floor":22,"turns":4},{"damage":37,"enemies":"Snake Plant","floor":25,"turns":3},{"damage":14,"enemies":"Chosen and Byrds","floor":27,"turns":4}],"seed_played":"-9160530163902349107","potions_obtained":[{"floor":1,"key":"Regen Potion"},{"floor":5,"key":"EntropicBrew"},{"floor":21,"key":"LiquidBronze"},{"floor":25,"key":"Dexterity Potion"}],"is_trial":false,"path_per_floor":["M","?","M","?","M","R","E","$","T","R","$","M","R","M","R","B",null,"M","T","$","M","M","R","$","M","T"],"character_chosen":"DEFECT","items_purchased":["Static Discharge","Lee\u0027s Waffle"],"campfire_rested":1,"item_purchase_floors":[8,20],"current_hp_per_floor":[75,75,68,65,61,61,45,45,55,55,55,46,46,30,55,13,85,60,60,92,87,48,48,48,11,11,0],"gold":76,"neow_bonus":"RANDOM_COLORLESS","is_prod":false,"is_daily":false,"chose_seed":false,"campfire_upgraded":4,"win_rate":0,"timestamp":1540870241,"path_taken":["M","?","?","?","M","R","E","$","T","R","$","M","R","M","R","BOSS","M","?","?","?","M","R","$","M","T","?"],"build_version":"2018-10-25v2","purchased_purges":0,"victory":false,"max_hp_per_floor":[75,75,75,75,75,75,75,75,85,85,85,85,85,85,85,85,85,85,85,92,92,92,92,92,92,92,92],"card_choices":[{"not_picked":["Turbo","Compile Driver"],"picked":"Streamline","floor":1},{"not_picked":["Rip and Tear","Sweeping Beam"],"picked":"Coolheaded","floor":3},{"not_picked":["Hologram","Redo"],"picked":"Lockon+1","floor":5},{"not_picked":["Turbo","Auto Shields"],"picked":"Heatsinks","floor":7},{"not_picked":["Beam Cell+1","Compile Driver+1"],"picked":"Tempest","floor":12},{"not_picked":["Hyperbeam+1","Barrage+1"],"picked":"Stack","floor":14},{"not_picked":["Core Surge+1","Rainbow"],"picked":"Buffer","floor":16},{"not_picked":["Hologram+1","Redo"],"picked":"Ball Lightning+1","floor":18},{"not_picked":["Ball Lightning+1","Cold Snap+1"],"picked":"Stack","floor":21},{"not_picked":["Skim","Rebound+1"],"picked":"Genetic Algorithm","floor":22},{"not_picked":["Recycle","Sweeping Beam+1"],"picked":"Ball Lightning+1","floor":25}],"player_experience":703348,"relics_obtained":[{"floor":7,"key":"Whetstone"},{"floor":9,"key":"Pear"},{"floor":19,"key":"Lantern"},{"floor":26,"key":"Potion Belt"}],"event_choices":[{"cards_removed":["Strike_B"],"damage_healed":0,"gold_gain":0,"player_choice":"Card Removal","damage_taken":0,"max_hp_gain":0,"max_hp_loss":0,"event_name":"The Cleric","floor":2,"gold_loss":50},{"damage_healed":0,"gold_gain":0,"player_choice":"Success","damage_taken":3,"relics_obtained":["Molten Egg 2"],"max_hp_gain":0,"max_hp_loss":0,"event_name":"Scrap Ooze","floor":4,"gold_loss":0}],"is_beta":false,"boss_relics":[{"not_picked":["Sozu","Coffee Dripper"],"picked":"Cursed Key"}],"items_purged_floors":[],"is_endless":false,"potions_floor_spawned":[1,5,21,22,25],"killed_by":"Chosen and Byrds","ascension_level":3}