{"gold_per_floor":[116,70,88,103,118,131,131,131,131,163,177,177,204,215,215,317,317,331,36,36,36,46,46,77,77,77,77,93,93,18,51,51,155,155,175,175,175,50,68,68,82,82],"floor_reached":42,"playtime":3215,"items_purged":["Strike_R"],"score":535,"play_id":"3917aa24-465b-4e87-81ef-8cca249a55b7","local_time":"20190214222545","is_ascension_mode":true,"campfire_choices":[{"data":"Uppercut","floor":7,"key":"SMITH"},{"data":"True Grit","floor":12,"key":"SMITH"},{"floor":15,"key":"REST"},{"data":"True Grit","floor":23,"key":"SMITH"},{"floor":29,"key":"REST"},{"floor":32,"key":"REST"},{"data":"Demon Form","floor":40,"key":"SMITH"}],"neow_cost":"NONE","seed_source_timestamp":2197460434865195,"circlet_count":0,"master_deck":["Strike_R","Strike_R","Strike_R","Strike_R","Defend_R","Defend_R","Defend_R","Defend_R","Bash","Rampage","Whirlwind","Twin Strike","Uppercut+1","True Grit+1","Doubt","Disarm","Inflame","True Grit+1","Demon Form+1","Body Slam+1","RitualDagger","Shame","Iron Wave+1","Pain","Feed","Metallicize+1","Shrug It Off","Pummel","Flame Barrier","Sword Boomerang+1"],"relics":["Burning Blood","Paper Frog","Strawberry","Ornamental Fan","Cursed Key","Thread and Needle","Du-Vu Doll","Shuriken","Letter Opener","MutagenicStrength","Blood Vial","Eternal Feather"],"potions_floor_usage":[5,10,13,13,24,24,33,33,33,39,41],"damage_taken":[{"damage":5,"enemies":"Small Slimes","floor":1,"turns":4},{"damage":6,"enemies":"Cultist","floor":3,"turns":3},{"damage":8,"enemies":"Jaw Worm","floor":4,"turns":4},{"damage":0,"enemies":"3 Louse","floor":5,"turns":3},{"damage":12,"enemies":"Looter","floor":6,"turns":4},{"damage":26,"enemies":"Lagavulin","floor":10,"turns":6},{"damage":13,"enemies":"Blue Slaver","floor":11,"turns":4},{"damage":26,"enemies":"3 Sentries","floor":13,"turns":7},{"damage":17,"enemies":"Red Slaver","floor":14,"turns":5},{"damage":30,"enemies":"Hexaghost","floor":16,"turns":12},{"damage":16,"enemies":"Chosen","floor":18,"turns":6},{"damage":5,"enemies":"3 Byrds","floor":22,"turns":4},{"damage":39,"enemies":"Slavers","floor":24,"turns":7},{"damage":7,"enemies":"Centurion and Healer","floor":28,"turns":5},{"damage":12,"enemies":"Book of Stabbing","floor":31,"turns":3},{"damage":45,"enemies":"Collector","floor":33,"turns":10},{"damage":39,"enemies":"3 Shapes","floor":35,"turns":5},{"damage":2,"enemies":"3 Darklings","floor":39,"turns":7},{"damage":22,"enemies":"Maw","floor":41,"turns":9},{"damage":73,"enemies":"Writhing Mass","floor":42,"turns":7}],"seed_played":"-5642665342183402331","potions_obtained":[{"floor":1,"key":"Poison Potion"},{"floor":4,"key":"SkillPotion"},{"floor":6,"key":"Regen Potion"},{"floor":10,"key":"AttackPotion"},{"floor":13,"key":"Ancient Potion"},{"floor":16,"key":"FearPotion"},{"floor":24,"key":"GamblersBrew"},{"floor":31,"key":"EntropicBrew"},{"floor":33,"key":"Strength Potion"},{"floor":39,"key":"Block Potion"},{"floor":41,"key":"SteroidPotion"}],"is_trial":false,"path_per_floor":["M","$","M","M","M","M","R","?","T","E","M","R","E","M","R","B",null,"M","$","?","?","M","R","E","?","T","?","M","R","$","E","R","B",null,"M","$","?","$","M","R","M","M"],"character_chosen":"IRONCLAD","items_purchased":["Twin Strike","Thread and Needle","Shrug It Off","Pummel"],"campfire_rested":3,"item_purchase_floors":[2,19,38,38],"current_hp_per_floor":[80,80,80,78,80,74,74,74,74,61,54,54,49,38,64,40,87,77,77,71,71,72,72,39,39,39,39,38,64,64,58,84,47,87,57,57,57,57,63,78,64,0],"gold":82,"neow_bonus":"THREE_CARDS","is_prod":false,"is_daily":false,"chose_seed":false,"campfire_upgraded":4,"win_rate":0,"timestamp":1550183145,"path_taken":["M","$","M","M","M","M","R","?","T","E","?","R","E","M","R","BOSS","M","$","?","?","M","R","E","?","T","?","?","R","?","E","R","BOSS","M","$","?","$","M","R","M","M"],"build_version":"2019-01-23","purchased_purges":1,"victory":false,"max_hp_per_floor":[80,80,80,80,80,80,80,80,80,87,87,87,87,87,87,87,87,87,87,87,87,87,87,87,87,87,87,87,87,87,87,87,87,87,90,90,90,90,90,90,90,90],"card_choices":[{"not_picked":["Anger","Sentinel"],"picked":"Rampage","floor":0},{"not_picked":["Perfected Strike","Headbutt"],"picked":"Whirlwind","floor":1},{"not_picked":["Wild Strike","Perfected Strike"],"picked":"Uppercut","floor":3},{"not_picked":["Flex","Iron Wave"],"picked":"Disarm","floor":4},{"not_picked":["Havoc","Blood for Blood","Reckless Charge"],"picked":"SKIP","floor":5},{"not_picked":["Anger","Whirlwind"],"picked":"True Grit","floor":6},{"not_picked":["Heavy Blade","Combust","Bloodletting"],"picked":"SKIP","floor":10},{"not_picked":["Heavy Blade","Twin Strike"],"picked":"Disarm","floor":11},{"not_picked":["Searing Blow","Combust"],"picked":"Inflame","floor":13},{"not_picked":["Burning Pact","Rupture"],"picked":"True Grit","floor":14},{"not_picked":["Barricade","Juggernaut"],"picked":"Demon Form","floor":16},{"not_picked":["Ghostly Armor","Uppercut"],"picked":"Body Slam+1","floor":18},{"not_picked":["Headbutt","Anger","Havoc+1"],"picked":"SKIP","floor":22},{"not_picked":["Perfected Strike+1","Headbutt+1"],"picked":"Iron Wave+1","floor":24},{"not_picked":["Rupture","Thunderclap+1","Headbutt"],"picked":"SKIP","floor":28},{"not_picked":["Rupture","Iron Wave","Warcry"],"picked":"SKIP","floor":31},{"not_picked":["Immolate","Berserk"],"picked":"Feed","floor":33},{"not_picked":["Havoc","Sword Boomerang+1"],"picked":"Metallicize+1","floor":35},{"not_picked":["Sever Soul","Reckless Charge"],"picked":"Flame Barrier","floor":39},{"not_picked":["Perfected Strike+1","Reckless Charge"],"picked":"Sword Boomerang+1","floor":41}],"player_experience":479598,"relics_obtained":[{"floor":9,"key":"Paper Frog"},{"floor":10,"key":"Strawberry"},{"floor":13,"key":"Ornamental Fan"},{"floor":24,"key":"Shuriken"},{"floor":26,"key":"Letter Opener"},{"floor":31,"key":"Blood Vial"}],"event_choices":[{"damage_healed":0,"gold_gain":0,"player_choice":"1 cards matched","damage_taken":0,"max_hp_gain":0,"max_hp_loss":0,"event_name":"Match and Keep!","floor":8,"gold_loss":0,"cards_obtained":["Doubt"]},{"damage_healed":0,"gold_gain":0,"player_choice":"Joined the Cult","damage_taken":6,"max_hp_gain":0,"max_hp_loss":0,"event_name":"Nest","floor":20,"gold_loss":0,"cards_obtained":["RitualDagger"]},{"damage_healed":0,"gold_gain":0,"player_choice":"Stole Relic","damage_taken":0,"relics_obtained":["Du-Vu Doll"],"max_hp_gain":0,"max_hp_loss":0,"event_name":"Addict","floor":21,"gold_loss":0,"cards_obtained":["Shame"]},{"damage_healed":0,"gold_gain":0,"player_choice":"Ignored","damage_taken":0,"max_hp_gain":0,"max_hp_loss":0,"event_name":"Vampires","floor":25,"gold_loss":0},{"damage_healed":0,"gold_gain":0,"player_choice":"Inject Mutagens","damage_taken":0,"relics_obtained":["MutagenicStrength"],"max_hp_gain":0,"max_hp_loss":0,"event_name":"Drug Dealer","floor":27,"gold_loss":0},{"cards_removed":["Disarm"],"damage_healed":0,"gold_gain":0,"player_choice":"Removed Skill","damage_taken":0,"max_hp_gain":0,"max_hp_loss":0,"event_name":"Falling","floor":37,"gold_loss":0}],"is_beta":false,"boss_relics":[{"not_picked":["Velvet Choker","White Beast Statue"],"picked":"Cursed Key"},{"not_picked":["Black Star","Pandora\u0027s Box"],"picked":"Eternal Feather"}],"items_purged_floors":[30],"is_endless":false,"potions_floor_spawned":[1,4,6,10,13,16,24,31,33,39,41],"killed_by":"Writhing Mass","ascension_level":4}