{"gold_per_floor":[117,192,35,55,55,82,82,82,130,160,185,185,203,203,203,331,331,356,356,381,399,24,62,82,95,121,137,89,89,129,129,129,253,253,271,287,287,137,0,35,35,35,61,84,107,122,54,79,79,79],"floor_reached":50,"playtime":2433,"items_purged":[],"score":788,"play_id":"30dc2b99-ced2-43ea-8bb3-36ebccd17369","local_time":"20190301212117","is_ascension_mode":true,"campfire_choices":[{"data":"Sunder","floor":7.0,"key":"SMITH"},{"data":"Genetic Algorithm","floor":12.0,"key":"SMITH"},{"floor":15.0,"key":"REST"},{"floor":29.0,"key":"REST"},{"floor":32.0,"key":"REST"},{"data":"Self Repair","floor":42.0,"key":"SMITH"},{"floor":49,"key":"REST"}],"neow_cost":"NONE","seed_source_timestamp":153436685200987,"circlet_count":0,"master_deck":["Strike_B+1","Strike_B","Strike_B","Strike_B","Defend_B+1","Defend_B","Defend_B","Defend_B","Zap","Dualcast","Self Repair+1","Lockon","Sunder+1","Ball Lightning","Genetic Algorithm+1","Reinforced Body","Streamline+1","Echo Form","Streamline+1","Hologram+1","White Noise","Conserve Battery","Leap+1","Conserve Battery","Electrodynamics","Stack+1","Glacier","Double Energy","Hologram+1"],"special_seed":0,"relics":["Cracked Core","NeowsBlessing","Bag of Preparation","Question Card","Bronze Scales","Odd Mushroom","Molten Egg 2","Golden Idol","Velvet Choker","Anchor","Centennial Puzzle","Dead Branch","Pen Nib","Singing Bowl","Inserter","Juzu Bracelet","Strawberry","Red Mask","Omamori","Blood Vial"],"potions_floor_usage":[48,50],"damage_taken":[{"damage":0.0,"enemies":"2 Louse","floor":1.0,"turns":1.0},{"damage":0.0,"enemies":"Small Slimes","floor":4.0,"turns":1.0},{"damage":0.0,"enemies":"3 Sentries","floor":6.0,"turns":1.0},{"damage":5.0,"enemies":"The Mushroom Lair","floor":10.0,"turns":3.0},{"damage":8.0,"enemies":"Gremlin Nob","floor":11.0,"turns":3.0},{"damage":4.0,"enemies":"Jaw Worm","floor":13.0,"turns":4.0},{"damage":24.0,"enemies":"Hexaghost","floor":16.0,"turns":8.0},{"damage":0.0,"enemies":"Spheric Guardian","floor":18.0,"turns":3.0},{"damage":11.0,"enemies":"Shell Parasite","floor":20.0,"turns":6.0},{"damage":23.0,"enemies":"Snake Plant","floor":21.0,"turns":4.0},{"damage":37.0,"enemies":"Gremlin Leader","floor":23.0,"turns":6.0},{"damage":5.0,"enemies":"Snecko","floor":24.0,"turns":4.0},{"damage":16.0,"enemies":"Cultist and Chosen","floor":25.0,"turns":4.0},{"damage":0.0,"enemies":"Centurion and Healer","floor":27.0,"turns":5.0},{"damage":23.0,"enemies":"Book of Stabbing","floor":30.0,"turns":5.0},{"damage":40.0,"enemies":"Champ","floor":33.0,"turns":11.0},{"damage":9.0,"enemies":"3 Darklings","floor":35.0,"turns":4.0},{"damage":6.0,"enemies":"Orb Walker","floor":36.0,"turns":4.0},{"damage":49.0,"enemies":"Giant Head","floor":40.0,"turns":11.0},{"damage":8.0,"enemies":"Writhing Mass","floor":44.0,"turns":7.0},{"damage":0.0,"enemies":"3 Darklings","floor":45.0,"turns":5.0},{"damage":50,"enemies":"Spire Growth","floor":46,"turns":6},{"damage":4,"enemies":"Sphere and 2 Shapes","floor":48,"turns":5},{"damage":95,"enemies":"Donu and Deca","floor":50,"turns":13}],"seed_played":"-4576993410201825389","potions_obtained":[{"floor":10.0,"key":"SteroidPotion"},{"floor":11.0,"key":"Poison Potion"},{"floor":13.0,"key":"SteroidPotion"},{"floor":20.0,"key":"Strength Potion"},{"floor":25.0,"key":"SpeedPotion"},{"floor":31.0,"key":"Dexterity Potion"},{"floor":40.0,"key":"Fire Potion"},{"floor":46,"key":"Strength Potion"}],"is_trial":false,"path_per_floor":["M","?","$","M","?","E","R","?","T","?","E","R","M","?","R","B",null,"M","?","M","M","$","E","M","M","T","M","$","R","E","?","R","B",null,"M","M","T","$","?","E","?","R","T","M","M","M","$","M","R","B"],"character_chosen":"DEFECT","items_purchased":["Self Repair","Lockon","Anchor","White Noise","Centennial Puzzle","Conserve Battery","Strawberry","Double Energy"],"campfire_rested":4,"item_purchase_floors":[3,3,22,22,22,28,38,47],"current_hp_per_floor":[68,57,57,64,61,68,68,53,53,48,47,47,50,32,54,37,66,75,75,71,55,55,25,27,18,18,32,32,54,40,40,63,30,65,65,75,75,82,82,40,42,42,42,58,82,54,54,62,90,0],"gold":79,"neow_bonus":"THREE_ENEMY_KILL","is_prod":false,"is_daily":false,"chose_seed":false,"campfire_upgraded":3,"win_rate":0,"timestamp":1551496877,"path_taken":["M","?","$","M","?","E","R","?","T","?","E","R","M","?","R","BOSS","M","?","M","M","$","E","M","M","T","M","$","R","E","?","R","BOSS","M","?","?","$","?","E","?","R","T","M","M","M","?","M","R","BOSS"],"build_version":"2019-01-23","purchased_purges":0,"victory":false,"max_hp_per_floor":[75,75,75,75,75,75,75,75,75,75,75,75,75,75,75,75,75,75,75,75,75,75,75,75,75,75,75,75,75,77,77,77,77,77,79,81,81,88,88,88,90,90,90,92,94,94,94,94,94,94],"card_choices":[{"not_picked":["Turbo","Stack","Darkness"],"picked":"SKIP","floor":1.0},{"not_picked":["Go for the Eyes","Cold Snap"],"picked":"Sunder","floor":4.0},{"not_picked":["Fission","Turbo"],"picked":"Ball Lightning","floor":6.0},{"not_picked":["Streamline","Barrage","Go for the Eyes"],"picked":"Genetic Algorithm","floor":10.0},{"not_picked":["Machine Learning","White Noise","Tempest"],"picked":"Reinforced Body","floor":11.0},{"not_picked":["Beam Cell+1","Gash+1","Force Field"],"picked":"Streamline+1","floor":13.0},{"not_picked":["Fission","Seek","Thunder Strike+1"],"picked":"Echo Form","floor":16.0},{"not_picked":["Sweeping Beam+1","Chaos","Leap"],"picked":"Streamline+1","floor":18.0},{"not_picked":["Hello World","Consume+1","Heatsinks","Coolheaded+1"],"picked":"SKIP","floor":20.0},{"not_picked":["Defragment+1","Rainbow","Steam"],"picked":"Hologram+1","floor":21.0},{"not_picked":["Turbo+1","Echo Form","Hello World"],"picked":"Conserve Battery","floor":23.0},{"not_picked":["Reprogram","Compile Driver+1","Ball Lightning+1","Chaos"],"picked":"SKIP","floor":24.0},{"not_picked":["Go for the Eyes+1","Gash+1","Tempest","Blizzard+1"],"picked":"SKIP","floor":25.0},{"not_picked":["Redo","Beam Cell+1","Streamline+1"],"picked":"Leap+1","floor":27.0},{"not_picked":["Rainbow","Compile Driver+1","Coolheaded+1","Turbo+1"],"picked":"Singing Bowl","floor":30.0},{"not_picked":["Creative AI","Core Surge+1","Machine Learning"],"picked":"Electrodynamics","floor":33.0},{"not_picked":["Capacitor","Compile Driver+1","Cold Snap+1","Go for the Eyes+1"],"picked":"Singing Bowl","floor":35.0},{"not_picked":["Streamline+1","Steam","Melter+1","Capacitor"],"picked":"Singing Bowl","floor":36.0},{"not_picked":["BootSequence","FTL+1","Hyperbeam+1"],"picked":"Stack+1","floor":40.0},{"not_picked":["HandOfGreed+1","Panache","Jack Of All Trades","Dramatic Entrance+1"],"picked":"Singing Bowl","floor":41.0},{"not_picked":["Ball Lightning+1","Hologram","Gash+1","Steam"],"picked":"Singing Bowl","floor":44.0},{"not_picked":["Sunder+1","Beam Cell+1","Hello World+1","Darkness+1"],"picked":"Singing Bowl","floor":45.0},{"not_picked":["Streamline+1","Heatsinks+1","Reprogram+1"],"picked":"Glacier","floor":46},{"not_picked":["Melter+1","Cold Snap+1","Sweeping Beam+1"],"picked":"Hologram+1","floor":48}],"player_experience":626027,"relics_obtained":[{"floor":6.0,"key":"Question Card"},{"floor":9.0,"key":"Bronze Scales"},{"floor":10.0,"key":"Odd Mushroom"},{"floor":11.0,"key":"Molten Egg 2"},{"floor":23.0,"key":"Dead Branch"},{"floor":26.0,"key":"Pen Nib"},{"floor":30.0,"key":"Singing Bowl"},{"floor":37.0,"key":"Juzu Bracelet"},{"floor":40.0,"key":"Omamori"},{"floor":43.0,"key":"Blood Vial"}],"event_choices":[{"damage_healed":0.0,"max_hp_gain":0.0,"max_hp_loss":0.0,"gold_gain":75.0,"event_name":"World of Goop","player_choice":"Gather Gold","floor":2.0,"gold_loss":0.0,"damage_taken":11.0},{"damage_healed":0.0,"max_hp_gain":0.0,"max_hp_loss":0.0,"gold_gain":0.0,"event_name":"Scrap Ooze","player_choice":"Success","floor":5.0,"gold_loss":0.0,"damage_taken":3.0,"relics_obtained":["Bag of Preparation"]},{"damage_healed":0.0,"max_hp_gain":0.0,"max_hp_loss":0.0,"gold_gain":0.0,"event_name":"Shining Light","player_choice":"Entered Light","floor":8.0,"gold_loss":0.0,"damage_taken":15.0,"cards_upgraded":["Strike_B","Defend_B"]},{"damage_healed":0.0,"max_hp_gain":0.0,"max_hp_loss":0.0,"gold_gain":0.0,"event_name":"Mushrooms","player_choice":"Fought Mushrooms","floor":10.0,"gold_loss":0.0,"damage_taken":0.0},{"damage_healed":0.0,"max_hp_gain":0.0,"max_hp_loss":0.0,"gold_gain":0.0,"event_name":"Golden Idol","player_choice":"Take Damage","floor":14.0,"gold_loss":0.0,"damage_taken":18.0,"relics_obtained":["Golden Idol"]},{"damage_healed":0.0,"max_hp_gain":0.0,"max_hp_loss":0.0,"gold_gain":0.0,"event_name":"Vampires","player_choice":"Ignored","floor":19.0,"gold_loss":0.0,"damage_taken":0.0},{"damage_healed":0.0,"max_hp_gain":0.0,"max_hp_loss":0.0,"gold_gain":0.0,"event_name":"Lab","player_choice":"Got Potions","floor":31.0,"gold_loss":0.0,"damage_taken":0.0},{"damage_healed":0.0,"max_hp_gain":0.0,"max_hp_loss":0.0,"gold_gain":0.0,"event_name":"Tomb of Lord Red Mask","player_choice":"Paid","floor":39.0,"gold_loss":137.0,"damage_taken":0.0,"relics_obtained":["Red Mask"]},{"damage_healed":0.0,"max_hp_gain":0.0,"max_hp_loss":0.0,"gold_gain":0.0,"event_name":"SensoryStone","player_choice":"Memory 1","floor":41.0,"gold_loss":0.0,"damage_taken":0.0}],"is_beta":false,"boss_relics":[{"not_picked":["FrozenCore","Black Star"],"picked":"Velvet Choker"},{"not_picked":["Coffee Dripper","Astrolabe"],"picked":"Inserter"}],"items_purged_floors":[],"is_endless":false,"potions_floor_spawned":[10,11,13,20,21,23,25,27,40,46],"killed_by":"Donu and Deca","ascension_level":8}