{"gold_per_floor":[113,43,43,53,68,68,101,116,142,142,155,183,29,29],"floor_reached":14,"playtime":777,"items_purged":[],"score":120,"play_id":"ba59322d-66fc-4548-81b2-07970ec84554","local_time":"20180823174500","is_ascension_mode":true,"campfire_choices":[{"data":"Noxious Fumes","floor":6,"key":"SMITH"}],"neow_cost":"NONE","seed_source_timestamp":936619204220605,"circlet_count":0,"master_deck":["Defend_G","Defend_G","Defend_G+1","Defend_G","Defend_G","Strike_G","Strike_G","Strike_G","Strike_G","Survivor+1","Neutralize","Blade Dance","Flying Knee","Noxious Fumes+1","Cloak And Dagger","Deadly Poison","Envenom","A Thousand Cuts","Poisoned Stab","Poisoned Stab"],"relics":["Ring of the Snake","Ancient Tea Set","Oddly Smooth Stone","Blood Vial","Lantern"],"potions_floor_usage":[11,14,14],"damage_taken":[{"damage":0,"enemies":"Jaw Worm","floor":1,"turns":6},{"damage":9,"enemies":"Small Slimes","floor":4,"turns":4},{"damage":0,"enemies":"2 Louse","floor":5,"turns":2},{"damage":13,"enemies":"Lagavulin","floor":7,"turns":7},{"damage":1,"enemies":"2 Fungi Beasts","floor":8,"turns":4},{"damage":19,"enemies":"Exordium Thugs","floor":11,"turns":6},{"damage":9,"enemies":"3 Sentries","floor":12,"turns":7},{"damage":27,"enemies":"Gremlin Nob","floor":14,"turns":3}],"seed_played":"8623100825695847443","potions_obtained":[{"floor":7,"key":"SneckoOil"},{"floor":8,"key":"Strength Potion"},{"floor":12,"key":"SkillPotion"}],"is_trial":false,"path_per_floor":["M","$","?","M","M","R","E","M","T","?","M","E","$"],"character_chosen":"THE_SILENT","items_purchased":["Noxious Fumes","Lantern"],"campfire_rested":0,"item_purchase_floors":[2,13],"current_hp_per_floor":[70,70,56,47,47,47,34,33,33,33,14,5,5,0],"gold":29,"neow_bonus":"THREE_CARDS","is_prod":false,"is_daily":false,"chose_seed":false,"campfire_upgraded":1,"win_rate":0,"timestamp":1535035500,"path_taken":["M","$","?","M","M","R","E","M","T","?","M","E","$","E"],"build_version":"2018-08-16","purchased_purges":0,"victory":false,"max_hp_per_floor":[70,70,70,70,70,70,70,70,70,70,70,70,70,70],"card_choices":[{"not_picked":["Sucker Punch","Dagger Spray"],"picked":"Blade Dance","floor":0},{"not_picked":["Quick Slash","Bane"],"picked":"Flying Knee","floor":1},{"not_picked":["Blade Dance","Prepared"],"picked":"Cloak And Dagger","floor":4},{"not_picked":["Dodge and Roll","Predator"],"picked":"Deadly Poison","floor":5},{"not_picked":["Flying Knee","Expertise"],"picked":"Envenom","floor":7},{"not_picked":["Reflex","PiercingWail","Outmaneuver"],"picked":"SKIP","floor":8},{"not_picked":["Underhanded Strike","Heel Hook"],"picked":"Poisoned Stab","floor":11},{"not_picked":["Setup","Acrobatics"],"picked":"Poisoned Stab","floor":12}],"player_experience":88287,"relics_obtained":[{"floor":7,"key":"Ancient Tea Set"},{"floor":9,"key":"Oddly Smooth Stone"},{"floor":12,"key":"Blood Vial"}],"event_choices":[{"event_name":"Shining Light","player_choice":"Entered Light","floor":3,"damage_taken":0},{"event_name":"Transmorgrifier","player_choice":"Transform","floor":10,"damage_taken":0}],"is_beta":false,"boss_relics":[],"items_purged_floors":[],"is_endless":false,"potions_floor_spawned":[7,8,12],"killed_by":"Gremlin Nob","ascension_level":4}