{"path_per_floor":["M","M","?","?","?","R","M","?","T","M","T","$","M","M","R","B",null,"M","?","M","M","M","R","M","?","T"],"character_chosen":"THE_SILENT","items_purchased":["Slice","Flash of Steel","Noxious Fumes"],"gold_per_floor":[114,126,126,226,226,226,243,193,193,211,237,27,44,54,54,151,151,163,88,102,114,125,125,139,139,139],"floor_reached":27,"campfire_rested":2,"playtime":2360,"current_hp_per_floor":[70,65,58,58,58,58,58,58,58,54,54,54,53,40,61,42,70,54,54,53,46,25,46,24,15,15],"items_purged":[],"gold":139,"play_id":"4b2a9cb3-909b-4611-b7c7-265182951458","is_prod":false,"is_daily":false,"is_ascension_mode":false,"campfire_upgraded":1,"path_taken":["M","M","?","?","?","R","M","?","T","M","?","?","M","M","R","BOSS","M","?","M","M","M","R","M","?","T","?"],"build_version":"2018-02-01-PROD3","purchased_purges":0,"victory":false,"master_deck":["Defend_G","Defend_G","Defend_G","Defend_G","Strike_G","Strike_G","Survivor+1","Neutralize","Finisher","Backflip+1","Slice","Choke","Slice","Flash of Steel","Noxious Fumes","Acrobatics","Tools of the Trade","Infinite Blades","Slice","Slice","Slice","Backstab+1"],"max_hp_per_floor":[70,70,70,70,70,70,70,70,70,70,70,70,70,70,70,70,70,70,70,70,70,70,70,70,75,75],"relics":["Ring of the Snake","Mercury Hourglass","Oddly Smooth Stone","Peace Pipe"],"card_choices":[{"not_picked":["Prepared","Die Die Die"],"picked":"Finisher"},{"not_picked":["Deflect","Dash"],"picked":"Backflip"},{"not_picked":["Deflect","Eviscerate"],"picked":"Slice"},{"not_picked":["PiercingWail","Finisher"],"picked":"Choke"},{"not_picked":["Terror","Dagger Throw"],"picked":"Acrobatics"},{"not_picked":["Night Terror","Venomology"],"picked":"Tools of the Trade"},{"not_picked":["PiercingWail","Backflip"],"picked":"Infinite Blades"},{"not_picked":["Prepared","Crippling Poison"],"picked":"Slice"},{"not_picked":["Bane","Deadly Poison"],"picked":"Slice"},{"not_picked":["PiercingWail","Catalyst"],"picked":"Slice"},{"not_picked":["Prepared","Catalyst"],"picked":"Backstab"}],"player_experience":25556,"potions_floor_usage":[16,18,24,24],"damage_taken":[{"damage":0,"enemies":"2 Louse","floor":1,"turns":3},{"damage":5,"enemies":"Small Slimes","floor":2,"turns":5},{"damage":0,"enemies":"Cultist","floor":7,"turns":6},{"damage":4,"enemies":"Exordium Wildlife","floor":10,"turns":2},{"damage":1,"enemies":"Red Slaver","floor":13,"turns":2},{"damage":13,"enemies":"Lots of Slimes","floor":14,"turns":3},{"damage":19,"enemies":"Hexaghost","floor":16,"turns":11},{"damage":19,"enemies":"Spheric Guardian","floor":18,"turns":6},{"damage":1,"enemies":"Shell Parasite","floor":20,"turns":5},{"damage":7,"enemies":"Snake Plant","floor":21,"turns":4},{"damage":21,"enemies":"Centurion and Healer","floor":22,"turns":7},{"damage":22,"enemies":"Snecko","floor":24,"turns":6},{"damage":17,"enemies":"Snake Plant","floor":27,"turns":2}],"event_choices":[{"event_name":"Golden Wing","player_choice":"Card Removal","floor":3,"damage_taken":0},{"event_name":"Wheel of Change","player_choice":"Gold","floor":4,"damage_taken":0},{"event_name":"Purifier","player_choice":"One Purge","floor":5,"damage_taken":0},{"event_name":"The Cleric","player_choice":"Card Removal","floor":8,"damage_taken":0},{"event_name":"Beggar","player_choice":"Gave Gold","floor":19,"damage_taken":0},{"event_name":"Forgotten Altar","player_choice":"Shed Blood","floor":25,"damage_taken":0}],"boss_relics":[{"not_picked":["Runic Pyramid","Philosopher\u0027s Stone","Velvet Choker"]}],"potions_floor_spawned":[2,10,16,22,24],"seed_played":"7520764609288639241","killed_by":"Snake Plant","ascension_level":0,"is_trial":false}