{"path_per_floor":["M","M","?","M","M","R","$","M","T","R","$","M","R","M","R","B",null,"M","?","?","$","M","R","?","M","T","M","M","?","M","M","R"],"character_chosen":"IRONCLAD","items_purchased":["Shockwave","Double Tap"],"gold_per_floor":[117,131,131,142,158,158,2,20,20,20,20,31,31,45,45,149,149,167,167,167,15,29,29,29,47,47,61,76,76,88,100,100],"floor_reached":33,"campfire_rested":2,"playtime":1383,"current_hp_per_floor":[80,80,80,72,49,49,49,40,40,40,40,42,42,33,57,50,80,73,73,73,73,66,66,50,42,42,32,23,23,19,17,41],"items_purged":["Defend_R"],"gold":100,"score":292,"play_id":"ce6daf85-4f3d-4cc2-a88b-06cafca0c8f4","local_time":"20180322173344","is_prod":false,"is_daily":false,"is_ascension_mode":true,"campfire_upgraded":4,"timestamp":1521754424,"path_taken":["M","M","?","?","M","R","$","?","T","R","$","M","R","M","R","BOSS","M","?","?","?","M","R","?","M","T","M","?","?","M","M","R","BOSS"],"build_version":"2018-03-15v3","purchased_purges":1,"victory":false,"master_deck":["Strike_R+1","Strike_R+1","Strike_R+1","Strike_R+1","Strike_R+1","Defend_R+1","Defend_R+1","Bash","Rage+1","Perfected Strike+1","Pommel Strike+1","Shockwave+1","Wild Strike","Offering","Perfected Strike+1","Rage","Wild Strike","Inflame","Twin Strike","Double Tap","Wild Strike","Pommel Strike","Battle Trance"],"max_hp_per_floor":[80,80,80,80,80,80,80,80,80,80,80,80,80,80,80,80,80,80,80,80,80,80,80,80,80,80,80,80,80,80,80,80],"relics":["Burning Blood","Whetstone","Nloth\u0027s Gift","Enchiridion","Frozen Eye"],"card_choices":[{"not_picked":["Entrench","Burning Pact"],"picked":"Rage"},{"not_picked":["Double Tap","Metallicize"],"picked":"Perfected Strike"},{"not_picked":["Cleave","Heavy Blade"],"picked":"Pommel Strike"},{"not_picked":["Pummel","Havoc"],"picked":"Wild Strike"},{"not_picked":["Bludgeon","Double Tap"],"picked":"Offering"},{"not_picked":["Havoc","Flex"],"picked":"Perfected Strike"},{"not_picked":["Cleave","Heavy Blade"],"picked":"Rage"},{"not_picked":["Inflame","Rage"],"picked":"Wild Strike"},{"not_picked":["Rage","Thunderclap"],"picked":"Inflame"},{"not_picked":["Metallicize","Wild Strike"],"picked":"Twin Strike"},{"not_picked":["Spot Weakness","Burning Pact"],"picked":"Wild Strike"},{"not_picked":["Shrug It Off","Infernal Blade"],"picked":"Pommel Strike"},{"not_picked":["Uppercut","True Grit"],"picked":"Battle Trance"}],"player_experience":317465,"potions_floor_usage":[16,33,33],"damage_taken":[{"damage":6,"enemies":"Jaw Worm","floor":1,"turns":5},{"damage":6,"enemies":"Cultist","floor":2,"turns":4},{"damage":14,"enemies":"Small Slimes","floor":4,"turns":3},{"damage":29,"enemies":"Gremlin Gang","floor":5,"turns":5},{"damage":15,"enemies":"3 Louse","floor":8,"turns":3},{"damage":4,"enemies":"Exordium Wildlife","floor":12,"turns":3},{"damage":15,"enemies":"Gremlin Gang","floor":14,"turns":4},{"damage":13,"enemies":"Slime Boss","floor":16,"turns":8},{"damage":13,"enemies":"Shell Parasite","floor":18,"turns":3},{"damage":13,"enemies":"3 Byrds","floor":22,"turns":4},{"damage":14,"enemies":"3 Cultists","floor":25,"turns":4},{"damage":16,"enemies":"Cultist and Chosen","floor":27,"turns":4},{"damage":15,"enemies":"Sentry and Sphere","floor":28,"turns":4},{"damage":10,"enemies":"Snecko","floor":30,"turns":3},{"damage":8,"enemies":"Snake Plant","floor":31,"turns":2},{"damage":63,"enemies":"Collector","floor":33,"turns":3}],"event_choices":[{"event_name":"Purifier","player_choice":"One Purge","floor":3,"damage_taken":0},{"event_name":"N\u0027loth","player_choice":"Traded a Orrery","floor":19,"damage_taken":0},{"event_name":"Back to Basics","player_choice":"Simplicity","floor":20,"damage_taken":0},{"event_name":"Cursed Tome","player_choice":"Obtained Book","floor":24,"damage_taken":0},{"event_name":"The Lab","player_choice":"Got Potions","floor":29,"damage_taken":0}],"boss_relics":[{"not_picked":["Black Blood","Velvet Choker"],"picked":"Orrery"}],"potions_floor_spawned":[1,2,8,16,22,25,27,28],"seed_played":"-4855288420360560641","killed_by":"Collector","ascension_level":4,"is_trial":false}