{"path_per_floor":["M","M","?","M","?","R","E","R","T","M","R","E","$","?","R","B",null,"M","M","M","$","M","R","E","M","T","E","R","$","R","M","R","B",null,"M","M","M","$","M","R","E","M","T","?","E","R","M","M","R","B"],"character_chosen":"IRONCLAD","items_purchased":["Toxic Egg 2","True Grit","Battle Trance","Energy Potion"],"gold_per_floor":[118,134,209,221,221,221,256,256,281,299,299,342,27,27,27,150,150,150,150,150,8,8,8,8,8,8,8,8,8,8,8,8,8,8,8,8,8,8,8,8,8,8,8,8,8,8,8,8,8,8],"floor_reached":51,"campfire_rested":0,"playtime":3891,"current_hp_per_floor":[80,80,69,75,55,55,48,48,48,37,37,41,41,41,41,36,77,74,77,57,57,44,44,50,54,54,46,46,46,46,50,50,49,77,71,73,77,77,77,77,68,71,71,71,72,72,71,77,77,34],"items_purged":["Parasite"],"gold":8,"score":584,"play_id":"a6e6bb73-5bb9-4844-8a0c-c1d8c8c2a766","is_prod":false,"is_daily":false,"is_ascension_mode":false,"campfire_upgraded":11,"path_taken":["M","M","?","M","?","R","E","R","T","?","R","E","$","?","R","BOSS","M","M","M","$","M","R","E","M","T","E","R","?","R","M","R","BOSS","M","M","M","?","M","R","E","M","T","?","E","R","?","?","R","BOSS"],"build_version":"2018-02-08-BETA1","purchased_purges":1,"victory":true,"master_deck":["Strike_R","Strike_R","Strike_R+1","Strike_R+1","Strike_R+1","Defend_R+1","Defend_R+1","Defend_R+1","Defend_R+1","Double Tap+1","Demon Form+1","Whirlwind+1","Offering+1","Fiend Fire+1","Limit Break+1","Shrug It Off+1","Impervious+1","True Grit+1","Battle Trance+1","Battle Trance+1","Heavy Blade+1","Warcry+1","Limit Break+1","Shrug It Off+1","Flex+1","Shrug It Off+1","Heavy Blade+1","Feel No Pain+1"],"max_hp_per_floor":[80,80,80,80,80,80,80,80,80,80,80,80,77,77,77,77,77,77,77,77,77,77,77,77,77,77,77,77,77,77,77,77,77,77,77,77,77,77,77,77,77,77,77,77,77,77,77,77,77,77],"relics":["Black Blood","Golden Idol","Bottled Tornado","Blood Vial","Whetstone","Toxic Egg 2","Ectoplasm","Charon\u0027s Ashes","Oddly Smooth Stone","Shuriken","Pen Nib","War Paint","Regal Pillow"],"card_choices":[{"not_picked":["Reaper","Fiend Fire"],"picked":"Double Tap"},{"not_picked":["Iron Wave","Burning Pact"],"picked":"Demon Form"},{"not_picked":["True Grit","Shrug It Off"],"picked":"Whirlwind"},{"not_picked":["Dropkick","Rampage"],"picked":"Offering"},{"not_picked":["Clothesline","Pommel Strike"],"picked":"Fiend Fire"},{"not_picked":["Berserk","Fiend Fire"],"picked":"Limit Break"},{"not_picked":["True Grit","Perfected Strike"],"picked":"Shrug It Off"},{"not_picked":["Power Through","Shrug It Off"],"picked":"Impervious"},{"not_picked":["Sever Soul","Twin Strike"],"picked":"Battle Trance"},{"not_picked":["Searing Blow","Clothesline"],"picked":"Heavy Blade"},{"not_picked":["Clothesline","Flex"],"picked":"Warcry"},{"not_picked":["Impervious","Barricade"],"picked":"Limit Break"},{"not_picked":["Clothesline","Bloodletting"],"picked":"Shrug It Off"},{"not_picked":["Dual Wield","Thunderclap"],"picked":"Flex"},{"not_picked":["Infernal Blade","Twin Strike"],"picked":"Shrug It Off"},{"not_picked":["Rupture","Metallicize"],"picked":"Heavy Blade"},{"not_picked":["Spot Weakness","Sword Boomerang"],"picked":"Feel No Pain"}],"player_experience":5531,"potions_floor_usage":[7,10,24,50],"damage_taken":[{"damage":1,"enemies":"2 Louse","floor":1,"turns":3},{"damage":0,"enemies":"Cultist","floor":2,"turns":3},{"damage":0,"enemies":"Small Slimes","floor":4,"turns":4},{"damage":13,"enemies":"Gremlin Nob","floor":7,"turns":4},{"damage":19,"enemies":"Exordium Wildlife","floor":10,"turns":4},{"damage":4,"enemies":"Lagavulin","floor":12,"turns":5},{"damage":13,"enemies":"Slime Boss","floor":16,"turns":5},{"damage":9,"enemies":"Shell Parasite","floor":18,"turns":3},{"damage":0,"enemies":"3 Byrds","floor":19,"turns":2},{"damage":26,"enemies":"Snake Plant","floor":20,"turns":3},{"damage":21,"enemies":"Slaver and Parasite","floor":22,"turns":3},{"damage":17,"enemies":"Gremlin Leader","floor":24,"turns":6},{"damage":4,"enemies":"Centurion and Healer","floor":25,"turns":3},{"damage":16,"enemies":"Book of Stabbing","floor":27,"turns":4},{"damage":4,"enemies":"Chosen and Byrds","floor":31,"turns":2},{"damage":9,"enemies":"Automaton","floor":33,"turns":5},{"damage":16,"enemies":"Flame Bruiser 1 Orb","floor":35,"turns":4},{"damage":10,"enemies":"Orb Walker","floor":36,"turns":3},{"damage":8,"enemies":"Sphere and 2 Shapes","floor":37,"turns":4},{"damage":4,"enemies":"Spire Growth","floor":39,"turns":4},{"damage":19,"enemies":"Nemesis","floor":41,"turns":4},{"damage":9,"enemies":"4 Shapes","floor":42,"turns":3},{"damage":11,"enemies":"Giant Head","floor":45,"turns":5},{"damage":13,"enemies":"Flame Bruiser 2 Orb","floor":47,"turns":2},{"damage":4,"enemies":"Sphere and 2 Shapes","floor":48,"turns":4},{"damage":53,"enemies":"Awakened One","floor":50,"turns":5}],"event_choices":[{"event_name":"World of Goop","player_choice":"Gather Gold","floor":3,"damage_taken":0},{"event_name":"Golden Idol","player_choice":"Take Damage","floor":5,"damage_taken":0},{"event_name":"Liars Game","player_choice":"disagreed","floor":14,"damage_taken":0}],"boss_relics":[{"not_picked":["Eternal Feather","Calling Bell"],"picked":"Ectoplasm"},{"not_picked":["Lizard Tail","Orrery"],"picked":"Black Blood"}],"potions_floor_spawned":[2,4,18,19,27,31,39,41,42,45],"seed_played":"447146812150680857","ascension_level":0,"is_trial":false}