{"gold_per_floor":[219,294,310,26,45,45,59,59,59,59,76,76,76,94,94,94],"floor_reached":16,"playtime":784,"items_purged":["Strike_G"],"score":92,"play_id":"e3026d76-c79a-4479-8bb6-2b8499ffcf2e","local_time":"20181009210600","is_ascension_mode":false,"campfire_choices":[{"data":"Calculated Gamble","floor":6,"key":"SMITH"},{"data":"Quick Slash","floor":8,"key":"SMITH"},{"data":"Quick Slash","floor":10,"key":"SMITH"},{"data":"Backflip","floor":13,"key":"SMITH"},{"data":"Backflip","floor":15,"key":"SMITH"}],"neow_cost":"NONE","seed_source_timestamp":2310000593919975,"circlet_count":0,"master_deck":["Defend_G","Defend_G","Defend_G","Defend_G","Defend_G","Strike_G","Strike_G","Strike_G","Strike_G","Survivor","Neutralize","Calculated Gamble+1","Quick Slash+1","Quick Slash+1","Backflip+1","Decay","Backflip+1"],"relics":["Ring of the Snake","Medical Kit","Ninja Scroll"],"potions_floor_usage":[16,16],"damage_taken":[{"damage":0,"enemies":"2 Louse","floor":1,"turns":3},{"damage":0,"enemies":"Jaw Worm","floor":3,"turns":4},{"damage":0,"enemies":"Cultist","floor":5,"turns":4},{"damage":11,"enemies":"Gremlin Gang","floor":7,"turns":6},{"damage":4,"enemies":"2 Fungi Beasts","floor":11,"turns":3},{"damage":6,"enemies":"Exordium Thugs","floor":14,"turns":3},{"damage":49,"enemies":"Slime Boss","floor":16,"turns":11}],"seed_played":"-8051747852173029728","potions_obtained":[{"floor":3,"key":"GhostInAJar"},{"floor":7,"key":"Strength Potion"},{"floor":11,"key":"SteroidPotion"}],"is_trial":false,"path_per_floor":["M","?","M","$","M","R","M","R","T","R","M","?","R","M","R"],"character_chosen":"THE_SILENT","items_purchased":["Medical Kit"],"campfire_rested":0,"item_purchase_floors":[4],"current_hp_per_floor":[70,59,59,59,59,59,48,48,48,48,44,44,44,38,38,0],"gold":94,"neow_bonus":"HUNDRED_GOLD","is_prod":false,"is_daily":false,"chose_seed":false,"campfire_upgraded":5,"win_rate":0,"timestamp":1539133560,"path_taken":["M","?","?","$","?","R","M","R","T","R","M","?","R","M","R","BOSS"],"build_version":"2018-10-04v2","purchased_purges":1,"victory":false,"max_hp_per_floor":[70,70,70,70,70,70,70,70,70,70,70,70,70,70,70,70],"card_choices":[{"not_picked":["Outmaneuver","Sucker Punch"],"picked":"Calculated Gamble","floor":1},{"not_picked":["Poisoned Stab","Dodge and Roll"],"picked":"Quick Slash","floor":3},{"not_picked":["Outmaneuver","Poisoned Stab","Wraith Form v2"],"picked":"SKIP","floor":5},{"not_picked":["Well Laid Plans","Flying Knee"],"picked":"Quick Slash","floor":7},{"not_picked":["Flechettes","Leg Sweep"],"picked":"Backflip","floor":11},{"not_picked":["Poisoned Stab","Acrobatics"],"picked":"Backflip","floor":14}],"player_experience":589681,"relics_obtained":[{"floor":9,"key":"Ninja Scroll"}],"event_choices":[{"event_name":"World of Goop","player_choice":"Gather Gold","floor":2,"damage_taken":0},{"event_name":"Wheel of Change","player_choice":"Curse","floor":12,"damage_taken":0}],"is_beta":false,"boss_relics":[],"items_purged_floors":[4],"is_endless":false,"potions_floor_spawned":[3,7,11,14],"killed_by":"Slime Boss","ascension_level":0}