{"path_per_floor":["M","?","M","?","M","R","$","$","T","T","E","M","M","$","R","B",null,"M","?","T","M","?","R","?","E","T","E","M","?","R","M","R","B",null,"M","?","M","M","?","R","M","M","T","M","M","$","?","M","R","B"],"character_chosen":"IRONCLAD","items_purchased":["Singing Bowl","Orichalcum","Flex","Omamori","Matryoshka","Pommel Strike","Shrug It Off","Apotheosis","Bottled Lightning","Whetstone"],"gold_per_floor":[219,319,334,334,349,349,206,2,57,357,401,421,434,34,34,154,154,167,167,167,181,106,106,21,62,86,127,146,146,146,165,165,294,294,314,647,662,681,681,681,694,713,713,730,750,8,8,28,28,28],"floor_reached":51,"campfire_rested":2,"playtime":1482,"current_hp_per_floor":[76,76,71,71,74,74,74,74,74,74,71,73,81,81,81,47,92,90,90,90,94,94,94,94,85,85,47,48,48,93,90,90,67,102,104,104,104,85,85,85,56,74,74,52,44,44,71,57,106,8],"items_purged":["Parasite"],"gold":28,"score":614,"play_id":"00d3f86c-cbe9-49a2-a99a-3571f4a1e8c3","is_prod":false,"is_daily":false,"is_ascension_mode":false,"campfire_upgraded":5,"path_taken":["M","?","M","?","M","R","?","$","T","?","E","M","?","$","R","BOSS","M","?","?","M","?","R","?","E","T","E","M","?","R","M","R","BOSS","M","?","M","M","?","R","M","M","T","M","M","$","?","M","R","BOSS"],"build_version":"2018-02-15-PROD1","purchased_purges":1,"victory":true,"master_deck":["Strike_R","Strike_R+1","Strike_R+1","Strike_R","Strike_R","Defend_R","Defend_R","Defend_R","Bash","Thunderclap+1","Cleave+1","Flex+1","Uppercut+1","Impervious","Flex+1","Iron Wave+1","Limit Break+1","Seeing Red+1","Battle Trance","Shrug It Off","Pommel Strike","Shrug It Off","Apotheosis","Writhe"],"max_hp_per_floor":[80,80,80,74,74,74,74,74,74,74,90,90,92,92,92,92,92,94,94,94,96,96,96,96,98,98,100,102,102,102,102,102,102,102,104,104,104,104,104,104,106,108,108,108,110,107,107,109,111,111],"relics":["Burning Blood","Singing Bowl","Orichalcum","Tiny Chest","Old Coin","Mango","Omamori","Matryoshka","Cursed Key","Juzu Bracelet","Dead Branch","Regal Pillow","Vajra","Bag of Marbles","Dream Catcher","Pen Nib","Philosopher\u0027s Stone","Blood Vial","Bottled Lightning","Whetstone"],"card_choices":[{"not_picked":["Inflame","Heavy Blade"],"picked":"Thunderclap"},{"not_picked":["Disarm","Warcry"],"picked":"Cleave"},{"not_picked":["Iron Wave","Combust"],"picked":"Uppercut"},{"not_picked":["Exhume","Dark Embrace"],"picked":"Impervious"},{"not_picked":["Perfected Strike","Twin Strike"],"picked":"Flex"},{"not_picked":["Feel No Pain","Armaments"],"picked":"Iron Wave"},{"not_picked":["Immolate","Exhume"],"picked":"Limit Break"},{"not_picked":["Inflame","True Grit"],"picked":"Seeing Red"},{"not_picked":["Dual Wield","Clothesline"],"picked":"Battle Trance"},{"not_picked":["Entrench","Warcry"],"picked":"Shrug It Off"}],"player_experience":268304,"potions_floor_usage":[50,50,50],"damage_taken":[{"damage":10.0,"enemies":"Cultist","floor":1.0,"turns":4.0},{"damage":11.0,"enemies":"Jaw Worm","floor":3.0,"turns":3.0},{"damage":3.0,"enemies":"Small Slimes","floor":5.0,"turns":3.0},{"damage":25.0,"enemies":"Lagavulin","floor":11.0,"turns":7.0},{"damage":4.0,"enemies":"Looter","floor":12.0,"turns":3.0},{"damage":0.0,"enemies":"3 Louse","floor":13.0,"turns":3.0},{"damage":40.0,"enemies":"Hexaghost","floor":16.0,"turns":9.0},{"damage":10.0,"enemies":"Shell Parasite","floor":18.0,"turns":5.0},{"damage":4.0,"enemies":"2 Thieves","floor":21.0,"turns":4.0},{"damage":17.0,"enemies":"Slavers","floor":25.0,"turns":5.0},{"damage":46.0,"enemies":"Gremlin Leader","floor":27.0,"turns":5.0},{"damage":7.0,"enemies":"Cultist and Chosen","floor":28.0,"turns":4.0},{"damage":9.0,"enemies":"Snake Plant","floor":31.0,"turns":2.0},{"damage":29.0,"enemies":"Collector","floor":33.0,"turns":5.0},{"damage":3.0,"enemies":"Orb Walker","floor":35.0,"turns":2.0},{"damage":6.0,"enemies":"3 Darklings","floor":37.0,"turns":2.0},{"damage":25.0,"enemies":"Sphere and 2 Shapes","floor":38.0,"turns":5.0},{"damage":37.0,"enemies":"Maw","floor":41.0,"turns":6.0},{"damage":11.0,"enemies":"3 Darklings","floor":42.0,"turns":3.0},{"damage":30.0,"enemies":"4 Shapes","floor":44.0,"turns":4.0},{"damage":18.0,"enemies":"Maw","floor":45.0,"turns":6.0},{"damage":24.0,"enemies":"Sphere and 2 Shapes","floor":48.0,"turns":5.0},{"damage":106,"enemies":"Time Eater","floor":50,"turns":10}],"event_choices":[{"event_name":"Golden Shrine","player_choice":"Pray","floor":2.0,"damage_taken":0.0},{"event_name":"Golden Idol","player_choice":"Lose Max HP","floor":4.0,"damage_taken":0.0},{"event_name":"N\u0027loth","player_choice":"Ignored","floor":19.0,"damage_taken":0.0},{"event_name":"Beggar","player_choice":"Gave Gold","floor":22.0,"damage_taken":0.0},{"event_name":"Addict","player_choice":"Obtained Relic","floor":24.0,"damage_taken":0.0},{"event_name":"Drug Dealer","player_choice":"Ignored","floor":29.0,"damage_taken":0.0},{"event_name":"The Moai Head","player_choice":"Gave Idol","floor":36.0,"damage_taken":0.0},{"event_name":"Mysterious Sphere","player_choice":"Ignore","floor":39.0,"damage_taken":0.0},{"event_name":"Winding Halls","player_choice":"Writhe","floor":47.0,"damage_taken":0.0}],"boss_relics":[],"potions_floor_spawned":[3,11,16,21,25,28,33,41,44,48],"seed_played":"-630717854566163520","ascension_level":0,"is_trial":false}