{"gold_per_floor":[110,121,46,46,60,89,16,16,43,63,63,13,13,26,26,128,158,177,177],"floor_reached":19,"playtime":903,"items_purged":["Writhe"],"score":192,"play_id":"bf232024-1dd3-4768-93b6-07d6077b2a84","local_time":"20181110224031","is_ascension_mode":true,"campfire_choices":[{"data":"Searing Blow","floor":8,"key":"SMITH"},{"data":"Dual Wield","floor":11,"key":"SMITH"},{"floor":15,"key":"REST"}],"neow_cost":"CURSE","seed_source_timestamp":615772903336174,"circlet_count":0,"master_deck":["Strike_R","Strike_R","Strike_R","Strike_R","Defend_R","Defend_R","Defend_R","Defend_R","Bash","Rampage+1","Shrug It Off","Limit Break","Searing Blow+1","Dual Wield+1","Armaments","Clumsy","Regret","Clumsy","Armaments"],"relics":["Burning Blood","Champion Belt","Pen Nib","Vajra","Calling Bell","Tiny Chest","Pear","FossilizedHelix"],"potions_floor_usage":[16,16],"damage_taken":[{"damage":13,"enemies":"Cultist","floor":1,"turns":4},{"damage":6,"enemies":"2 Louse","floor":2,"turns":3},{"damage":1,"enemies":"Jaw Worm","floor":5,"turns":6},{"damage":32,"enemies":"Gremlin Nob","floor":6,"turns":4},{"damage":15,"enemies":"Exordium Thugs","floor":10,"turns":6},{"damage":10,"enemies":"3 Louse","floor":14,"turns":4},{"damage":47,"enemies":"Hexaghost","floor":16,"turns":11},{"damage":46,"enemies":"Shell Parasite","floor":18,"turns":7},{"damage":59,"enemies":"3 Byrds","floor":19,"turns":4}],"seed_played":"-5501722701814750606","potions_obtained":[{"floor":2,"key":"Poison Potion"},{"floor":6,"key":"LiquidBronze"},{"floor":10,"key":"Energy Potion"},{"floor":18,"key":"Strength Potion"}],"is_trial":false,"path_per_floor":["M","M","$","?","M","E","$","R","T","M","R","?","$","M","R","B",null,"M","M"],"character_chosen":"IRONCLAD","items_purchased":["Searing Blow"],"campfire_rested":1,"item_purchase_floors":[7],"current_hp_per_floor":[73,73,73,73,78,52,52,52,52,43,43,43,43,39,63,22,90,50,0],"gold":177,"neow_bonus":"ONE_RARE_RELIC","is_prod":false,"is_daily":false,"chose_seed":false,"campfire_upgraded":2,"win_rate":0,"timestamp":1541907631,"path_taken":["M","?","$","?","M","E","$","R","T","M","R","?","?","M","R","BOSS","M","M"],"build_version":"2018-11-08","purchased_purges":1,"victory":false,"max_hp_per_floor":[80,80,80,80,80,80,80,80,80,80,80,80,80,80,80,80,90,90,90],"card_choices":[{"not_picked":["Cleave","Fire Breathing"],"picked":"Rampage","floor":1},{"not_picked":["Pommel Strike","Reckless Charge"],"picked":"Shrug It Off","floor":2},{"not_picked":["Corruption","Hemokinesis","Clothesline"],"picked":"SKIP","floor":5},{"not_picked":["Cleave","Brutality"],"picked":"Limit Break","floor":6},{"not_picked":["Wild Strike","Clothesline"],"picked":"Dual Wield","floor":10},{"not_picked":["Corruption","True Grit"],"picked":"Armaments","floor":14},{"not_picked":["Clothesline+1","Sword Boomerang"],"picked":"Armaments","floor":18}],"player_experience":789261,"relics_obtained":[{"floor":6,"key":"Pen Nib"},{"floor":9,"key":"Vajra"},{"floor":17,"key":"Tiny Chest"},{"floor":17,"key":"Pear"},{"floor":17,"key":"FossilizedHelix"}],"event_choices":[{"damage_healed":0,"gold_gain":0,"player_choice":"Grow","damage_taken":0,"max_hp_gain":0,"max_hp_loss":0,"event_name":"Living Wall","floor":4,"gold_loss":0,"cards_upgraded":["Rampage"]},{"cards_removed":["Strike_R"],"damage_healed":0,"gold_gain":0,"player_choice":"Card Removal","damage_taken":0,"max_hp_gain":0,"max_hp_loss":0,"event_name":"The Cleric","floor":12,"gold_loss":50}],"is_beta":false,"boss_relics":[{"not_picked":["Orrery","Eternal Feather"],"picked":"Calling Bell"}],"items_purged_floors":[3],"is_endless":false,"potions_floor_spawned":[2,6,10,14,18],"killed_by":"3 Byrds","ascension_level":3}