{"gold_per_floor":[117,45,59,75,0,20,46,46,46,46,46,59,59,70,70,70],"floor_reached":16,"playtime":946,"items_purged":["Defend_G"],"score":117,"play_id":"979f197c-5798-4fcd-80cd-bb5ac8680d55","local_time":"20181019232347","is_ascension_mode":true,"campfire_choices":[{"floor":8,"key":"REST"},{"data":"Neutralize","floor":10,"key":"SMITH"},{"data":"Backflip","floor":13,"key":"SMITH"},{"floor":15,"key":"REST"}],"neow_cost":"NONE","seed_source_timestamp":849505642702153,"circlet_count":0,"master_deck":["Defend_G","Defend_G","Defend_G","Defend_G","Strike_G","Strike_G","Strike_G","Strike_G","Strike_G","Survivor","Neutralize+1","Backflip+1","Escape Plan","Backstab"],"relics":["Ring of the Snake","Bronze Scales","Smiling Mask","Toxic Egg 2","Meat on the Bone"],"potions_floor_usage":[7,7,16],"damage_taken":[{"damage":0,"enemies":"Cultist","floor":1,"turns":4},{"damage":6,"enemies":"2 Louse","floor":3,"turns":3},{"damage":0,"enemies":"Jaw Worm","floor":4,"turns":4},{"damage":9,"enemies":"Gremlin Gang","floor":6,"turns":6},{"damage":34,"enemies":"Lagavulin","floor":7,"turns":6},{"damage":3,"enemies":"Looter","floor":12,"turns":3},{"damage":0,"enemies":"3 Louse","floor":14,"turns":2},{"damage":60,"enemies":"The Guardian","floor":16,"turns":20}],"seed_played":"-5696204869648292425","potions_obtained":[{"floor":3,"key":"FearPotion"},{"floor":6,"key":"Energy Potion"},{"floor":7,"key":"GhostInAJar"},{"floor":14,"key":"Weak Potion"}],"is_trial":false,"path_per_floor":["M","$","M","M","$","M","E","R","T","R","?","M","R","M","R"],"character_chosen":"THE_SILENT","items_purchased":["Escape Plan"],"campfire_rested":2,"item_purchase_floors":[2],"current_hp_per_floor":[70,70,64,64,64,55,21,42,42,42,42,39,39,39,60,0],"gold":70,"neow_bonus":"RANDOM_COMMON_RELIC","is_prod":false,"is_daily":false,"chose_seed":false,"campfire_upgraded":2,"win_rate":0,"timestamp":1540005827,"path_taken":["M","$","M","?","$","M","E","R","T","R","?","M","R","?","R","BOSS"],"build_version":"2018-10-18","purchased_purges":1,"victory":false,"max_hp_per_floor":[70,70,70,70,70,70,70,70,70,70,70,70,70,70,70,70],"card_choices":[{"not_picked":["Predator","Underhanded Strike"],"picked":"Backflip","floor":1},{"not_picked":["All Out Attack","Slice","Deflect"],"picked":"SKIP","floor":3},{"not_picked":["Cloak And Dagger","Catalyst","Poisoned Stab"],"picked":"SKIP","floor":4},{"not_picked":["Slice","Dodge and Roll","Sucker Punch"],"picked":"SKIP","floor":6},{"not_picked":["Deflect","Outmaneuver","Flechettes"],"picked":"SKIP","floor":7},{"not_picked":["Prepared+1","Bane"],"picked":"Backstab","floor":12},{"not_picked":["All Out Attack","Terror+1","Outmaneuver+1"],"picked":"SKIP","floor":14}],"player_experience":644048,"relics_obtained":[{"floor":7,"key":"Smiling Mask"},{"floor":9,"key":"Toxic Egg 2"}],"event_choices":[{"damage_healed":0,"gold_gain":0,"player_choice":"Gave Potion","damage_taken":0,"relics_obtained":["Meat on the Bone"],"max_hp_gain":0,"max_hp_loss":0,"event_name":"WeMeetAgain","floor":11,"gold_loss":0}],"is_beta":false,"boss_relics":[],"items_purged_floors":[5],"is_endless":false,"potions_floor_spawned":[3,6,7,14],"killed_by":"The Guardian","ascension_level":3}