{"gold_per_floor":[111,36,111,61,71,71,83,83,83,101,118,118,31,50,50,50],"floor_reached":16,"playtime":512,"items_purged":[],"score":110,"play_id":"45bd4c00-3e1d-430e-a243-e513557c6e8a","local_time":"20181101005650","is_ascension_mode":true,"campfire_choices":[{"data":"Zap","floor":6,"key":"SMITH"},{"data":"Redo","floor":12,"key":"SMITH"},{"data":"Stack","floor":15,"key":"SMITH"}],"neow_cost":"NONE","seed_source_timestamp":1892321479385333,"circlet_count":0,"master_deck":["Strike_B","Strike_B","Defend_B","Defend_B","Defend_B","Defend_B","Zap+1","Dualcast","Redo+1","Beam Cell","FTL","Hologram","Conserve Battery","Turbo","Flash of Steel","Stack+1"],"relics":["Cracked Core","Question Card"],"potions_floor_usage":[16,16],"damage_taken":[{"damage":7,"enemies":"2 Louse","floor":1,"turns":2},{"damage":0,"enemies":"Small Slimes","floor":5,"turns":2},{"damage":0,"enemies":"Cultist","floor":7,"turns":2},{"damage":14,"enemies":"Large Slime","floor":10,"turns":5},{"damage":0,"enemies":"Looter","floor":11,"turns":2},{"damage":0,"enemies":"2 Fungi Beasts","floor":14,"turns":3},{"damage":39,"enemies":"The Guardian","floor":16,"turns":9}],"seed_played":"4022891245983592007","potions_obtained":[{"floor":1,"key":"Strength Potion"},{"floor":10,"key":"AttackPotion"}],"is_trial":false,"path_per_floor":["M","$","?","?","M","R","M","?","T","M","M","R","$","M","R"],"character_chosen":"DEFECT","items_purchased":["FTL","Flash of Steel"],"campfire_rested":0,"item_purchase_floors":[2,13],"current_hp_per_floor":[68,68,57,57,57,57,57,50,50,36,36,36,36,36,36,0],"gold":50,"neow_bonus":"THREE_CARDS","is_prod":false,"is_daily":false,"chose_seed":false,"campfire_upgraded":3,"win_rate":0,"timestamp":1541048210,"path_taken":["M","$","?","?","M","R","?","?","T","M","M","R","$","?","R","BOSS"],"build_version":"2018-10-25v2","purchased_purges":0,"victory":false,"max_hp_per_floor":[75,75,75,75,75,75,75,75,75,75,75,75,75,75,75,75],"card_choices":[{"not_picked":["Conserve Battery","Leap"],"picked":"Redo","floor":0},{"not_picked":["Reinforced Body","Steam"],"picked":"Beam Cell","floor":1},{"not_picked":["Chill","Defragment"],"picked":"Hologram","floor":5},{"not_picked":["Rebound","Cold Snap","Redo"],"picked":"SKIP","floor":7},{"not_picked":["Rip and Tear","Cold Snap","Tempest"],"picked":"Conserve Battery","floor":10},{"not_picked":["Skim","Capacitor","Storm"],"picked":"Turbo","floor":11},{"not_picked":["Steam","Lockon","Streamline"],"picked":"Stack","floor":14}],"player_experience":719238,"relics_obtained":[{"floor":9,"key":"Question Card"}],"event_choices":[{"damage_healed":0,"gold_gain":75,"player_choice":"Gather Gold","damage_taken":11,"max_hp_gain":0,"max_hp_loss":0,"event_name":"World of Goop","floor":3,"gold_loss":0},{"cards_removed":["Strike_B"],"damage_healed":0,"gold_gain":0,"player_choice":"Card Removal","damage_taken":0,"max_hp_gain":0,"max_hp_loss":0,"event_name":"The Cleric","floor":4,"gold_loss":50},{"cards_removed":["Strike_B"],"damage_healed":0,"gold_gain":0,"player_choice":"Card Removal","damage_taken":7,"max_hp_gain":0,"max_hp_loss":0,"event_name":"Golden Wing","floor":8,"gold_loss":0}],"is_beta":false,"boss_relics":[],"items_purged_floors":[],"is_endless":false,"potions_floor_spawned":[1,10],"killed_by":"The Guardian","ascension_level":4}