{"gold_per_floor":[13,13,24,24,42,72,88,88,157,187,201,219,294,308,308,308],"floor_reached":16,"playtime":1208,"items_purged":[],"score":114,"play_id":"61515188-ebfd-424b-91a3-2742910c1df8","local_time":"20181118165506","is_ascension_mode":false,"campfire_choices":[{"data":"True Grit","floor":15,"key":"SMITH"}],"neow_cost":"NO_GOLD","seed_source_timestamp":342165052145610,"circlet_count":0,"master_deck":["Strike_R","Strike_R","Strike_R","Strike_R","Strike_R","Defend_R","Defend_R","Defend_R","Defend_R","Bash","Dropkick","Flex","Heavy Blade","Entrench","Bash","Enlightenment","Immolate","Cleave","True Grit+1"],"relics":["Burning Blood","FossilizedHelix","Thread and Needle","The Courier","Dream Catcher"],"potions_floor_usage":[6,16,16],"damage_taken":[{"damage":0,"enemies":"2 Louse","floor":1,"turns":4},{"damage":0,"enemies":"Cultist","floor":3,"turns":4},{"damage":7,"enemies":"Small Slimes","floor":5,"turns":4},{"damage":48,"enemies":"3 Sentries","floor":6,"turns":11},{"damage":0,"enemies":"Red Slaver","floor":7,"turns":3},{"damage":12,"enemies":"Gremlin Nob","floor":10,"turns":4},{"damage":0,"enemies":"3 Louse","floor":11,"turns":3},{"damage":0,"enemies":"Blue Slaver","floor":12,"turns":3},{"damage":0,"enemies":"2 Fungi Beasts","floor":14,"turns":2},{"damage":55,"enemies":"Hexaghost","floor":16,"turns":10}],"seed_played":"9142445721215499080","potions_obtained":[{"floor":2,"key":"GamblersBrew"},{"floor":2,"key":"FairyPotion"},{"floor":2,"key":"Energy Potion"},{"floor":6,"key":"Dexterity Potion"},{"floor":12,"key":"EssenceOfSteel"}],"is_trial":false,"path_per_floor":["M","?","M","$","M","E","M","?","T","E","M","M","?","M","R","B"],"character_chosen":"IRONCLAD","items_purchased":[],"campfire_rested":0,"item_purchase_floors":[],"current_hp_per_floor":[80,80,80,80,79,37,43,43,43,37,43,49,38,44,44,0],"gold":308,"neow_bonus":"ONE_RARE_RELIC","is_prod":false,"is_daily":false,"chose_seed":false,"campfire_upgraded":1,"win_rate":0,"timestamp":1542560106,"path_taken":["M","?","?","$","M","E","M","?","T","E","?","M","?","M","R","BOSS"],"build_version":"2018-11-15","purchased_purges":0,"victory":false,"max_hp_per_floor":[80,80,80,80,80,80,80,80,80,80,80,80,80,80,80,80],"card_choices":[{"not_picked":["Armaments","Havoc"],"picked":"Dropkick","floor":1},{"not_picked":["Sword Boomerang","Wild Strike"],"picked":"Flex","floor":3},{"not_picked":["Havoc","Flex"],"picked":"Heavy Blade","floor":5},{"not_picked":["Pommel Strike","Heavy Blade","Perfected Strike"],"picked":"SKIP","floor":6},{"not_picked":["Heavy Blade","Sentinel","Pommel Strike"],"picked":"SKIP","floor":7},{"not_picked":["Burning Pact","Heavy Blade","Sentinel"],"picked":"SKIP","floor":10},{"not_picked":["Twin Strike","Sword Boomerang"],"picked":"Immolate","floor":11},{"not_picked":["Headbutt","Pommel Strike"],"picked":"Cleave","floor":12},{"not_picked":["Brutality","Burning Pact"],"picked":"True Grit","floor":14}],"player_experience":245288,"relics_obtained":[{"floor":6,"key":"Thread and Needle"},{"floor":9,"key":"The Courier"},{"floor":10,"key":"Dream Catcher"}],"event_choices":[{"damage_healed":0,"gold_gain":0,"player_choice":"Got Potions","damage_taken":0,"max_hp_gain":0,"max_hp_loss":0,"event_name":"Lab","floor":2,"gold_loss":0},{"damage_healed":0,"gold_gain":0,"player_choice":"3 cards matched","damage_taken":0,"max_hp_gain":0,"max_hp_loss":0,"event_name":"Match and Keep!","floor":8,"gold_loss":0,"cards_obtained":["Entrench","Bash","Enlightenment"]},{"damage_healed":0,"gold_gain":75,"player_choice":"Gather Gold","damage_taken":11,"max_hp_gain":0,"max_hp_loss":0,"event_name":"World of Goop","floor":13,"gold_loss":0}],"is_beta":false,"boss_relics":[],"items_purged_floors":[],"is_endless":false,"potions_floor_spawned":[6,12],"killed_by":"Hexaghost","ascension_level":0}