{"path_per_floor":["M","?","?","M","M","R","M","M","T","?","M","R","M","M","R","B",null,"M","$","M","$","T","R","M","?","T","M","M","?","R","M","R","B",null,"M","?","?","M","$","R","?","R","T","M","T","M","M","$","R"],"character_chosen":"THE_SILENT","items_purchased":["Vajra","Outmaneuver","Dagger Throw","Flying Knee","Tools of the Trade","Catalyst","Choke","Infinite Blades"],"gold_per_floor":[110,110,110,120,140,140,156,171,171,171,184,184,199,216,216,319,319,330,34,47,1,1,1,13,13,81,91,103,103,103,115,115,219,249,263,263,263,273,59,59,110,110,110,120,120,134,150,37,37],"floor_reached":50,"campfire_rested":9,"playtime":5162,"current_hp_per_floor":[61,61,61,54,43,64,58,56,56,56,53,70,45,47,68,23,70,57,57,46,46,46,67,56,56,66,56,51,51,75,62,80,15,85,69,69,59,54,54,79,31,56,56,49,49,46,31,31,56],"items_purged":["Regret"],"gold":37,"play_id":"5d17b096-ad3b-427d-a697-529edaf4a6ef","is_prod":false,"is_daily":false,"is_ascension_mode":false,"campfire_upgraded":0,"path_taken":["M","?","?","M","M","R","M","?","T","?","M","R","M","M","R","BOSS","M","$","M","$","?","R","M","?","T","M","M","?","R","M","R","BOSS","M","?","?","M","$","R","?","R","T","?","?","M","M","$","R","BOSS"],"build_version":"2018-02-01-PROD3","purchased_purges":1,"victory":false,"master_deck":["Defend_G","Defend_G","Defend_G","Defend_G","Defend_G","Strike_G","Strike_G","Strike_G","Strike_G+1","Survivor","Neutralize+1","Leg Sweep","Well Laid Plans","PiercingWail","Infinite Blades","Prepared","Dash","Noxious Fumes","Bullet Time","Blade Dance","PiercingWail","Sucker Punch","Distraction","Envenom","Escape Plan","Outmaneuver","Dagger Throw","Poisoned Stab","Flying Knee","Endless Agony","Footwork","Backflip","Endless Agony+1","Poisoned Stab","PiercingWail+1","Prepared+1","Noxious Fumes+1","After Image","Choke","PiercingWail","Madness","Madness","Flying Knee","Tools of the Trade","Catalyst","Outmaneuver","Noxious Fumes+1","Deadly Poison+1","Blur+1","Dodge and Roll+1","Distraction","Choke","Infinite Blades","Caltrops"],"max_hp_per_floor":[70,70,70,70,70,70,70,70,70,70,70,70,70,70,70,70,70,70,70,70,70,70,70,70,70,80,80,80,80,80,80,80,80,85,85,85,85,85,85,85,85,85,85,85,85,85,85,85,85],"relics":["Ring of the Snake","Whetstone","Dream Catcher","Blood Vial","Sozu","Vajra","Gambling Chip","Pear","Tiny House","Girya","Torii","Bird Faced Urn"],"card_choices":[{"not_picked":["Bane","PiercingWail"],"picked":"Leg Sweep"},{"not_picked":["Dodge and Roll","Dagger Spray"],"picked":"PiercingWail"},{"not_picked":["Deflect","Acrobatics"],"picked":"Infinite Blades"},{"not_picked":["Bane","Deflect"],"picked":"Prepared"},{"not_picked":["Quick Slash","Heel Hook"],"picked":"Dash"},{"not_picked":["Outmaneuver","Dash"],"picked":"Noxious Fumes"},{"not_picked":["Slice","Backstab"],"picked":"Bullet Time"},{"not_picked":["Dodge and Roll","PiercingWail"],"picked":"Blade Dance"},{"not_picked":["Sucker Punch","Quick Slash"],"picked":"PiercingWail"},{"not_picked":["All Out Attack","Predator"],"picked":"Sucker Punch"},{"not_picked":["Dagger Spray","Prepared"],"picked":"Distraction"},{"not_picked":["After Image","Burst"],"picked":"Envenom"},{"not_picked":["Predator","Malaise"],"picked":"Escape Plan"},{"not_picked":["Dagger Throw","Deadly Poison"],"picked":"Poisoned Stab"},{"not_picked":["Backflip","Bane"],"picked":"Endless Agony"},{"not_picked":["Bane","Dagger Spray"],"picked":"Footwork"},{"not_picked":["Deflect","Dash"],"picked":"Backflip"},{"not_picked":["Finisher","Slice"],"picked":"Endless Agony"},{"not_picked":["Backflip","Dagger Throw"],"picked":"PiercingWail"},{"not_picked":["Deadly Poison","Dagger Throw"],"picked":"Prepared"},{"not_picked":["Backflip","Dagger Throw"],"picked":"Noxious Fumes"},{"not_picked":["Night Terror","Unload"],"picked":"After Image"},{"not_picked":["Slice","Dodge and Roll"],"picked":"Choke"},{"not_picked":["Heel Hook","Endless Agony"],"picked":"PiercingWail"},{"not_picked":["Dagger Throw","Eviscerate"],"picked":"Flying Knee"},{"not_picked":["Heel Hook","Slice"],"picked":"Outmaneuver"},{"not_picked":["Crippling Poison","Sucker Punch"],"picked":"Noxious Fumes"},{"not_picked":["Bane","PiercingWail"],"picked":"Deadly Poison"},{"not_picked":["Corpse Explosion","Masterful Stab"],"picked":"Blur"},{"not_picked":["Flying Knee","Choke"],"picked":"Dodge and Roll"},{"not_picked":["Malaise","Calculated Gamble"],"picked":"Distraction"},{"not_picked":["Flechettes","Slice"],"picked":"Caltrops"}],"player_experience":34929,"potions_floor_usage":[],"damage_taken":[{"damage":9.0,"enemies":"Jaw Worm","floor":1.0,"turns":4.0},{"damage":7.0,"enemies":"Blue Slaver","floor":4.0,"turns":7.0},{"damage":11.0,"enemies":"Small Slimes","floor":5.0,"turns":5.0},{"damage":6.0,"enemies":"3 Louse","floor":7.0,"turns":5.0},{"damage":2.0,"enemies":"Exordium Wildlife","floor":8.0,"turns":6.0},{"damage":5.0,"enemies":"Looter","floor":11.0,"turns":4.0},{"damage":25.0,"enemies":"Gremlin Gang","floor":13.0,"turns":6.0},{"damage":0.0,"enemies":"3 Louse","floor":14.0,"turns":3.0},{"damage":47.0,"enemies":"Slime Boss","floor":16.0,"turns":13.0},{"damage":13.0,"enemies":"Chosen","floor":18.0,"turns":5.0},{"damage":13.0,"enemies":"3 Byrds","floor":20.0,"turns":6.0},{"damage":13.0,"enemies":"3 Cultists","floor":24.0,"turns":6.0},{"damage":12.0,"enemies":"Snecko","floor":27.0,"turns":6.0},{"damage":7.0,"enemies":"Centurion and Healer","floor":28.0,"turns":7.0},{"damage":15.0,"enemies":"3 Cultists","floor":31.0,"turns":5.0},{"damage":65.0,"enemies":"Automaton","floor":33.0,"turns":9.0},{"damage":16.0,"enemies":"Orb Walker","floor":35.0,"turns":4.0},{"damage":7.0,"enemies":"3 Shapes","floor":38.0,"turns":6.0},{"damage":50.0,"enemies":"Mysterious Sphere","floor":41.0,"turns":10.0},{"damage":9.0,"enemies":"Maw","floor":44.0,"turns":10.0},{"damage":21,"enemies":"4 Shapes","floor":46,"turns":9},{"damage":31,"enemies":"3 Darklings","floor":47,"turns":7},{"damage":80,"enemies":"Time Eater","floor":50,"turns":12}],"event_choices":[{"event_name":"Transmorgrifier","player_choice":"Transform","floor":2.0,"damage_taken":0.0},{"event_name":"Big Fish","player_choice":"Box","floor":3.0,"damage_taken":0.0},{"event_name":"The Woman in Blue","player_choice":"Bought 0 Potions","floor":10.0,"damage_taken":0.0},{"event_name":"Beggar","player_choice":"Ignored","floor":25.0,"damage_taken":0.0},{"event_name":"The Library","player_choice":"Read","floor":29.0,"damage_taken":0.0},{"event_name":"Accursed Blacksmith","player_choice":"Forge","floor":36.0,"damage_taken":0.0},{"event_name":"Winding Halls","player_choice":"Embrace Madness","floor":37.0,"damage_taken":0.0},{"event_name":"Mysterious Sphere","player_choice":"Fight","floor":41.0,"damage_taken":0.0}],"boss_relics":[],"potions_floor_spawned":[1,8,16,24,33,35,38,47],"seed_played":"1357675660739663927","killed_by":"Time Eater","ascension_level":0,"is_trial":false}