{"gold_per_floor":[115,80,92,92,92,124,151,176,200,200],"floor_reached":10,"playtime":459,"items_purged":[],"score":100,"play_id":"62254ef3-c559-42f7-8cc3-52fc359c86bc","local_time":"20181222094112","is_ascension_mode":true,"campfire_choices":[],"neow_cost":"NONE","seed_source_timestamp":143345270165323,"circlet_count":0,"master_deck":["Defend_G+1","Defend_G+1","Defend_G","Defend_G","Defend_G","Strike_G","Strike_G","Strike_G","Strike_G","Strike_G","Survivor","Neutralize+1","Poisoned Stab","Flying Knee","Bullet Time","Deadly Poison"],"relics":["Ring of the Snake","Strawberry","Art of War","PreservedInsect","Dream Catcher","Vajra"],"potions_floor_usage":[8,10],"damage_taken":[{"damage":1,"enemies":"2 Louse","floor":1,"turns":3},{"damage":1,"enemies":"Cultist","floor":3,"turns":3},{"damage":32,"enemies":"3 Sentries","floor":6,"turns":11},{"damage":9,"enemies":"Lagavulin","floor":8,"turns":7},{"damage":22,"enemies":"3 Sentries","floor":10,"turns":6}],"seed_played":"1291447774758852242","potions_obtained":[{"floor":6,"key":"Weak Potion"},{"floor":8,"key":"SpeedPotion"}],"is_trial":false,"path_per_floor":["M","?","M","?","?","E","T","E","T","E"],"character_chosen":"THE_SILENT","items_purchased":[],"campfire_rested":0,"item_purchase_floors":[],"current_hp_per_floor":[69,77,76,61,61,29,29,20,20,0],"gold":200,"neow_bonus":"RANDOM_COMMON_RELIC","is_prod":false,"is_daily":false,"chose_seed":false,"campfire_upgraded":0,"win_rate":0,"timestamp":1545489672,"path_taken":["M","?","M","?","?","E","?","E","T","E"],"build_version":"2018-12-20","purchased_purges":0,"victory":false,"max_hp_per_floor":[77,77,77,77,77,77,77,77,77,77],"card_choices":[{"not_picked":["Distraction","Bouncing Flask"],"picked":"Poisoned Stab","floor":1},{"not_picked":["Blade Dance","Eviscerate"],"picked":"Flying Knee","floor":3},{"not_picked":["Slice","Setup"],"picked":"Bullet Time","floor":6},{"not_picked":["Backflip","PiercingWail"],"picked":"Deadly Poison","floor":8}],"player_experience":333990,"relics_obtained":[{"floor":6,"key":"Art of War"},{"floor":7,"key":"PreservedInsect"},{"floor":8,"key":"Dream Catcher"},{"floor":9,"key":"Vajra"}],"event_choices":[{"damage_healed":19,"gold_gain":0,"player_choice":"Healed","damage_taken":0,"max_hp_gain":0,"max_hp_loss":0,"event_name":"The Cleric","floor":2,"gold_loss":35},{"damage_healed":0,"gold_gain":0,"player_choice":"Entered Light","damage_taken":15,"max_hp_gain":0,"max_hp_loss":0,"event_name":"Shining Light","floor":4,"gold_loss":0,"cards_upgraded":["Defend_G","Defend_G"]},{"damage_healed":0,"gold_gain":0,"player_choice":"Grow","damage_taken":0,"max_hp_gain":0,"max_hp_loss":0,"event_name":"Living Wall","floor":5,"gold_loss":0,"cards_upgraded":["Neutralize"]}],"is_beta":false,"boss_relics":[],"items_purged_floors":[],"is_endless":false,"potions_floor_spawned":[6,8],"killed_by":"3 Sentries","ascension_level":7}