{"gold_per_floor":[116,116,191,366,385,417,436,436,516,548,559,559,559,589,589,693,693,704,724,741,666,666,666,676,694,717,146,161,194,194,208,208,208],"floor_reached":33,"playtime":1526,"items_purged":[],"score":471,"play_id":"dfe25f1c-76d7-4e06-9609-9d4a2efc8c92","local_time":"20181215135011","is_ascension_mode":true,"campfire_choices":[{"data":"Storm of Steel","floor":13,"key":"SMITH"},{"data":"Calculated Gamble","floor":15,"key":"SMITH"},{"data":"Prepared","floor":23,"key":"SMITH"},{"data":"1","floor":32,"key":"LIFT"}],"neow_cost":"NONE","seed_source_timestamp":244952438994324,"circlet_count":0,"master_deck":["Defend_G","Defend_G","Defend_G","Defend_G+1","Defend_G","Strike_G","Strike_G","Strike_G","Strike_G+1","Strike_G","Survivor","Neutralize","Deadly Poison","Calculated Gamble+1","Eviscerate","Tactician","Storm of Steel+1","Cloak And Dagger","Tools of the Trade+1","Adrenaline","Footwork+1","Noxious Fumes+1","Choke+1","Prepared+1","Footwork+1","Backflip","Well Laid Plans+1","Cloak And Dagger+1","Tactician","Burst"],"relics":["Ring of the Snake","NeowsBlessing","Tingsha","Ninja Scroll","Frozen Egg 2","Incense Burner","Centennial Puzzle","WristBlade","Blood Vial","Sling","Girya","Omamori"],"potions_floor_usage":[10,14,18,20,29,31,33],"damage_taken":[{"damage":0,"enemies":"Small Slimes","floor":1,"turns":1},{"damage":0,"enemies":"Jaw Worm","floor":5,"turns":1},{"damage":0,"enemies":"3 Sentries","floor":6,"turns":1},{"damage":0,"enemies":"2 Louse","floor":7,"turns":1},{"damage":11,"enemies":"Lagavulin","floor":10,"turns":4},{"damage":0,"enemies":"Looter","floor":11,"turns":1},{"damage":0,"enemies":"3 Sentries","floor":14,"turns":2},{"damage":8,"enemies":"Slime Boss","floor":16,"turns":9},{"damage":29,"enemies":"3 Byrds","floor":18,"turns":3},{"damage":0,"enemies":"Spheric Guardian","floor":19,"turns":1},{"damage":10,"enemies":"3 Cultists","floor":20,"turns":4},{"damage":1,"enemies":"Centurion and Healer","floor":24,"turns":2},{"damage":0,"enemies":"Cultist and Chosen","floor":25,"turns":3},{"damage":0,"enemies":"Snake Plant","floor":28,"turns":1},{"damage":0,"enemies":"Book of Stabbing","floor":29,"turns":1},{"damage":0,"enemies":"Centurion and Healer","floor":31,"turns":2},{"damage":23,"enemies":"Champ","floor":33,"turns":5}],"seed_played":"-2414467921766313977","potions_obtained":[{"floor":1,"key":"Dexterity Potion"},{"floor":11,"key":"SpeedPotion"},{"floor":16,"key":"Regen Potion"},{"floor":19,"key":"AttackPotion"},{"floor":20,"key":"GamblersBrew"},{"floor":25,"key":"Poison Potion"},{"floor":31,"key":"SpeedPotion"}],"is_trial":false,"path_per_floor":["M","?","?","?","M","E","M","T","T","E","M","?","R","E","R","B",null,"M","M","M","?","?","R","M","M","T","$","M","E","?","M","R","B"],"character_chosen":"THE_SILENT","items_purchased":["Well Laid Plans+1","Sling","Girya"],"campfire_rested":0,"item_purchase_floors":[27,27,27],"current_hp_per_floor":[63,49,38,38,38,38,38,38,38,27,27,20,20,20,20,12,56,36,36,26,26,26,26,25,25,25,25,27,29,16,18,18,0],"gold":208,"neow_bonus":"THREE_ENEMY_KILL","is_prod":false,"is_daily":false,"chose_seed":false,"campfire_upgraded":3,"win_rate":0,"timestamp":1544899811,"path_taken":["M","?","?","?","M","E","M","?","T","E","?","?","R","E","R","BOSS","M","M","?","?","?","R","M","M","T","$","M","E","?","M","R","BOSS"],"build_version":"2018-12-13","purchased_purges":0,"victory":false,"max_hp_per_floor":[70,70,70,70,70,70,70,70,70,70,70,70,70,70,70,70,70,70,70,70,70,70,70,70,70,70,70,70,70,75,75,75,75],"card_choices":[{"not_picked":["Endless Agony","Cloak And Dagger"],"picked":"Deadly Poison","floor":1},{"not_picked":["Cloak And Dagger","Underhanded Strike"],"picked":"Calculated Gamble","floor":5},{"not_picked":["Prepared","PiercingWail"],"picked":"Eviscerate","floor":6},{"not_picked":["Choke","Blade Dance"],"picked":"Tactician","floor":7},{"not_picked":["Escape Plan","Bane"],"picked":"Storm of Steel","floor":10},{"not_picked":["Dodge and Roll","Bane"],"picked":"Cloak And Dagger","floor":11},{"not_picked":["Acrobatics","Poisoned Stab"],"picked":"Tools of the Trade+1","floor":14},{"not_picked":["Storm of Steel","Bullet Time"],"picked":"Adrenaline","floor":16},{"not_picked":["Skewer","Bouncing Flask"],"picked":"Footwork+1","floor":18},{"not_picked":["PiercingWail","Quick Slash+1"],"picked":"Noxious Fumes+1","floor":19},{"not_picked":["Crippling Poison","Backflip"],"picked":"Choke+1","floor":20},{"not_picked":["Reflex","Bane+1"],"picked":"Footwork+1","floor":24},{"not_picked":["Cloak And Dagger","Deadly Poison"],"picked":"Backflip","floor":25},{"not_picked":["Well Laid Plans+1","Caltrops+1"],"picked":"Cloak And Dagger+1","floor":28},{"not_picked":["Blade Dance","Riddle With Holes+1"],"picked":"Tactician","floor":29},{"not_picked":["Deadly Poison","Slice"],"picked":"Burst","floor":31}],"player_experience":317987,"relics_obtained":[{"floor":6,"key":"Tingsha"},{"floor":8,"key":"Ninja Scroll"},{"floor":9,"key":"Frozen Egg 2"},{"floor":10,"key":"Incense Burner"},{"floor":14,"key":"Centennial Puzzle"},{"floor":26,"key":"Blood Vial"},{"floor":29,"key":"Omamori"}],"event_choices":[{"damage_healed":0,"gold_gain":0,"player_choice":"Entered Light","damage_taken":14,"max_hp_gain":0,"max_hp_loss":0,"event_name":"Shining Light","floor":2,"gold_loss":0,"cards_upgraded":["Defend_G","Strike_G"]},{"damage_healed":0,"gold_gain":75,"player_choice":"Gather Gold","damage_taken":11,"max_hp_gain":0,"max_hp_loss":0,"event_name":"World of Goop","floor":3,"gold_loss":0},{"damage_healed":0,"gold_gain":175,"player_choice":"AGREE","damage_taken":0,"max_hp_gain":0,"max_hp_loss":0,"event_name":"Liars Game","floor":4,"gold_loss":0,"cards_obtained":["Doubt"]},{"damage_healed":0,"gold_gain":0,"player_choice":"Damaged","damage_taken":7,"max_hp_gain":0,"max_hp_loss":0,"event_name":"Wheel of Change","floor":12,"gold_loss":0},{"cards_removed":["Doubt"],"damage_healed":0,"gold_gain":0,"player_choice":"Gave Gold","damage_taken":0,"max_hp_gain":0,"max_hp_loss":0,"event_name":"Beggar","floor":21,"gold_loss":75},{"damage_healed":0,"gold_gain":0,"player_choice":"Read","damage_taken":0,"max_hp_gain":0,"max_hp_loss":0,"event_name":"The Library","floor":22,"gold_loss":0,"cards_obtained":["Prepared"]},{"damage_healed":0,"gold_gain":0,"player_choice":"Shed Blood","damage_taken":18,"max_hp_gain":5,"max_hp_loss":0,"event_name":"Forgotten Altar","floor":30,"gold_loss":0}],"is_beta":false,"boss_relics":[{"not_picked":["Snecko Eye","Velvet Choker"],"picked":"WristBlade"}],"items_purged_floors":[],"is_endless":false,"potions_floor_spawned":[1,11,16,19,20,25,31],"killed_by":"Champ","ascension_level":6}