{"path_per_floor":["M","$","M","?","M","R","M","M","T","R","M","$","R","M","R","B",null,"M","?","$","M","?"],"character_chosen":"IRONCLAD","items_purchased":["Rupture"],"gold_per_floor":[119,38,51,51,68,68,85,105,130,130,150,75,75,95,95,196,196,209,134,34,37,37],"floor_reached":23,"campfire_rested":0,"playtime":1068,"current_hp_per_floor":[80,80,78,62,68,68,67,65,65,65,67,67,67,59,59,20,80,74,74,74,56,56],"items_purged":["Strike_R","Strike_R"],"gold":37,"score":220,"play_id":"56104532-824d-4c66-93f8-1bfa7b0b5f6d","local_time":"20180317204258","is_prod":false,"is_daily":false,"is_ascension_mode":true,"campfire_upgraded":4,"timestamp":1521333778,"path_taken":["M","$","M","?","M","R","M","M","T","R","M","$","R","M","R","BOSS","M","?","$","M","?","E"],"build_version":"2018-03-15v3","purchased_purges":3,"victory":false,"master_deck":["Strike_R+1","Strike_R","Defend_R","Defend_R+1","Defend_R","Defend_R","Bash","Berserk+1","Metallicize+1","Rupture+1","Juggernaut+1","Battle Trance","Barricade"],"max_hp_per_floor":[80,80,80,80,80,80,80,80,80,80,80,80,80,80,80,80,80,80,80,80,80,80],"relics":["Burning Blood","Blood Vial","Cursed Key"],"card_choices":[{"not_picked":["Disarm","Power Through"],"picked":"Metallicize"},{"not_picked":["Shrug It Off","Twin Strike"],"picked":"Juggernaut"},{"not_picked":["Heavy Blade","Blood for Blood"],"picked":"Battle Trance"},{"not_picked":["Fiend Fire","Juggernaut"],"picked":"Barricade"}],"player_experience":287116,"potions_floor_usage":[11,21,23],"damage_taken":[{"damage":1,"enemies":"Cultist","floor":1,"turns":3},{"damage":8,"enemies":"Jaw Worm","floor":3,"turns":5},{"damage":0,"enemies":"2 Louse","floor":5,"turns":3},{"damage":7,"enemies":"Looter","floor":7,"turns":4},{"damage":8,"enemies":"2 Fungi Beasts","floor":8,"turns":4},{"damage":6,"enemies":"Gremlin Gang","floor":11,"turns":5},{"damage":16,"enemies":"Blue Slaver","floor":14,"turns":4},{"damage":47,"enemies":"The Guardian","floor":16,"turns":11},{"damage":12,"enemies":"Spheric Guardian","floor":18,"turns":6},{"damage":26,"enemies":"2 Thieves","floor":21,"turns":4},{"damage":61,"enemies":"Gremlin Leader","floor":23,"turns":4}],"event_choices":[{"event_name":"Shining Light","player_choice":"Entered Light","floor":4,"damage_taken":0},{"event_name":"Beggar","player_choice":"Gave Gold","floor":19,"damage_taken":0},{"event_name":"Addict","player_choice":"Ignored","floor":22,"damage_taken":0}],"boss_relics":[{"not_picked":["Sozu","Pandora\u0027s Box"],"picked":"Cursed Key"}],"potions_floor_spawned":[1,8,16],"seed_played":"-2830798562172107831","killed_by":"Gremlin Leader","ascension_level":4,"is_trial":false}