{"gold_per_floor":[359,371,172,185,185,185,210,210,210,230,248,281,296,296,296,394,394,412,511,529,196,196,229,229,246,297,317,337,353,84,98,98,200,200,213,258,358,377,198,228,228,256,283,283,283,131,131,165,165,165],"floor_reached":51,"playtime":4557,"items_purged":["Normality","Strike_B"],"score":1070,"play_id":"c468957e-0066-4640-a988-ecba7ed30134","local_time":"20190224120157","is_ascension_mode":true,"campfire_choices":[{"floor":6,"key":"REST"},{"data":"Rainbow","floor":8,"key":"SMITH"},{"floor":15,"key":"REST"},{"floor":24,"key":"REST"},{"floor":32,"key":"REST"},{"floor":41,"key":"REST"},{"floor":44,"key":"REST"},{"floor":49,"key":"REST"}],"neow_cost":"PERCENT_DAMAGE","seed_source_timestamp":840708644262300,"circlet_count":0,"master_deck":["Strike_B","Strike_B+1","Defend_B","Defend_B","Defend_B","Defend_B","Zap","Dualcast","Auto Shields","Genetic Algorithm","Conserve Battery","Chaos","Rainbow+1","Blizzard","Darkness","Barrage+1","Loop","Biased Cognition","BootSequence","Sunder","Chill","Tempest","Hologram","Conserve Battery+1","Lockon+1","Doom and Gloom","Defragment","Turbo","Buffer","BootSequence+1","Consume","Hologram","White Noise","Turbo+1","Conserve Battery+1","Conserve Battery+1","Secret Technique","Magnetism","Footwork+1","Headbutt"],"relics":["Cracked Core","Bronze Scales","Cables","Blue Candle","Art of War","Calling Bell","Blood Vial","Symbiotic Virus","Mango","Membership Card","Anchor","Regal Pillow","Centennial Puzzle","Runic Capacitor","Meat on the Bone","Nuclear Battery","Calipers","Gambling Chip","WingedGreaves","PreservedInsect","Dream Catcher","Whetstone","PrismaticShard","Dodecahedron"],"potions_floor_usage":[7,16,20,29,29,33,36,37,48,48],"damage_taken":[{"damage":4,"enemies":"Jaw Worm","floor":1,"turns":3},{"damage":0,"enemies":"Cultist","floor":2,"turns":4},{"damage":0,"enemies":"Small Slimes","floor":4,"turns":3},{"damage":11,"enemies":"Lagavulin","floor":7,"turns":7},{"damage":0,"enemies":"2 Fungi Beasts","floor":10,"turns":4},{"damage":6,"enemies":"Exordium Thugs","floor":11,"turns":4},{"damage":17,"enemies":"Gremlin Nob","floor":12,"turns":4},{"damage":12,"enemies":"3 Louse","floor":13,"turns":3},{"damage":0,"enemies":"The Guardian","floor":16,"turns":8},{"damage":15,"enemies":"Chosen","floor":18,"turns":4},{"damage":12,"enemies":"3 Byrds","floor":20,"turns":3},{"damage":15,"enemies":"Book of Stabbing","floor":23,"turns":6},{"damage":11,"enemies":"Snake Plant","floor":25,"turns":3},{"damage":10,"enemies":"Sentry and Sphere","floor":27,"turns":6},{"damage":27,"enemies":"Centurion and Healer","floor":28,"turns":5},{"damage":6,"enemies":"Shelled Parasite and Fungi","floor":29,"turns":4},{"damage":14,"enemies":"Snake Plant","floor":31,"turns":3},{"damage":59,"enemies":"Automaton","floor":33,"turns":11},{"damage":29,"enemies":"3 Darklings","floor":35,"turns":3},{"damage":0,"enemies":"2 Orb Walkers","floor":36,"turns":5},{"damage":0,"enemies":"Mind Bloom Boss Battle","floor":37,"turns":4},{"damage":2,"enemies":"3 Shapes","floor":38,"turns":3},{"damage":11,"enemies":"Nemesis","floor":40,"turns":7},{"damage":39,"enemies":"Giant Head","floor":42,"turns":7},{"damage":9,"enemies":"Reptomancer","floor":48,"turns":4},{"damage":32,"enemies":"Donu and Deca","floor":50,"turns":8}],"seed_played":"-9103138235483882771","potions_obtained":[{"floor":2,"key":"Poison Potion"},{"floor":7,"key":"LiquidBronze"},{"floor":12,"key":"FearPotion"},{"floor":13,"key":"PowerPotion"},{"floor":16,"key":"GamblersBrew"},{"floor":18,"key":"Dexterity Potion"},{"floor":20,"key":"SteroidPotion"},{"floor":25,"key":"EssenceOfSteel"},{"floor":33,"key":"Swift Potion"},{"floor":35,"key":"GamblersBrew"},{"floor":36,"key":"Explosive Potion"},{"floor":42,"key":"AttackPotion"}],"is_trial":false,"path_per_floor":["M","M","$","M","?","R","E","R","T","M","M","E","M","$","R","B",null,"M","?","M","$","?","E","R","M","T","M","M","M","$","M","R","B",null,"M","?","?","M","$","E","R","E","T","R","?","$","?","E","R","B",null],"character_chosen":"DEFECT","items_purchased":["Bronze Scales","Conserve Battery","Membership Card","Chill","Anchor","Runic Capacitor","Meat on the Bone","Defragment","White Noise","WingedGreaves","PrismaticShard"],"campfire_rested":7,"item_purchase_floors":[3,3,21,21,21,30,30,30,39,39,46],"current_hp_per_floor":[46,46,46,46,46,68,57,57,57,57,51,34,22,22,44,44,81,68,68,58,58,58,45,86,77,77,69,44,40,40,40,81,36,76,49,51,53,53,53,56,89,50,50,89,89,89,79,72,89,57],"gold":165,"neow_bonus":"TWO_FIFTY_GOLD","is_prod":false,"is_daily":false,"chose_seed":false,"campfire_upgraded":1,"win_rate":0,"timestamp":1551027717,"path_taken":["M","M","$","M","?","R","E","R","T","?","M","E","M","$","R","BOSS","M","?","M","$","?","E","R","M","T","M","?","M","$","M","R","BOSS","M","?","?","M","$","E","R","E","T","R","?","?","?","E","R","BOSS"],"build_version":"2019-01-23","purchased_purges":2,"victory":true,"max_hp_per_floor":[75,75,75,75,75,75,75,75,75,75,75,75,75,75,75,75,89,89,89,89,89,89,89,89,89,89,89,89,89,89,89,89,89,89,89,89,89,89,89,89,89,89,89,89,89,89,89,89,89,89],"card_choices":[{"not_picked":["Ball Lightning","Scrape"],"picked":"Auto Shields","floor":1},{"not_picked":["Hologram","Turbo"],"picked":"Genetic Algorithm","floor":2},{"not_picked":["Go for the Eyes","Stack"],"picked":"Chaos","floor":4},{"not_picked":["Glacier","Go for the Eyes"],"picked":"Rainbow","floor":7},{"not_picked":["Turbo","Sunder"],"picked":"Blizzard","floor":10},{"not_picked":["Recycle","Heatsinks"],"picked":"Darkness","floor":11},{"not_picked":["Lockon","Sweeping Beam"],"picked":"Barrage","floor":12},{"not_picked":["Skim","Redo"],"picked":"Loop","floor":13},{"not_picked":["Multi-Cast","Thunder Strike"],"picked":"Biased Cognition","floor":16},{"not_picked":["Auto Shields","Fusion"],"picked":"BootSequence","floor":18},{"not_picked":["Reboot","Leap"],"picked":"Sunder","floor":20},{"not_picked":["Consume","Leap+1"],"picked":"Tempest","floor":23},{"not_picked":["Barrage","Melter"],"picked":"Hologram","floor":25},{"not_picked":["Barrage","Redo"],"picked":"Conserve Battery+1","floor":27},{"not_picked":["Scrape","Undo"],"picked":"Lockon+1","floor":28},{"not_picked":["Beam Cell","Amplify"],"picked":"Doom and Gloom","floor":29},{"not_picked":["Cold Snap","Stack+1"],"picked":"Turbo","floor":31},{"not_picked":["Echo Form","Reboot"],"picked":"Buffer","floor":33},{"not_picked":["Cold Snap","Beam Cell"],"picked":"BootSequence+1","floor":35},{"not_picked":["FTL+1","Beam Cell+1"],"picked":"Consume","floor":36},{"not_picked":["Compile Driver+1","Stack"],"picked":"Hologram","floor":37},{"not_picked":["Compile Driver+1","Steam Power+1","Fusion+1"],"picked":"SKIP","floor":38},{"not_picked":["Coolheaded","Reboot"],"picked":"Turbo+1","floor":40},{"not_picked":["Self Repair+1","Capacitor+1"],"picked":"Conserve Battery+1","floor":42},{"not_picked":["Gash+1","Tempest"],"picked":"Conserve Battery+1","floor":44},{"not_picked":["Mind Blast","Finesse"],"picked":"Secret Technique","floor":47},{"not_picked":["Dramatic Entrance","Flash of Steel"],"picked":"Magnetism","floor":47},{"not_picked":["Coolheaded+1","Ball Lightning"],"picked":"Footwork+1","floor":48},{"not_picked":["Havoc+1","Gash"],"picked":"Headbutt","floor":49}],"player_experience":545028,"relics_obtained":[{"floor":7,"key":"Cables"},{"floor":9,"key":"Blue Candle"},{"floor":12,"key":"Art of War"},{"floor":17,"key":"Blood Vial"},{"floor":17,"key":"Symbiotic Virus"},{"floor":17,"key":"Mango"},{"floor":23,"key":"Regal Pillow"},{"floor":26,"key":"Centennial Puzzle"},{"floor":36,"key":"Calipers"},{"floor":37,"key":"Gambling Chip"},{"floor":40,"key":"PreservedInsect"},{"floor":42,"key":"Dream Catcher"},{"floor":43,"key":"Whetstone"},{"floor":48,"key":"Dodecahedron"}],"event_choices":[{"cards_removed":["Strike_B"],"damage_healed":0,"gold_gain":0,"player_choice":"Purged","damage_taken":0,"max_hp_gain":0,"max_hp_loss":0,"event_name":"Purifier","floor":5,"gold_loss":0},{"damage_healed":0,"gold_gain":99,"player_choice":"Stole From Cult","damage_taken":0,"max_hp_gain":0,"max_hp_loss":0,"event_name":"Nest","floor":19,"gold_loss":0},{"cards_removed":["Doubt","Clumsy"],"damage_healed":0,"gold_gain":0,"player_choice":"Removed Curses","damage_taken":0,"max_hp_gain":0,"max_hp_loss":0,"event_name":"Fountain of Cleansing","floor":22,"gold_loss":0},{"damage_healed":0,"gold_gain":0,"player_choice":"Fight","damage_taken":0,"max_hp_gain":0,"max_hp_loss":0,"event_name":"Mysterious Sphere","floor":36,"gold_loss":0},{"damage_healed":0,"gold_gain":0,"player_choice":"Fight","damage_taken":0,"max_hp_gain":0,"max_hp_loss":0,"event_name":"MindBloom","floor":37,"gold_loss":0},{"damage_healed":0,"gold_gain":0,"player_choice":"Ignored","damage_taken":0,"max_hp_gain":0,"max_hp_loss":0,"event_name":"Tomb of Lord Red Mask","floor":45,"gold_loss":0},{"damage_healed":0,"gold_gain":0,"player_choice":"Memory 3","damage_taken":10,"max_hp_gain":0,"max_hp_loss":0,"event_name":"SensoryStone","floor":47,"gold_loss":0}],"is_beta":false,"boss_relics":[{"not_picked":["FrozenCore","White Beast Statue"],"picked":"Calling Bell"},{"not_picked":["Coffee Dripper","Black Star"],"picked":"Nuclear Battery"}],"items_purged_floors":[21,46],"is_endless":false,"potions_floor_spawned":[2,7,12,13,16,18,20,25,33,35,36,42],"ascension_level":6}