{"gold_per_floor":[116,41,52,202,127,127,143,160,184,184,197,214,214,229,229,300,300,317,327,46,46,57,57,57],"floor_reached":24,"playtime":1002,"items_purged":["Doubt","Strike_R"],"score":352,"play_id":"d80148d4-b179-4e14-a12e-b726b7a7c93d","local_time":"20190227214513","is_ascension_mode":true,"campfire_choices":[{"data":"Juggernaut","floor":6,"key":"SMITH"},{"data":"Body Slam","floor":10,"key":"SMITH"},{"data":"True Grit","floor":13,"key":"SMITH"},{"data":"Feel No Pain","floor":15,"key":"SMITH"},{"data":"Entrench","floor":23,"key":"SMITH"}],"neow_cost":"NONE","seed_source_timestamp":6035901627970,"circlet_count":0,"master_deck":["AscendersBane","Strike_R","Strike_R","Defend_R+1","Defend_R","Defend_R","Defend_R+1","Bash","Juggernaut+1","True Grit+1","Body Slam+1","Feel No Pain+1","Fiend Fire","Entrench+1"],"relics":["Burning Blood","War Paint","Black Star","Membership Card"],"potions_floor_usage":[14,16,22,22],"damage_taken":[{"damage":14,"enemies":"Small Slimes","floor":1,"turns":5},{"damage":9,"enemies":"Jaw Worm","floor":3,"turns":5},{"damage":2,"enemies":"2 Louse","floor":7,"turns":4},{"damage":8,"enemies":"2 Fungi Beasts","floor":8,"turns":4},{"damage":19,"enemies":"Red Slaver","floor":11,"turns":4},{"damage":6,"enemies":"Blue Slaver","floor":12,"turns":4},{"damage":9,"enemies":"Exordium Thugs","floor":14,"turns":4},{"damage":25,"enemies":"Hexaghost","floor":16,"turns":11},{"damage":14,"enemies":"2 Thieves","floor":18,"turns":5},{"damage":19,"enemies":"Chosen","floor":19,"turns":5},{"damage":40,"enemies":"3 Cultists","floor":22,"turns":7},{"damage":7,"enemies":"Chosen and Byrds","floor":24,"turns":2}],"seed_played":"-5585159565036375101","potions_obtained":[{"floor":3,"key":"Block Potion"},{"floor":8,"key":"Poison Potion"},{"floor":16,"key":"Energy Potion"},{"floor":19,"key":"Weak Potion"}],"is_trial":false,"path_per_floor":["M","?","M","?","$","R","M","M","T","R","M","M","R","M","R","B",null,"M","M","$","?","M","R","M"],"character_chosen":"IRONCLAD","items_purchased":["Membership Card"],"campfire_rested":0,"item_purchase_floors":[20],"current_hp_per_floor":[60,60,57,57,57,57,61,59,59,59,46,46,46,43,43,24,62,54,41,41,41,7,7,0],"gold":57,"neow_bonus":"ONE_RANDOM_RARE_CARD","is_prod":false,"is_daily":false,"chose_seed":false,"campfire_upgraded":5,"win_rate":0,"timestamp":1551271513,"path_taken":["M","?","M","?","$","R","M","M","T","R","M","M","R","M","R","BOSS","M","M","$","?","M","R","M"],"build_version":"2019-01-23","purchased_purges":2,"victory":false,"max_hp_per_floor":[75,75,75,75,75,75,75,75,75,75,75,75,75,75,75,75,75,75,75,75,75,75,75,75],"card_choices":[{"not_picked":["Iron Wave","Combust"],"picked":"True Grit","floor":1},{"not_picked":["Thunderclap","Heavy Blade","Power Through"],"picked":"SKIP","floor":3},{"not_picked":["Headbutt","Uppercut","Warcry"],"picked":"SKIP","floor":7},{"not_picked":["Dropkick","Intimidate"],"picked":"Body Slam","floor":8},{"not_picked":["Clothesline","Feel No Pain","Intimidate"],"picked":"SKIP","floor":11},{"not_picked":["Headbutt","Demon Form","Clash"],"picked":"SKIP","floor":12},{"not_picked":["Body Slam","Evolve"],"picked":"Feel No Pain","floor":14},{"not_picked":["Double Tap","Reaper"],"picked":"Fiend Fire","floor":16},{"not_picked":["Sword Boomerang","Anger"],"picked":"Entrench","floor":18},{"not_picked":["Body Slam","Heavy Blade","Armaments"],"picked":"SKIP","floor":19},{"not_picked":["Clash","Armaments+1","Twin Strike"],"picked":"SKIP","floor":22}],"player_experience":940752,"relics_obtained":[{"floor":9,"key":"War Paint"}],"event_choices":[{"cards_removed":["Strike_R"],"damage_healed":0,"gold_gain":0,"player_choice":"Card Removal","damage_taken":0,"max_hp_gain":0,"max_hp_loss":0,"event_name":"The Cleric","floor":2,"gold_loss":75},{"damage_healed":0,"gold_gain":150,"player_choice":"AGREE","damage_taken":0,"max_hp_gain":0,"max_hp_loss":0,"event_name":"Liars Game","floor":4,"gold_loss":0,"cards_obtained":["Doubt"]},{"cards_removed":["Strike_R"],"damage_healed":0,"gold_gain":0,"player_choice":"Elegance","damage_taken":0,"max_hp_gain":0,"max_hp_loss":0,"event_name":"Back to Basics","floor":21,"gold_loss":0}],"is_beta":false,"boss_relics":[{"not_picked":["Cursed Key","Mark of Pain"],"picked":"Black Star"}],"items_purged_floors":[5,20],"is_endless":false,"potions_floor_spawned":[3,8,16,19],"killed_by":"Chosen and Byrds","ascension_level":17}