{"gold_per_floor":[116,128,128,47,47,79,79,93,120,120,131,32,32,107,107,207,207,187,187,202,13,31,31,41,53,53,53,153,172,172],"floor_reached":30,"playtime":1102,"items_purged":["Strike_R"],"score":253,"play_id":"1d5e16e0-d6a6-4cd7-9e8d-e53acb15c382","local_time":"20181109222304","is_ascension_mode":true,"campfire_choices":[{"data":"Flex","floor":7,"key":"SMITH"},{"data":"Whirlwind","floor":10,"key":"SMITH"},{"data":"Disarm","floor":13,"key":"SMITH"},{"data":"Rampage","floor":15,"key":"SMITH"},{"data":"Pummel","floor":23,"key":"SMITH"},{"data":"Heavy Blade","floor":27,"key":"SMITH"}],"neow_cost":"NONE","seed_source_timestamp":528127276472696,"circlet_count":0,"master_deck":["Strike_R","Strike_R","Strike_R","Strike_R","Defend_R","Defend_R","Defend_R","Defend_R","Bash","Limit Break+1","Shrug It Off","Whirlwind+1","Rampage+1","Flex+1","Flame Barrier","Shrug It Off","Flex","Disarm+1","Feed","Shrug It Off","Heavy Blade","Bandage Up","Pummel+1","Twin Strike","Heavy Blade+1","Limit Break"],"relics":["Burning Blood","Bag of Marbles","Calipers","Smiling Mask","Philosopher\u0027s Stone","Art of War","Darkstone Periapt"],"potions_floor_usage":[6,25,29,29,30],"damage_taken":[{"damage":2,"enemies":"2 Louse","floor":1,"turns":3},{"damage":2,"enemies":"Small Slimes","floor":2,"turns":5},{"damage":14,"enemies":"Gremlin Nob","floor":6,"turns":3},{"damage":0,"enemies":"Cultist","floor":8,"turns":3},{"damage":3,"enemies":"Blue Slaver","floor":11,"turns":3},{"damage":40,"enemies":"Slime Boss","floor":16,"turns":10},{"damage":34,"enemies":"2 Thieves","floor":18,"turns":4},{"damage":0,"enemies":"3 Byrds","floor":20,"turns":1},{"damage":32,"enemies":"Snake Plant","floor":22,"turns":6},{"damage":19,"enemies":"Snecko","floor":24,"turns":4},{"damage":13,"enemies":"Centurion and Healer","floor":25,"turns":3},{"damage":26,"enemies":"3 Cultists","floor":29,"turns":4},{"damage":28,"enemies":"Snecko","floor":30,"turns":5}],"seed_played":"-1418602403104158008","potions_obtained":[{"floor":2,"key":"Poison Potion"},{"floor":6,"key":"SteroidPotion"},{"floor":8,"key":"Block Potion"},{"floor":11,"key":"SkillPotion"},{"floor":18,"key":"AttackPotion"},{"floor":20,"key":"Explosive Potion"},{"floor":25,"key":"Weak Potion"}],"is_trial":false,"path_per_floor":["M","M","?","$","?","E","R","M","T","R","M","$","R","?","R","B",null,"M","?","M","$","M","R","M","M","T","R","?","M","M"],"character_chosen":"IRONCLAD","items_purchased":["Rampage","Flex","Disarm","Heavy Blade","Bandage Up"],"campfire_rested":0,"item_purchase_floors":[4,12,12,21,21],"current_hp_per_floor":[80,80,73,73,73,65,65,71,71,71,74,74,74,63,63,29,80,52,52,58,58,36,36,27,23,23,23,23,10,0],"gold":172,"neow_bonus":"ONE_RANDOM_RARE_CARD","is_prod":false,"is_daily":false,"chose_seed":false,"campfire_upgraded":6,"win_rate":0,"timestamp":1541820184,"path_taken":["M","M","?","$","?","E","R","?","T","R","M","$","R","?","R","BOSS","M","?","M","$","M","R","M","?","T","R","?","M","M"],"build_version":"2018-11-08","purchased_purges":1,"victory":false,"max_hp_per_floor":[80,80,80,80,80,80,80,80,80,80,80,80,80,80,80,80,80,80,80,80,80,80,80,80,83,83,83,83,86,86],"card_choices":[{"not_picked":["Uppercut","Headbutt"],"picked":"Shrug It Off","floor":1},{"not_picked":["Second Wind","Havoc"],"picked":"Whirlwind","floor":2},{"not_picked":["Intimidate","Seeing Red"],"picked":"Flex","floor":6},{"not_picked":["Sever Soul","Iron Wave"],"picked":"Flame Barrier","floor":8},{"not_picked":["Perfected Strike","Havoc"],"picked":"Shrug It Off","floor":11},{"not_picked":["Dark Embrace","Bludgeon"],"picked":"Feed","floor":16},{"not_picked":["Havoc","Shockwave","Pommel Strike"],"picked":"SKIP","floor":18},{"not_picked":["Anger+1","Clash+1"],"picked":"Shrug It Off","floor":20},{"not_picked":["Metallicize","Armaments"],"picked":"Pummel","floor":22},{"not_picked":["Warcry+1","True Grit"],"picked":"Twin Strike","floor":24},{"not_picked":["Iron Wave","Rage"],"picked":"Heavy Blade","floor":25},{"not_picked":["Body Slam","Uppercut"],"picked":"Limit Break","floor":29}],"player_experience":777921,"relics_obtained":[{"floor":6,"key":"Calipers"},{"floor":9,"key":"Smiling Mask"},{"floor":26,"key":"Darkstone Periapt"}],"event_choices":[{"damage_healed":0,"gold_gain":0,"player_choice":"Success","damage_taken":7,"relics_obtained":["Bag of Marbles"],"max_hp_gain":0,"max_hp_loss":0,"event_name":"Scrap Ooze","floor":3,"gold_loss":0},{"damage_healed":0,"gold_gain":0,"player_choice":"Upgraded","damage_taken":0,"max_hp_gain":0,"max_hp_loss":0,"event_name":"Upgrade Shrine","floor":5,"gold_loss":0,"cards_upgraded":["Limit Break"]},{"damage_healed":0,"gold_gain":75,"player_choice":"Gather Gold","damage_taken":11,"max_hp_gain":0,"max_hp_loss":0,"event_name":"World of Goop","floor":14,"gold_loss":0},{"damage_healed":0,"gold_gain":0,"player_choice":"Gave Potion","damage_taken":0,"relics_obtained":["Art of War"],"max_hp_gain":0,"max_hp_loss":0,"event_name":"WeMeetAgain","floor":19,"gold_loss":0},{"damage_healed":0,"gold_gain":100,"player_choice":"Pray","damage_taken":0,"max_hp_gain":0,"max_hp_loss":0,"event_name":"Golden Shrine","floor":28,"gold_loss":0}],"is_beta":false,"boss_relics":[{"not_picked":["Orrery","Black Blood"],"picked":"Philosopher\u0027s Stone"}],"items_purged_floors":[21],"is_endless":false,"potions_floor_spawned":[2,6,8,11,18,20,24,25],"killed_by":"Snecko","ascension_level":2}