{"gold_per_floor":[365,380,7,7,21,21,54,54,54,54,83,102,102,130,130,203,203,214,129,149,31,50,81,81,115,167,183,183,200,226,243,243,319,319,333,385,346,361,90,118,118,151,151,151,151,151,170,45,45,45,45,45,45,20,52,52],"floor_reached":57,"playtime":6387,"items_purged":["Strike_G","Strike_G","Normality"],"score":3432,"play_id":"fbe05472-c2cc-4dfb-8525-5ca8197e06b3","local_time":"20181225160254","is_ascension_mode":true,"campfire_choices":[{"data":"Neutralize","floor":6,"key":"SMITH"},{"data":"Footwork","floor":10,"key":"SMITH"},{"data":"Cloak And Dagger","floor":13,"key":"SMITH"},{"data":"Malaise","floor":15,"key":"SMITH"},{"data":"Finisher","floor":24,"key":"SMITH"},{"data":"Cloak And Dagger","floor":32,"key":"SMITH"},{"data":"A Thousand Cuts","floor":41,"key":"SMITH"},{"floor":46,"key":"RECALL"},{"data":"After Image","floor":49,"key":"SMITH"},{"data":"Caltrops","floor":53,"key":"SMITH"}],"neow_cost":"PERCENT_DAMAGE","seed_source_timestamp":329059490545569,"circlet_count":0,"master_deck":["AscendersBane","Defend_G","Defend_G","Defend_G","Defend_G","Defend_G","Strike_G","Strike_G+1","Survivor","Neutralize+1","Dagger Spray+1","Quick Slash","Footwork+1","Terror","Malaise+1","Infinite Blades","Cloak And Dagger+1","Poisoned Stab","Malaise","Endless Agony+1","Backflip","Finisher+1","After Image+1","Backflip","PiercingWail","Cloak And Dagger+1","PiercingWail","A Thousand Cuts+1","Cloak And Dagger","Cloak And Dagger","Flechettes+1","Crippling Poison+1","Cloak And Dagger+1","Well Laid Plans+1","Escape Plan","Backflip","Caltrops+1","Dodge and Roll"],"relics":["Ring of the Snake","Medical Kit","Kunai","Ice Cream","Ancient Tea Set","Cursed Key","Omamori","Bag of Preparation","PreservedInsect","Boot","Regal Pillow","Oddly Smooth Stone","Orrery","WingedGreaves","Pen Nib","FossilizedHelix","Darkstone Periapt","Letter Opener","Whetstone"],"potions_floor_usage":[11,11,23,36,55,56,56],"damage_taken":[{"damage":1,"enemies":"Small Slimes","floor":1,"turns":4},{"damage":7,"enemies":"Cultist","floor":2,"turns":5},{"damage":1,"enemies":"Jaw Worm","floor":5,"turns":4},{"damage":6,"enemies":"Gremlin Nob","floor":7,"turns":3},{"damage":5,"enemies":"3 Sentries","floor":11,"turns":8},{"damage":0,"enemies":"2 Fungi Beasts","floor":12,"turns":3},{"damage":24,"enemies":"Gremlin Nob","floor":14,"turns":4},{"damage":0,"enemies":"Hexaghost","floor":16,"turns":10},{"damage":2,"enemies":"Chosen","floor":18,"turns":10},{"damage":10,"enemies":"Spheric Guardian","floor":20,"turns":8},{"damage":1,"enemies":"Centurion and Healer","floor":22,"turns":9},{"damage":0,"enemies":"Gremlin Leader","floor":23,"turns":9},{"damage":0,"enemies":"Book of Stabbing","floor":25,"turns":5},{"damage":1,"enemies":"Snecko","floor":27,"turns":8},{"damage":10,"enemies":"Cultist and Chosen","floor":29,"turns":6},{"damage":1,"enemies":"Gremlin Leader","floor":30,"turns":9},{"damage":12,"enemies":"3 Cultists","floor":31,"turns":5},{"damage":1,"enemies":"Champ","floor":33,"turns":22},{"damage":0,"enemies":"3 Darklings","floor":35,"turns":5},{"damage":18,"enemies":"2 Orb Walkers","floor":36,"turns":5},{"damage":6,"enemies":"Orb Walker","floor":38,"turns":5},{"damage":0,"enemies":"Nemesis","floor":40,"turns":12},{"damage":0,"enemies":"Giant Head","floor":42,"turns":8},{"damage":0,"enemies":"Maw","floor":47,"turns":8},{"damage":0,"enemies":"Awakened One","floor":50,"turns":32},{"damage":0,"enemies":"Time Eater","floor":51,"turns":21},{"damage":0,"enemies":"Shield and Spear","floor":55,"turns":7},{"damage":62,"enemies":"The Heart","floor":56,"turns":13}],"seed_played":"-1252269615249623646","potions_obtained":[{"floor":1,"key":"SpeedPotion"},{"floor":2,"key":"GhostInAJar"},{"floor":7,"key":"Regen Potion"},{"floor":16,"key":"Explosive Potion"},{"floor":25,"key":"SteroidPotion"},{"floor":36,"key":"PowerPotion"},{"floor":55,"key":"PowerPotion"}],"is_trial":false,"path_per_floor":["M","M","$","?","M","R","E","?","T","R","E","M","R","E","R","B",null,"M","?","M","$","M","E","R","E","T","M","?","M","E","M","R","B",null,"M","?","$","M","$","E","R","E","T","?","?","R","M","$","R","B","B",null,"R","$","E","B",null],"character_chosen":"THE_SILENT","items_purchased":["Footwork","Medical Kit","GhostInAJar","Finisher","Well Laid Plans","Pen Nib","Dodge and Roll"],"campfire_rested":0,"item_purchase_floors":[3,3,21,21,37,39,54],"current_hp_per_floor":[43,36,36,36,35,35,29,22,22,22,32,32,32,8,8,8,52,50,50,40,40,39,39,39,39,39,38,38,28,27,15,15,14,53,53,35,35,29,29,29,29,29,35,35,35,35,35,35,35,35,35,63,63,63,63,1],"gold":52,"neow_bonus":"TWO_FIFTY_GOLD","is_prod":false,"is_daily":false,"chose_seed":false,"campfire_upgraded":9,"win_rate":0,"timestamp":1545782574,"path_taken":["M","M","$","?","?","R","E","?","T","R","E","M","R","E","R","BOSS","M","?","M","$","M","E","R","E","T","M","?","M","E","M","R","BOSS","M","?","$","M","$","E","R","E","T","?","?","R","?","$","R","BOSS","BOSS","R","$","E","BOSS"],"build_version":"2018-12-20","purchased_purges":3,"victory":true,"max_hp_per_floor":[66,66,66,66,66,66,66,66,66,66,66,66,66,66,66,66,66,66,66,66,66,66,66,66,66,66,66,66,66,66,66,66,66,66,66,66,66,66,66,66,66,66,72,72,72,72,72,72,72,72,72,72,72,72,72,72],"card_choices":[{"not_picked":["Masterful Stab","Cloak And Dagger"],"picked":"Dagger Spray","floor":1},{"not_picked":["Bane","Accuracy"],"picked":"Quick Slash","floor":2},{"not_picked":["Outmaneuver","Deflect"],"picked":"Terror","floor":5},{"not_picked":["Bane","Poisoned Stab"],"picked":"Malaise","floor":7},{"not_picked":["Outmaneuver","Deadly Poison"],"picked":"Infinite Blades","floor":11},{"not_picked":["Underhanded Strike","Prepared"],"picked":"Cloak And Dagger","floor":12},{"not_picked":["Flechettes","Storm of Steel"],"picked":"Poisoned Stab","floor":14},{"not_picked":["Venomology","Night Terror"],"picked":"Malaise","floor":16},{"not_picked":["Blade Dance","Acrobatics"],"picked":"Endless Agony+1","floor":18},{"not_picked":["Dagger Throw","Eviscerate+1"],"picked":"Backflip","floor":20},{"not_picked":["Acrobatics","Outmaneuver","Choke"],"picked":"SKIP","floor":22},{"not_picked":["Poisoned Stab","Acrobatics"],"picked":"After Image","floor":23},{"not_picked":["Flying Knee+1","Reflex+1","Bullet Time"],"picked":"SKIP","floor":25},{"not_picked":["Infinite Blades","Terror"],"picked":"Backflip","floor":27},{"not_picked":["Outmaneuver","Blade Dance"],"picked":"PiercingWail","floor":29},{"not_picked":["Deflect","Backflip"],"picked":"Cloak And Dagger","floor":30},{"not_picked":["Poisoned Stab","Masterful Stab"],"picked":"PiercingWail","floor":31},{"not_picked":["Die Die Die","Adrenaline"],"picked":"A Thousand Cuts","floor":33},{"not_picked":["Dodge and Roll","Dagger Spray"],"picked":"Cloak And Dagger","floor":34},{"not_picked":["Dodge and Roll","Backflip"],"picked":"Cloak And Dagger","floor":34},{"not_picked":["Dagger Throw","Catalyst"],"picked":"Flechettes","floor":34},{"not_picked":["Skewer","Dodge and Roll"],"picked":"Crippling Poison+1","floor":35},{"not_picked":["Blur","Dodge and Roll"],"picked":"Cloak And Dagger+1","floor":36},{"not_picked":["Deflect","Eviscerate","Poisoned Stab"],"picked":"SKIP","floor":38},{"not_picked":["Flechettes","Well Laid Plans"],"picked":"Escape Plan","floor":40},{"not_picked":["Bullet Time","PiercingWail+1"],"picked":"Backflip","floor":42},{"not_picked":["Tactician+1","Masterful Stab"],"picked":"Caltrops","floor":47},{"not_picked":["Cloak And Dagger","Tactician","Glass Knife"],"picked":"SKIP","floor":55}],"player_experience":4043428,"relics_obtained":[{"floor":7,"key":"Kunai"},{"floor":11,"key":"Ice Cream"},{"floor":14,"key":"Ancient Tea Set"},{"floor":23,"key":"Bag of Preparation"},{"floor":25,"key":"PreservedInsect"},{"floor":26,"key":"Boot"},{"floor":30,"key":"Oddly Smooth Stone"},{"floor":36,"key":"WingedGreaves"},{"floor":40,"key":"FossilizedHelix"},{"floor":42,"key":"Darkstone Periapt"},{"floor":43,"key":"Letter Opener"},{"floor":55,"key":"Whetstone"}],"event_choices":[{"damage_healed":0,"gold_gain":0,"player_choice":"Upgraded","damage_taken":0,"max_hp_gain":0,"max_hp_loss":0,"event_name":"Upgrade Shrine","floor":4,"gold_loss":0,"cards_upgraded":["Dagger Spray"]},{"cards_removed":["Strike_G"],"damage_healed":0,"gold_gain":0,"player_choice":"Card Removal","damage_taken":7,"max_hp_gain":0,"max_hp_loss":0,"event_name":"Golden Wing","floor":8,"gold_loss":0},{"damage_healed":0,"gold_gain":0,"player_choice":"Obtained Relic","damage_taken":0,"relics_obtained":["Omamori"],"max_hp_gain":0,"max_hp_loss":0,"event_name":"Addict","floor":19,"gold_loss":85},{"damage_healed":0,"gold_gain":0,"player_choice":"Opened","damage_taken":0,"relics_obtained":["Regal Pillow"],"max_hp_gain":0,"max_hp_loss":0,"event_name":"The Mausoleum","floor":28,"gold_loss":0,"cards_obtained":["Writhe"]},{"damage_healed":0,"gold_gain":0,"player_choice":"Fight","damage_taken":0,"max_hp_gain":0,"max_hp_loss":0,"event_name":"Mysterious Sphere","floor":36,"gold_loss":0},{"damage_healed":0,"gold_gain":0,"player_choice":"Ignored","damage_taken":0,"max_hp_gain":0,"max_hp_loss":0,"event_name":"Tomb of Lord Red Mask","floor":44,"gold_loss":0},{"damage_healed":0,"gold_gain":0,"player_choice":"Upgraded","damage_taken":0,"max_hp_gain":0,"max_hp_loss":0,"event_name":"Upgrade Shrine","floor":45,"gold_loss":0,"cards_upgraded":["Well Laid Plans"]}],"is_beta":true,"boss_relics":[{"not_picked":["Calling Bell","Sozu"],"picked":"Cursed Key"},{"not_picked":["Eternal Feather","Busted Crown"],"picked":"Orrery"}],"items_purged_floors":[3,39,48],"is_endless":false,"potions_floor_spawned":[1,2,7,16,25,27,31,33,36,40,55],"ascension_level":20}