{"gold_per_floor":[12,12,22,36,36,36,71,89,89,103,103,53,82,7,7,107,107,117,117,134,57,57,57,85,101,175,190,225,45,62,91,91,191,191,210,210,221,221,235,235,266,281,281,300,300,331,55,82,82,82],"floor_reached":51,"playtime":6528,"items_purged":["Defend_G","Defend_G","Parasite"],"score":1098,"play_id":"c8b0d630-a754-459c-9298-3838259aace9","local_time":"20190228180852","is_ascension_mode":true,"campfire_choices":[{"data":"Calculated Gamble","floor":6,"key":"SMITH"},{"data":"Neutralize","floor":11,"key":"SMITH"},{"data":"Leg Sweep","floor":15,"key":"SMITH"},{"data":"Well Laid Plans","floor":23,"key":"SMITH"},{"data":"Calculated Gamble","floor":32,"key":"SMITH"},{"data":"After Image","floor":40,"key":"SMITH"},{"data":"Prepared","floor":45,"key":"SMITH"},{"data":"Acrobatics","floor":49,"key":"SMITH"}],"neow_cost":"NO_GOLD","seed_source_timestamp":678820265445460,"circlet_count":0,"master_deck":["Defend_G","Defend_G","Strike_G","Strike_G","Strike_G","Survivor+1","Neutralize+1","Heel Hook","Calculated Gamble+1","Backflip","Backflip","Slice+1","Die Die Die+1","Footwork","Eviscerate+1","Well Laid Plans+1","Backflip+1","Underhanded Strike+1","Heel Hook+1","Calculated Gamble+1","Acrobatics+1","After Image+1","Noxious Fumes+1","Tactician","Skewer+1","Prepared+1","Prepared","Tools of the Trade"],"relics":["Ring of the Snake","Tough Bandages","PreservedInsect","Molten Egg 2","Happy Flower","Torii","Empty Cage","Paper Crane","Pear","Dodecahedron","Pen Nib","Sozu","Bronze Scales","Blood Vial","Oddly Smooth Stone","StoneCalendar"],"potions_floor_usage":[16,31,44],"damage_taken":[{"damage":0,"enemies":"Small Slimes","floor":1,"turns":5},{"damage":0,"enemies":"Cultist","floor":3,"turns":5},{"damage":0,"enemies":"2 Louse","floor":4,"turns":3},{"damage":13,"enemies":"Gremlin Nob","floor":7,"turns":4},{"damage":0,"enemies":"Red Slaver","floor":8,"turns":5},{"damage":0,"enemies":"3 Louse","floor":10,"turns":6},{"damage":0,"enemies":"Lagavulin","floor":13,"turns":6},{"damage":27,"enemies":"Hexaghost","floor":16,"turns":18},{"damage":0,"enemies":"3 Byrds","floor":18,"turns":6},{"damage":0,"enemies":"Chosen","floor":20,"turns":6},{"damage":15,"enemies":"Slavers","floor":24,"turns":7},{"damage":1,"enemies":"Centurion and Healer","floor":25,"turns":5},{"damage":1,"enemies":"Snake Plant","floor":27,"turns":5},{"damage":0,"enemies":"Book of Stabbing","floor":28,"turns":4},{"damage":0,"enemies":"Snecko","floor":30,"turns":4},{"damage":15,"enemies":"Slavers","floor":31,"turns":4},{"damage":0,"enemies":"Automaton","floor":33,"turns":11},{"damage":0,"enemies":"3 Shapes","floor":35,"turns":4},{"damage":0,"enemies":"Orb Walker","floor":37,"turns":3},{"damage":1,"enemies":"Sphere and 2 Shapes","floor":39,"turns":4},{"damage":1,"enemies":"Nemesis","floor":41,"turns":7},{"damage":0,"enemies":"Writhing Mass","floor":42,"turns":4},{"damage":0,"enemies":"Jaw Worm Horde","floor":44,"turns":3},{"damage":0,"enemies":"Reptomancer","floor":46,"turns":4},{"damage":0,"enemies":"Nemesis","floor":48,"turns":5},{"damage":0,"enemies":"Time Eater","floor":50,"turns":11}],"seed_played":"4023256396058511366","potions_obtained":[{"floor":7,"key":"FearPotion"},{"floor":13,"key":"Regen Potion"},{"floor":25,"key":"GamblersBrew"},{"floor":28,"key":"Poison Potion"},{"floor":31,"key":"SkillPotion"}],"is_trial":false,"path_per_floor":["M","?","M","M","?","R","E","M","T","M","R","?","E","$","R","B",null,"M","?","M","$","?","R","E","M","T","M","E","$","M","E","R","B",null,"M","?","M","?","M","R","E","M","T","M","R","E","$","E","R","B",null],"character_chosen":"THE_SILENT","items_purchased":["Well Laid Plans","Calculated Gamble","Tools of the Trade"],"campfire_rested":0,"item_purchase_floors":[21,29,47],"current_hp_per_floor":[70,70,70,70,70,70,57,57,57,57,57,57,57,57,57,30,70,70,70,70,70,70,70,55,54,64,63,63,63,63,60,60,60,80,80,80,80,80,79,79,78,78,78,80,80,80,77,77,77,77],"gold":82,"neow_bonus":"ONE_RARE_RELIC","is_prod":false,"is_daily":false,"chose_seed":false,"campfire_upgraded":8,"win_rate":0,"timestamp":1551373732,"path_taken":["M","?","M","?","?","R","E","?","T","M","R","?","E","$","R","BOSS","M","?","M","?","?","R","E","?","T","M","E","$","M","E","R","BOSS","M","?","?","?","M","R","E","M","T","M","R","E","$","E","R","BOSS"],"build_version":"2019-01-23","purchased_purges":3,"victory":true,"max_hp_per_floor":[70,70,70,70,70,70,70,70,70,70,70,70,70,70,70,70,70,70,70,70,70,70,70,70,70,80,80,80,80,80,80,80,80,80,80,80,80,80,80,80,80,80,80,80,80,80,77,77,77,77],"card_choices":[{"not_picked":["Deadly Poison","Riddle With Holes"],"picked":"Backflip","floor":1},{"not_picked":["Flying Knee","Outmaneuver"],"picked":"Heel Hook","floor":3},{"not_picked":["Expertise","Deflect"],"picked":"Calculated Gamble","floor":4},{"not_picked":["Dagger Throw","Dodge and Roll"],"picked":"Backflip","floor":7},{"not_picked":["Eviscerate+1","Quick Slash+1"],"picked":"Backflip","floor":8},{"not_picked":["Outmaneuver","Dodge and Roll"],"picked":"Slice+1","floor":10},{"not_picked":["Endless Agony+1","Catalyst"],"picked":"Leg Sweep","floor":13},{"not_picked":["Corpse Explosion","Bullet Time"],"picked":"Die Die Die+1","floor":16},{"not_picked":["Bane+1","Dagger Spray+1"],"picked":"Footwork","floor":18},{"not_picked":["Setup+1","Backstab+1"],"picked":"Eviscerate+1","floor":20},{"not_picked":["Choke+1","Deflect"],"picked":"Backflip+1","floor":24},{"not_picked":["PiercingWail+1","Leg Sweep","Cloak And Dagger"],"picked":"SKIP","floor":25},{"not_picked":["Cloak And Dagger","Dagger Throw+1"],"picked":"Underhanded Strike+1","floor":27},{"not_picked":["Distraction","Cloak And Dagger"],"picked":"Heel Hook+1","floor":28},{"not_picked":["Underhanded Strike+1","Dagger Spray+1","Cloak And Dagger+1"],"picked":"SKIP","floor":30},{"not_picked":["Grand Finale+1","Bane+1"],"picked":"Acrobatics","floor":31},{"not_picked":["Glass Knife+1","Burst"],"picked":"After Image","floor":33},{"not_picked":["Prepared","Blade Dance"],"picked":"Noxious Fumes+1","floor":35},{"not_picked":["Sucker Punch+1","Deflect"],"picked":"Tactician","floor":37},{"not_picked":["Heel Hook+1","Quick Slash+1","Blade Dance"],"picked":"SKIP","floor":39},{"not_picked":["Flying Knee+1","Poisoned Stab+1"],"picked":"Skewer+1","floor":41},{"not_picked":["Corpse Explosion","Heel Hook+1"],"picked":"Prepared","floor":42},{"not_picked":["Poisoned Stab+1","Footwork+1"],"picked":"Prepared","floor":44},{"not_picked":["Distraction+1","Slice+1","Dash+1"],"picked":"SKIP","floor":46},{"not_picked":["Burst","Deflect+1","Dagger Throw+1"],"picked":"SKIP","floor":48}],"player_experience":386425,"relics_obtained":[{"floor":7,"key":"Molten Egg 2"},{"floor":9,"key":"Happy Flower"},{"floor":13,"key":"Torii"},{"floor":24,"key":"Paper Crane"},{"floor":26,"key":"Pear"},{"floor":28,"key":"Dodecahedron"},{"floor":31,"key":"Pen Nib"},{"floor":41,"key":"Bronze Scales"},{"floor":43,"key":"Blood Vial"},{"floor":46,"key":"Oddly Smooth Stone"},{"floor":48,"key":"StoneCalendar"}],"event_choices":[{"damage_healed":0,"gold_gain":0,"player_choice":"Upgraded","damage_taken":0,"max_hp_gain":0,"max_hp_loss":0,"event_name":"Upgrade Shrine","floor":2,"gold_loss":0,"cards_upgraded":["Survivor"]},{"cards_removed":["Backflip"],"damage_healed":0,"gold_gain":0,"player_choice":"Gave Card","damage_taken":0,"relics_obtained":["PreservedInsect"],"max_hp_gain":0,"max_hp_loss":0,"event_name":"WeMeetAgain","floor":5,"gold_loss":0},{"cards_removed":["Strike_G"],"damage_healed":0,"gold_gain":0,"player_choice":"Card Removal","damage_taken":0,"max_hp_gain":0,"max_hp_loss":0,"event_name":"The Cleric","floor":12,"gold_loss":50},{"damage_healed":0,"gold_gain":0,"player_choice":"0 cards matched","damage_taken":0,"max_hp_gain":0,"max_hp_loss":0,"event_name":"Match and Keep!","floor":19,"gold_loss":0,"cards_obtained":[]},{"damage_healed":0,"gold_gain":0,"player_choice":"Bought 0 Potions","damage_taken":0,"max_hp_gain":0,"max_hp_loss":0,"event_name":"The Woman in Blue","floor":22,"gold_loss":0},{"damage_healed":0,"gold_gain":0,"player_choice":"Ignored","damage_taken":0,"max_hp_gain":0,"max_hp_loss":0,"event_name":"SecretPortal","floor":36,"gold_loss":0},{"cards_removed":["Leg Sweep"],"damage_healed":0,"gold_gain":0,"player_choice":"Removed Skill","damage_taken":0,"max_hp_gain":0,"max_hp_loss":0,"event_name":"Falling","floor":38,"gold_loss":0}],"is_beta":false,"boss_relics":[{"not_picked":["Black Star","Calling Bell"],"picked":"Empty Cage"},{"not_picked":["Lizard Tail","Runic Pyramid"],"picked":"Sozu"}],"items_purged_floors":[14,29,47],"is_endless":false,"potions_floor_spawned":[7,13,25,28,31,42,44,46],"ascension_level":3}