{"gold_per_floor":[115,115,133,133,133,167,21,47,72,100,100,100,25,25,25,150,150,169,169,187,207,225,225],"floor_reached":23,"playtime":1088,"items_purged":["Regret"],"score":255,"play_id":"315812d2-1805-447f-bbcc-a4b4d776c6a7","local_time":"20181230101035","is_ascension_mode":true,"campfire_choices":[{"floor":12,"key":"REST"},{"floor":15,"key":"REST"}],"neow_cost":"NONE","seed_source_timestamp":835699606703046,"circlet_count":0,"master_deck":["Strike_R","Strike_R","Strike_R","Strike_R+1","Strike_R","Defend_R+1","Defend_R+1","Defend_R+1","Defend_R","Bash+1","Evolve","Thunderclap","Rupture","Armaments+1","Offering","Cleave","Injury","Rampage","Brutality","Pommel Strike+1","Clothesline","Rage+1"],"relics":["Burning Blood","NeowsBlessing","Oddly Smooth Stone","Pen Nib","Bag of Marbles","War Paint","Vajra","Potion Belt","Dream Catcher","Golden Idol","Lizard Tail"],"potions_floor_usage":[16,16,18,20,23],"damage_taken":[{"damage":0,"enemies":"2 Louse","floor":1,"turns":1},{"damage":0,"enemies":"Jaw Worm","floor":3,"turns":1},{"damage":0,"enemies":"3 Sentries","floor":6,"turns":2},{"damage":50,"enemies":"Lagavulin","floor":8,"turns":7},{"damage":12,"enemies":"3 Sentries","floor":10,"turns":7},{"damage":52,"enemies":"The Guardian","floor":16,"turns":8},{"damage":14,"enemies":"Chosen","floor":18,"turns":3},{"damage":31,"enemies":"Shell Parasite","floor":20,"turns":6},{"damage":20,"enemies":"Snake Plant","floor":21,"turns":4},{"damage":46,"enemies":"Sentry and Sphere","floor":22,"turns":7},{"damage":42,"enemies":"Book of Stabbing","floor":23,"turns":4}],"seed_played":"-4320976469947396345","potions_obtained":[{"floor":1,"key":"SteroidPotion"},{"floor":3,"key":"Swift Potion"},{"floor":8,"key":"Strength Potion"},{"floor":18,"key":"Block Potion"},{"floor":21,"key":"LiquidBronze"}],"is_trial":false,"path_per_floor":["M","?","M","?","?","E","$","E","T","E","?","R","$","?","R","B",null,"M","?","M","M","M","E"],"character_chosen":"IRONCLAD","items_purchased":["Bag of Marbles"],"campfire_rested":2,"item_purchase_floors":[7],"current_hp_per_floor":[80,64,70,70,70,76,76,32,32,26,23,47,47,47,71,25,80,72,72,47,33,42,0],"gold":225,"neow_bonus":"THREE_ENEMY_KILL","is_prod":false,"is_daily":false,"chose_seed":false,"campfire_upgraded":0,"win_rate":0,"timestamp":1546182635,"path_taken":["M","?","M","?","?","E","?","E","T","E","?","R","$","?","R","BOSS","M","?","?","M","M","E"],"build_version":"2018-12-20","purchased_purges":1,"victory":false,"max_hp_per_floor":[80,80,80,80,80,80,80,80,80,80,80,80,80,80,80,80,80,80,80,80,80,80,80],"card_choices":[{"not_picked":["Havoc","Feel No Pain"],"picked":"Evolve","floor":1},{"not_picked":["Metallicize","Bloodletting"],"picked":"Thunderclap","floor":3},{"not_picked":["Blood for Blood","Thunderclap"],"picked":"Rupture","floor":6},{"not_picked":["Headbutt","Clash"],"picked":"Armaments","floor":8},{"not_picked":["Combust","Evolve"],"picked":"Offering","floor":10},{"not_picked":["Flame Barrier","Searing Blow"],"picked":"Cleave","floor":12},{"not_picked":["Flex","Twin Strike"],"picked":"Rampage","floor":15},{"not_picked":["Impervious","Berserk"],"picked":"Brutality","floor":16},{"not_picked":["Thunderclap","Whirlwind"],"picked":"Pommel Strike+1","floor":18},{"not_picked":["Cleave","Wild Strike+1"],"picked":"Clothesline","floor":20},{"not_picked":["Evolve","Twin Strike","Wild Strike"],"picked":"SKIP","floor":21},{"not_picked":["Fire Breathing","Bloodletting"],"picked":"Rage+1","floor":22}],"player_experience":394463,"relics_obtained":[{"floor":6,"key":"Pen Nib"},{"floor":8,"key":"War Paint"},{"floor":9,"key":"Vajra"},{"floor":10,"key":"Potion Belt"}],"event_choices":[{"damage_healed":0,"gold_gain":0,"player_choice":"Entered Light","damage_taken":16,"max_hp_gain":0,"max_hp_loss":0,"event_name":"Shining Light","floor":2,"gold_loss":0,"cards_upgraded":["Defend_R","Strike_R"]},{"damage_healed":0,"gold_gain":0,"player_choice":"Grow","damage_taken":0,"max_hp_gain":0,"max_hp_loss":0,"event_name":"Living Wall","floor":4,"gold_loss":0,"cards_upgraded":["Bash"]},{"damage_healed":0,"gold_gain":0,"player_choice":"Box","damage_taken":0,"relics_obtained":["Oddly Smooth Stone"],"max_hp_gain":0,"max_hp_loss":0,"event_name":"Big Fish","floor":5,"gold_loss":0,"cards_obtained":["Regret"]},{"damage_healed":0,"gold_gain":0,"player_choice":"Success","damage_taken":3,"relics_obtained":["Dream Catcher"],"max_hp_gain":0,"max_hp_loss":0,"event_name":"Scrap Ooze","floor":11,"gold_loss":0},{"damage_healed":0,"gold_gain":0,"player_choice":"Take Wound","damage_taken":0,"relics_obtained":["Golden Idol"],"max_hp_gain":0,"max_hp_loss":0,"event_name":"Golden Idol","floor":14,"gold_loss":0,"cards_obtained":["Injury"]},{"damage_healed":0,"gold_gain":0,"player_choice":"Upgraded","damage_taken":0,"max_hp_gain":0,"max_hp_loss":0,"event_name":"Upgrade Shrine","floor":19,"gold_loss":0,"cards_upgraded":["Armaments"]}],"is_beta":false,"boss_relics":[{"not_picked":["Empty Cage","Velvet Choker"],"picked":"Lizard Tail"}],"items_purged_floors":[13],"is_endless":false,"potions_floor_spawned":[1,3,8,18,21],"killed_by":"Book of Stabbing","ascension_level":2}