{"path_per_floor":["M","?","M","M","$","R","M","T","T","R","M","R","M","M","R","B",null,"M","M","M","?","?","R","M","?","T","M"],"character_chosen":"IRONCLAD","items_purchased":["Twin Strike"],"gold_per_floor":[112,112,131,141,12,12,25,72,151,151,169,169,183,196,196,293,293,312,324,344,344,344,344,361,361,440,455],"floor_reached":28,"campfire_rested":2,"playtime":1148,"current_hp_per_floor":[74,74,70,69,69,69,59,59,59,59,30,30,36,38,62,48,80,53,30,36,36,21,46,24,52,62,8],"items_purged":["Injury"],"gold":455,"score":282,"play_id":"76692f2f-6201-4b1e-ad13-c6c56139acda","local_time":"20180318211507","is_prod":false,"is_daily":false,"is_ascension_mode":true,"campfire_upgraded":3,"timestamp":1521422107,"path_taken":["M","?","M","M","$","R","M","?","T","R","?","R","M","M","R","BOSS","M","M","?","?","?","R","M","?","T","M","M"],"build_version":"2018-03-15v3","purchased_purges":1,"victory":false,"master_deck":["Strike_R","Strike_R","Strike_R","Strike_R","Defend_R+1","Defend_R","Defend_R","Defend_R+1","Bash","Limit Break+1","Flex+1","Dual Wield","Twin Strike","Twin Strike","Heavy Blade+1","Rampage","Demon Form","Whirlwind","Heavy Blade"],"max_hp_per_floor":[80,80,80,80,80,80,80,80,80,80,80,80,80,80,80,80,80,80,80,80,80,85,85,85,85,95,95],"relics":["Burning Blood","War Paint","Bottled Flame","Runic Dome","Pear"],"card_choices":[{"not_picked":["Berserk","Exhume"],"picked":"Limit Break"},{"not_picked":["Anger","Cleave"],"picked":"Flex"},{"not_picked":["Clash","Rampage"],"picked":"Dual Wield"},{"not_picked":["Armaments","Dark Embrace"],"picked":"Twin Strike"},{"not_picked":["Flex","Armaments"],"picked":"Heavy Blade"},{"not_picked":["Body Slam","Perfected Strike"],"picked":"Rampage"},{"not_picked":["Double Tap","Juggernaut"],"picked":"Demon Form"},{"not_picked":["Hemokinesis","Wild Strike"],"picked":"Whirlwind"},{"not_picked":["Perfected Strike","Sever Soul"],"picked":"Heavy Blade"}],"player_experience":293705,"potions_floor_usage":[16,18,20,24],"damage_taken":[{"damage":12,"enemies":"Small Slimes","floor":1,"turns":4},{"damage":10,"enemies":"Cultist","floor":3,"turns":5},{"damage":7,"enemies":"2 Louse","floor":4,"turns":3},{"damage":16,"enemies":"Exordium Wildlife","floor":7,"turns":3},{"damage":35,"enemies":"Gremlin Gang","floor":11,"turns":4},{"damage":0,"enemies":"Large Slime","floor":13,"turns":4},{"damage":4,"enemies":"Looter","floor":14,"turns":3},{"damage":20,"enemies":"Slime Boss","floor":16,"turns":8},{"damage":33,"enemies":"Chosen","floor":18,"turns":4},{"damage":29,"enemies":"3 Byrds","floor":19,"turns":5},{"damage":0,"enemies":"Snecko","floor":20,"turns":3},{"damage":28,"enemies":"Cultist and Chosen","floor":24,"turns":4},{"damage":60,"enemies":"3 Cultists","floor":27,"turns":6},{"damage":15,"enemies":"Sentry and Sphere","floor":28,"turns":2}],"event_choices":[{"event_name":"Match and Keep!","player_choice":"0 cards matched","floor":2,"damage_taken":0},{"event_name":"Back to Basics","player_choice":"Elegance","floor":21,"damage_taken":0},{"event_name":"Forgotten Altar","player_choice":"Shed Blood","floor":22,"damage_taken":0},{"event_name":"The Library","player_choice":"Heal","floor":25,"damage_taken":0}],"boss_relics":[{"not_picked":["Ectoplasm","Snecko Eye"],"picked":"Runic Dome"}],"potions_floor_spawned":[3,4,13,14,19],"seed_played":"1111451840849720667","killed_by":"Sentry and Sphere","ascension_level":4,"is_trial":false}