{"gold_per_floor":[119,119,137,137,191,220,197,211,211,230,247,247,267,21,21,21],"floor_reached":16,"playtime":777,"items_purged":[],"score":102,"play_id":"ba16739c-cf90-435b-bf2b-53350289fe95","local_time":"20190114233636","is_ascension_mode":false,"campfire_choices":[{"data":"Searing Blow","floor":12,"key":"SMITH"},{"floor":15,"key":"REST"}],"neow_cost":"NONE","seed_source_timestamp":497803008491478,"circlet_count":0,"master_deck":["Strike_R","Strike_R","Strike_R","Strike_R","Defend_R","Defend_R","Defend_R","Bash","Shrug It Off","Searing Blow+1"],"relics":["Burning Blood","Bag of Marbles","Oddly Smooth Stone","Bottled Lightning","Shuriken","Bottled Flame"],"potions_floor_usage":[6,16,16,16],"damage_taken":[{"damage":2,"enemies":"Small Slimes","floor":1,"turns":4},{"damage":2,"enemies":"2 Louse","floor":3,"turns":2},{"damage":15,"enemies":"Gremlin Nob","floor":6,"turns":4},{"damage":16,"enemies":"Jaw Worm","floor":8,"turns":4},{"damage":22,"enemies":"Exordium Thugs","floor":10,"turns":5},{"damage":3,"enemies":"2 Fungi Beasts","floor":11,"turns":4},{"damage":21,"enemies":"Gremlin Gang","floor":13,"turns":5},{"damage":88,"enemies":"The Guardian","floor":16,"turns":17}],"seed_played":"520593979791242364","potions_obtained":[{"floor":1,"key":"AttackPotion"},{"floor":3,"key":"Weak Potion"},{"floor":10,"key":"Regen Potion"},{"floor":11,"key":"FearPotion"}],"is_trial":false,"path_per_floor":["M","?","M","?","T","E","$","M","T","M","M","R","M","$","R","B"],"character_chosen":"IRONCLAD","items_purchased":["Shrug It Off","Bottled Flame"],"campfire_rested":1,"item_purchase_floors":[7,14],"current_hp_per_floor":[80,73,77,77,77,68,68,58,58,42,45,45,30,30,54,0],"gold":21,"neow_bonus":"RANDOM_COMMON_RELIC","is_prod":false,"is_daily":false,"chose_seed":false,"campfire_upgraded":1,"win_rate":0,"timestamp":1547526996,"path_taken":["M","?","M","?","?","E","$","M","T","M","M","R","M","$","R","BOSS"],"build_version":"2019-01-10","purchased_purges":0,"victory":false,"max_hp_per_floor":[80,80,80,80,80,80,80,80,80,80,80,80,80,80,80,80],"card_choices":[{"not_picked":["Rage","Armaments","Twin Strike"],"picked":"SKIP","floor":1},{"not_picked":["Iron Wave","Clash","Clothesline"],"picked":"SKIP","floor":3},{"not_picked":["Uppercut","Immolate","Feel No Pain"],"picked":"SKIP","floor":6},{"not_picked":["Anger","Shrug It Off"],"picked":"Searing Blow","floor":8},{"not_picked":["Flex","Sword Boomerang","Clash"],"picked":"SKIP","floor":10},{"not_picked":["Clothesline","Warcry","Perfected Strike"],"picked":"SKIP","floor":11},{"not_picked":["Rupture","Clothesline","Heavy Blade"],"picked":"SKIP","floor":13}],"player_experience":941522,"relics_obtained":[{"floor":5,"key":"Oddly Smooth Stone"},{"floor":6,"key":"Bottled Lightning"},{"floor":9,"key":"Shuriken"}],"event_choices":[{"cards_removed":["Strike_R"],"damage_healed":0,"gold_gain":0,"player_choice":"Card Removal","damage_taken":7,"max_hp_gain":0,"max_hp_loss":0,"event_name":"Golden Wing","floor":2,"gold_loss":0},{"cards_removed":["Defend_R"],"damage_healed":0,"gold_gain":0,"player_choice":"Forget","damage_taken":0,"max_hp_gain":0,"max_hp_loss":0,"event_name":"Living Wall","floor":4,"gold_loss":0}],"is_beta":false,"boss_relics":[],"items_purged_floors":[],"is_endless":false,"potions_floor_spawned":[1,3,10,11,13],"killed_by":"The Guardian","ascension_level":0}