{"gold_per_floor":[111,122,137,87,49,49,74,87,87,109,134,134,134,152,152,152],"floor_reached":16,"playtime":1447,"items_purged":[],"score":132,"play_id":"e9441b18-8880-41b7-b821-d6e77ad9fa05","local_time":"20181202105437","is_ascension_mode":true,"campfire_choices":[{"data":"Neutralize","floor":6,"key":"SMITH"},{"data":"Choke","floor":13,"key":"SMITH"},{"data":"Venomology","floor":15,"key":"SMITH"}],"neow_cost":"TEN_PERCENT_HP_LOSS","seed_source_timestamp":736512284128908,"circlet_count":0,"master_deck":["Defend_G","Defend_G","Defend_G","Defend_G","Defend_G","Strike_G","Strike_G","Strike_G","Strike_G","Survivor","Neutralize+1","Slice","Blade Dance","Deflect","Choke+1","Dash","Backstab","Acrobatics","Venomology+1"],"relics":["Ring of the Snake","Ginger","Bottled Flame","Blue Candle","Odd Mushroom","Singing Bowl","Potion Belt"],"potions_floor_usage":[10,11,16,16,16],"damage_taken":[{"damage":1,"enemies":"2 Louse","floor":1,"turns":3},{"damage":0,"enemies":"Small Slimes","floor":2,"turns":3},{"damage":0,"enemies":"Jaw Worm","floor":3,"turns":5},{"damage":22,"enemies":"Gremlin Nob","floor":7,"turns":5},{"damage":6,"enemies":"Red Slaver","floor":8,"turns":3},{"damage":0,"enemies":"The Mushroom Lair","floor":10,"turns":4},{"damage":17,"enemies":"3 Sentries","floor":11,"turns":10},{"damage":3,"enemies":"Looter","floor":14,"turns":2},{"damage":17,"enemies":"Hexaghost","floor":16,"turns":9}],"seed_played":"5909438474641716185","potions_obtained":[{"floor":7,"key":"Fire Potion"},{"floor":8,"key":"PowerPotion"},{"floor":10,"key":"FearPotion"},{"floor":11,"key":"Explosive Potion"}],"is_trial":false,"path_per_floor":["M","M","M","?","$","R","E","M","T","?","E","T","R","M","R","B"],"character_chosen":"THE_SILENT","items_purchased":["Choke"],"campfire_rested":0,"item_purchase_floors":[5],"current_hp_per_floor":[62,62,62,62,62,62,40,34,34,34,17,17,17,14,14,0],"gold":152,"neow_bonus":"ONE_RARE_RELIC","is_prod":false,"is_daily":false,"chose_seed":false,"campfire_upgraded":3,"win_rate":0,"timestamp":1543766077,"path_taken":["M","M","M","?","$","R","E","M","T","?","E","?","R","M","R","BOSS"],"build_version":"2018-11-15","purchased_purges":0,"victory":false,"max_hp_per_floor":[63,63,63,63,63,63,63,63,63,63,63,63,63,63,63,63],"card_choices":[{"not_picked":["Backflip","Quick Slash"],"picked":"Slice","floor":1},{"not_picked":["PiercingWail","Cloak And Dagger"],"picked":"Blade Dance","floor":2},{"not_picked":["Dodge and Roll","Tactician"],"picked":"Deflect","floor":3},{"not_picked":["Outmaneuver","Dagger Spray","Sucker Punch"],"picked":"SKIP","floor":7},{"not_picked":["Cloak And Dagger","Outmaneuver"],"picked":"Dash","floor":8},{"not_picked":["Escape Plan","Dagger Spray"],"picked":"Backstab","floor":10},{"not_picked":["Skewer","Sucker Punch"],"picked":"Acrobatics","floor":11},{"not_picked":["Blade Dance","Riddle With Holes"],"picked":"Venomology","floor":14}],"player_experience":239799,"relics_obtained":[{"floor":7,"key":"Bottled Flame"},{"floor":9,"key":"Blue Candle"},{"floor":10,"key":"Odd Mushroom"},{"floor":11,"key":"Singing Bowl"},{"floor":12,"key":"Potion Belt"}],"event_choices":[{"cards_removed":["Strike_G"],"damage_healed":0,"gold_gain":0,"player_choice":"Card Removal","damage_taken":0,"max_hp_gain":0,"max_hp_loss":0,"event_name":"The Cleric","floor":4,"gold_loss":50},{"damage_healed":0,"gold_gain":0,"player_choice":"Fought Mushrooms","damage_taken":0,"max_hp_gain":0,"max_hp_loss":0,"event_name":"Mushrooms","floor":10,"gold_loss":0}],"is_beta":false,"boss_relics":[],"items_purged_floors":[],"is_endless":false,"potions_floor_spawned":[7,8,10,11],"killed_by":"Hexaghost","ascension_level":4}