{"gold_per_floor":[115,125,125,125,140,171,171,186,237,250,250,279,294,305,305,401,401,412,412,428,282,296,296,321,337,362,394,394,5,5,25,25,25],"floor_reached":33,"playtime":2597,"items_purged":["Shame"],"score":459,"play_id":"8d9b22c0-48e8-46c2-9f27-c962f524fe39","local_time":"20190223130020","is_ascension_mode":true,"campfire_choices":[{"data":"Searing Blow","floor":7,"key":"SMITH"},{"floor":11,"key":"REST"},{"floor":15,"key":"REST"},{"data":"Armaments","floor":23,"key":"SMITH"},{"floor":32,"key":"DIG"}],"neow_cost":"TEN_PERCENT_HP_LOSS","seed_source_timestamp":759781943731300,"circlet_count":0,"master_deck":["Defend_R","Defend_R","Defend_R","Defend_R","Bash","Searing Blow+1","Clothesline","Disarm","Thunderclap","Heavy Blade","Shockwave","Reaper","Evolve","Iron Wave","Limit Break","Spot Weakness","J.A.X.","Armaments+1","Immolate","Metallicize+1","Heavy Blade","Twin Strike","Parasite","Flex","Bite","Bite","Bite","Bite","Bite","Disarm"],"relics":["Burning Blood","Charon\u0027s Ashes","Shuriken","Lantern","Vajra","Kunai","Cursed Key","Shovel","Orichalcum","Gambling Chip","StoneCalendar","Du-Vu Doll","Oddly Smooth Stone"],"potions_floor_usage":[2,6,24,31,33,33],"damage_taken":[{"damage":6,"enemies":"Jaw Worm","floor":1,"turns":5},{"damage":2,"enemies":"2 Louse","floor":2,"turns":2},{"damage":0,"enemies":"Cultist","floor":5,"turns":4},{"damage":44,"enemies":"Lagavulin","floor":6,"turns":6},{"damage":9,"enemies":"3 Louse","floor":8,"turns":4},{"damage":6,"enemies":"Blue Slaver","floor":10,"turns":3},{"damage":39,"enemies":"3 Sentries","floor":12,"turns":6},{"damage":0,"enemies":"2 Fungi Beasts","floor":13,"turns":4},{"damage":11,"enemies":"Looter","floor":14,"turns":3},{"damage":27,"enemies":"The Guardian","floor":16,"turns":13},{"damage":15,"enemies":"Spheric Guardian","floor":18,"turns":4},{"damage":11,"enemies":"Chosen","floor":20,"turns":3},{"damage":5,"enemies":"3 Cultists","floor":22,"turns":3},{"damage":39,"enemies":"Gremlin Leader","floor":24,"turns":7},{"damage":3,"enemies":"Sentry and Sphere","floor":25,"turns":2},{"damage":24,"enemies":"Slavers","floor":27,"turns":4},{"damage":3,"enemies":"Snecko","floor":31,"turns":3},{"damage":61,"enemies":"Automaton","floor":33,"turns":6}],"seed_played":"7385115784129590717","potions_obtained":[{"floor":1,"key":"Explosive Potion"},{"floor":2,"key":"Explosive Potion"},{"floor":12,"key":"GamblersBrew"},{"floor":14,"key":"LiquidBronze"},{"floor":16,"key":"SmokeBomb"},{"floor":20,"key":"Dexterity Potion"},{"floor":25,"key":"Block Potion"}],"is_trial":false,"path_per_floor":["M","M","?","?","M","E","R","M","T","M","R","E","M","M","R","B",null,"M","?","M","$","M","R","E","M","T","E","?","$","?","M","R","B"],"character_chosen":"IRONCLAD","items_purchased":["Immolate","Du-Vu Doll"],"campfire_rested":2,"item_purchase_floors":[21,29],"current_hp_per_floor":[72,72,69,69,72,34,34,31,31,31,52,19,32,32,53,32,62,53,53,48,48,49,49,52,55,55,58,58,58,50,50,50,0],"gold":25,"neow_bonus":"ONE_RARE_RELIC","is_prod":false,"is_daily":false,"chose_seed":false,"campfire_upgraded":2,"win_rate":0,"timestamp":1550944820,"path_taken":["M","M","?","?","M","E","R","M","T","M","R","E","?","M","R","BOSS","M","?","M","$","M","R","E","M","T","E","?","$","?","M","R","BOSS"],"build_version":"2019-01-23","purchased_purges":1,"victory":false,"max_hp_per_floor":[72,72,72,72,72,72,72,72,72,72,72,72,72,72,72,72,72,72,72,72,72,72,72,72,72,72,72,72,72,50,50,50,50],"card_choices":[{"not_picked":["Shrug It Off","Fire Breathing"],"picked":"Searing Blow","floor":1},{"not_picked":["Sword Boomerang","Wild Strike"],"picked":"Clothesline","floor":2},{"not_picked":["Dropkick","Flex"],"picked":"Disarm","floor":5},{"not_picked":["Twin Strike","Impervious"],"picked":"Thunderclap","floor":6},{"not_picked":["Reckless Charge","True Grit"],"picked":"Heavy Blade","floor":8},{"not_picked":["Sword Boomerang","Wild Strike"],"picked":"Shockwave","floor":10},{"not_picked":["Flex","Whirlwind"],"picked":"Reaper","floor":12},{"not_picked":["Twin Strike","Reckless Charge"],"picked":"Evolve","floor":13},{"not_picked":["Body Slam","Entrench"],"picked":"Iron Wave","floor":14},{"not_picked":["Fiend Fire","Dark Embrace"],"picked":"Limit Break","floor":16},{"not_picked":["Entrench","True Grit"],"picked":"Spot Weakness","floor":18},{"not_picked":["Wild Strike","Cleave"],"picked":"Armaments","floor":20},{"not_picked":["Warcry+1","Fire Breathing"],"picked":"Metallicize+1","floor":22},{"not_picked":["Thunderclap","Clothesline+1"],"picked":"Heavy Blade","floor":24},{"not_picked":["Body Slam","Evolve"],"picked":"Twin Strike","floor":25},{"not_picked":["Carnage","Evolve"],"picked":"Flex","floor":27},{"not_picked":["Clash","Body Slam"],"picked":"Disarm","floor":31}],"player_experience":530411,"relics_obtained":[{"floor":6,"key":"Lantern"},{"floor":9,"key":"Vajra"},{"floor":12,"key":"Kunai"},{"floor":24,"key":"Shovel"},{"floor":26,"key":"Orichalcum"},{"floor":27,"key":"Gambling Chip"},{"floor":32,"key":"Oddly Smooth Stone"}],"event_choices":[{"damage_healed":0,"gold_gain":0,"player_choice":"Success","damage_taken":3,"relics_obtained":["Shuriken"],"max_hp_gain":0,"max_hp_loss":0,"event_name":"Scrap Ooze","floor":3,"gold_loss":0},{"cards_removed":["Strike_R"],"damage_healed":0,"gold_gain":0,"player_choice":"Offered Basic","damage_taken":0,"max_hp_gain":0,"max_hp_loss":0,"event_name":"Bonfire Elementals","floor":4,"gold_loss":0},{"damage_healed":0,"gold_gain":0,"player_choice":"Obtain J.A.X.","damage_taken":0,"max_hp_gain":0,"max_hp_loss":0,"event_name":"Drug Dealer","floor":19,"gold_loss":0,"cards_obtained":["J.A.X."]},{"damage_healed":0,"gold_gain":0,"player_choice":"Stole Relic","damage_taken":0,"relics_obtained":["StoneCalendar"],"max_hp_gain":0,"max_hp_loss":0,"event_name":"Addict","floor":28,"gold_loss":0,"cards_obtained":["Shame"]},{"damage_healed":0,"gold_gain":0,"player_choice":"Became a vampire","damage_taken":0,"max_hp_gain":0,"max_hp_loss":22,"event_name":"Vampires","floor":30,"gold_loss":0,"cards_obtained":["Bite","Bite","Bite","Bite","Bite"]}],"is_beta":false,"boss_relics":[{"not_picked":["Empty Cage","Runic Pyramid"],"picked":"Cursed Key"}],"items_purged_floors":[29],"is_endless":false,"potions_floor_spawned":[1,2,12,14,16,20,25,27],"killed_by":"Automaton","ascension_level":9}