{"gold_per_floor":[114,133,133,143,143,143,162,191,191,116,116,136,151,164,164,243,243,232,246,246,246],"floor_reached":21,"playtime":1543,"items_purged":["Defend_G"],"score":311,"play_id":"6b43a7c3-9144-40fa-9918-4f97b5301100","local_time":"20180804134233","is_ascension_mode":true,"campfire_choices":[{"data":"Neutralize","floor":6,"key":"SMITH"},{"floor":11,"key":"DIG"},{"floor":15,"key":"REST"}],"neow_cost":"NONE","seed_source_timestamp":3159713230185,"circlet_count":0,"master_deck":["Defend_G","Defend_G+1","Strike_G","Strike_G","Strike_G+1","Survivor","Neutralize+1","AscendersBane","Slice","Cloak And Dagger","Adrenaline","Deflect","Blade Dance","Unload","Bullet Time+1","PiercingWail+1","Cloak And Dagger+1","Cloak And Dagger","Caltrops","RitualDagger"],"relics":["Ring of the Snake","NeowsBlessing","Shovel","Kunai","Pantograph","Astrolabe"],"potions_floor_usage":[14,16,21],"damage_taken":[{"damage":0,"enemies":"Jaw Worm","floor":1,"turns":1},{"damage":0,"enemies":"Small Slimes","floor":2,"turns":1},{"damage":0,"enemies":"Cultist","floor":4,"turns":1},{"damage":14,"enemies":"Large Slime","floor":7,"turns":7},{"damage":25,"enemies":"Lagavulin","floor":8,"turns":9},{"damage":0,"enemies":"2 Fungi Beasts","floor":12,"turns":3},{"damage":0,"enemies":"Exordium Wildlife","floor":13,"turns":5},{"damage":4,"enemies":"Lots of Slimes","floor":14,"turns":4},{"damage":40,"enemies":"Slime Boss","floor":16,"turns":20},{"damage":0,"enemies":"2 Thieves","floor":18,"turns":4},{"damage":0,"enemies":"Shell Parasite","floor":19,"turns":6},{"damage":47,"enemies":"Cultist and Chosen","floor":21,"turns":8}],"seed_played":"-1536441752510762349","potions_obtained":[{"floor":7,"key":"Energy Potion"},{"floor":8,"key":"LiquidBronze"},{"floor":12,"key":"SteroidPotion"},{"floor":14,"key":"GamblersBrew"},{"floor":19,"key":"Dexterity Potion"}],"is_trial":false,"path_per_floor":["M","M","?","M","?","R","M","E","T","$","R","M","M","M","R","B",null,"M","M","?"],"character_chosen":"THE_SILENT","items_purchased":[],"campfire_rested":1,"item_purchase_floors":[],"current_hp_per_floor":[59,59,46,46,46,46,32,7,7,7,7,7,7,3,22,7,51,51,51,45,0],"gold":246,"neow_bonus":"THREE_ENEMY_KILL","is_prod":false,"is_daily":false,"chose_seed":false,"campfire_upgraded":1,"win_rate":0,"timestamp":1533357753,"path_taken":["M","M","?","?","?","R","M","E","T","?","R","M","?","M","R","BOSS","M","M","?","?"],"build_version":"2018-08-02","purchased_purges":1,"victory":false,"max_hp_per_floor":[66,66,66,66,66,66,66,66,66,66,66,66,66,66,66,66,66,66,66,66,66],"card_choices":[{"not_picked":["Quick Slash","Dodge and Roll"],"picked":"Slice","floor":1},{"not_picked":["Reflex","Expertise"],"picked":"Cloak And Dagger","floor":2},{"not_picked":["Bane","Heel Hook"],"picked":"Adrenaline","floor":4},{"not_picked":["Poisoned Stab","Dodge and Roll"],"picked":"Deflect","floor":7},{"not_picked":["Eviscerate","Tactician"],"picked":"Blade Dance","floor":8},{"not_picked":["Dagger Spray","Flechettes","Dagger Throw"],"picked":"SKIP","floor":12},{"not_picked":["Expertise","Outmaneuver","Setup"],"picked":"SKIP","floor":13},{"not_picked":["Flying Knee","Prepared","Poisoned Stab"],"picked":"SKIP","floor":14},{"not_picked":["Storm of Steel","Glass Knife"],"picked":"Unload","floor":16},{"not_picked":["Dagger Spray","Escape Plan"],"picked":"Cloak And Dagger","floor":18},{"not_picked":["Deadly Poison","Flying Knee"],"picked":"Caltrops","floor":19}],"player_experience":804313,"relics_obtained":[{"floor":8,"key":"Shovel"},{"floor":9,"key":"Kunai"},{"floor":11,"key":"Pantograph"}],"event_choices":[{"event_name":"Shining Light","player_choice":"Entered Light","floor":3,"damage_taken":0},{"event_name":"Living Wall","player_choice":"Forget","floor":5,"damage_taken":0},{"event_name":"Nest","player_choice":"Joined the Cult","floor":20,"damage_taken":0}],"is_beta":false,"boss_relics":[{"not_picked":["Lizard Tail","White Beast Statue"],"picked":"Astrolabe"}],"items_purged_floors":[10],"is_endless":false,"potions_floor_spawned":[7,8,12,13,14,19],"killed_by":"Cultist and Chosen","ascension_level":14}