{"gold_per_floor":[211,224,239,255,530,530,564,564,588,602,636,268,280,292,292,388,388,402,417,417,107,206,206,241,241,241,268,286,67,101,101,101,201,201,221,221,236,236,90,119,119,133,207,207,207,240,240,38,38,38],"floor_reached":51,"playtime":3928,"items_purged":["Regret"],"score":1259,"play_id":"9a5049b8-dd5b-4260-a58d-b5740cf9d362","local_time":"20190216114618","is_ascension_mode":true,"campfire_choices":[{"data":"Bash","floor":6,"key":"SMITH"},{"floor":8,"key":"REST"},{"floor":15,"key":"REST"},{"data":"Armaments","floor":23,"key":"SMITH"},{"floor":25,"key":"REST"},{"floor":32,"key":"REST"},{"data":"Barricade","floor":41,"key":"SMITH"},{"floor":45,"key":"RECALL"},{"data":"Corruption","floor":49,"key":"SMITH"}],"neow_cost":"NONE","seed_source_timestamp":149186626270300,"circlet_count":0,"master_deck":["Strike_R+1","Strike_R","Strike_R","Strike_R","Defend_R","Defend_R","Defend_R","Defend_R","Bash+1","Pummel","Flame Barrier","Inflame","Heavy Blade+1","Whirlwind","Armaments+1","Spot Weakness","Flex","Flame Barrier","Brutality","Carnage","Flame Barrier+1","Ghostly","Ghostly","Ghostly","Ghostly","Ghostly","Dual Wield","Burning Pact+1","Infernal Blade","Intimidate","Barricade+1","Iron Wave+1","Feel No Pain+1","Corruption+1","Sentinel+1","Ghostly"],"relics":["Burning Blood","Oddly Smooth Stone","Happy Flower","Whetstone","Dead Branch","Sozu","Anchor","Juzu Bracelet","Letter Opener","Matryoshka","PreservedInsect","Pen Nib","Strawberry","Darkstone Periapt","Snecko Eye","Bronze Scales","Bag of Marbles","Pear","Centennial Puzzle","DollysMirror"],"potions_floor_usage":[3,4,7,11,14],"damage_taken":[{"damage":9,"enemies":"2 Louse","floor":1,"turns":4},{"damage":1,"enemies":"Cultist","floor":2,"turns":3},{"damage":4,"enemies":"Jaw Worm","floor":3,"turns":3},{"damage":0,"enemies":"2 Fungi Beasts","floor":4,"turns":2},{"damage":56,"enemies":"Lagavulin","floor":7,"turns":6},{"damage":18,"enemies":"3 Louse","floor":10,"turns":3},{"damage":16,"enemies":"3 Sentries","floor":11,"turns":6},{"damage":18,"enemies":"Exordium Thugs","floor":13,"turns":4},{"damage":0,"enemies":"2 Fungi Beasts","floor":14,"turns":2},{"damage":36,"enemies":"Slime Boss","floor":16,"turns":10},{"damage":21,"enemies":"Shell Parasite","floor":18,"turns":5},{"damage":11,"enemies":"Spheric Guardian","floor":19,"turns":4},{"damage":17,"enemies":"Book of Stabbing","floor":24,"turns":5},{"damage":6,"enemies":"Gremlin Leader","floor":27,"turns":9},{"damage":7,"enemies":"3 Cultists","floor":28,"turns":5},{"damage":36,"enemies":"Slavers","floor":30,"turns":5},{"damage":5,"enemies":"Collector","floor":33,"turns":9},{"damage":3,"enemies":"3 Darklings","floor":35,"turns":5},{"damage":0,"enemies":"Orb Walker","floor":37,"turns":3},{"damage":0,"enemies":"Reptomancer","floor":40,"turns":3},{"damage":2,"enemies":"Maw","floor":42,"turns":5},{"damage":0,"enemies":"Nemesis","floor":46,"turns":3},{"damage":3,"enemies":"Donu and Deca","floor":50,"turns":3}],"seed_played":"-8808492306136685257","potions_obtained":[{"floor":1,"key":"Energy Potion"},{"floor":3,"key":"Explosive Potion"},{"floor":4,"key":"AttackPotion"},{"floor":7,"key":"Fire Potion"},{"floor":13,"key":"BloodPotion"}],"is_trial":false,"path_per_floor":["M","M","M","M","?","R","E","R","T","M","E","$","M","M","R","B",null,"M","M","?","$","?","R","E","R","T","E","M","$","E","?","R","B",null,"M","?","M","$","$","E","R","M","T","?","R","E","?","$","R","B",null],"character_chosen":"IRONCLAD","items_purchased":["Dead Branch","Anchor","Juzu Bracelet","Pen Nib","Infernal Blade","Bronze Scales","DollysMirror"],"campfire_rested":4,"item_purchase_floors":[12,21,21,29,29,39,48],"current_hp_per_floor":[69,74,76,80,80,80,30,54,54,42,32,32,20,34,58,28,67,52,47,40,40,40,40,29,40,40,40,39,39,16,16,30,31,43,46,46,47,47,47,47,47,47,57,54,54,54,54,54,54,54],"gold":38,"neow_bonus":"HUNDRED_GOLD","is_prod":false,"is_daily":false,"chose_seed":false,"campfire_upgraded":4,"win_rate":0,"timestamp":1550335578,"path_taken":["M","M","M","M","?","R","E","R","T","?","E","$","?","M","R","BOSS","M","M","?","$","?","R","E","R","T","E","M","$","E","?","R","BOSS","M","?","M","?","$","E","R","M","T","?","R","E","?","$","R","BOSS"],"build_version":"2019-01-23","purchased_purges":1,"victory":true,"max_hp_per_floor":[80,80,80,80,80,80,80,80,80,80,80,80,80,80,80,80,80,80,80,40,40,40,40,40,40,40,40,40,40,47,47,47,47,47,47,47,47,47,47,47,47,47,57,54,54,54,54,54,54,54],"card_choices":[{"not_picked":["Blood for Blood","Body Slam"],"picked":"Pummel","floor":1},{"not_picked":["Dropkick","Hemokinesis"],"picked":"Flame Barrier","floor":2},{"not_picked":["Sentinel","Clash"],"picked":"Inflame","floor":3},{"not_picked":["Feel No Pain","Pummel"],"picked":"Heavy Blade","floor":4},{"not_picked":["Wild Strike","Sever Soul"],"picked":"Whirlwind","floor":7},{"not_picked":["Iron Wave","Headbutt"],"picked":"Armaments","floor":10},{"not_picked":["Infernal Blade","Havoc"],"picked":"Spot Weakness","floor":11},{"not_picked":["Perfected Strike","True Grit"],"picked":"Flex","floor":13},{"not_picked":["Feel No Pain","Flex"],"picked":"Flame Barrier","floor":14},{"not_picked":["Exhume","Berserk"],"picked":"Brutality","floor":16},{"not_picked":["Uppercut+1","Twin Strike+1"],"picked":"Carnage","floor":18},{"not_picked":["Clash+1","Reckless Charge"],"picked":"Flame Barrier+1","floor":19},{"not_picked":["Second Wind","Heavy Blade"],"picked":"Dual Wield","floor":24},{"not_picked":["Whirlwind+1","Anger","Heavy Blade"],"picked":"SKIP","floor":27},{"not_picked":["Hemokinesis","Flame Barrier"],"picked":"Burning Pact+1","floor":28},{"not_picked":["Wild Strike","Sever Soul"],"picked":"Intimidate","floor":30},{"not_picked":["Exhume","Impervious"],"picked":"Barricade","floor":33},{"not_picked":["Sever Soul","Perfected Strike"],"picked":"Iron Wave+1","floor":35},{"not_picked":["Anger+1","Clash"],"picked":"Feel No Pain+1","floor":37},{"not_picked":["Carnage+1","Demon Form"],"picked":"Corruption","floor":40},{"not_picked":["Havoc","Searing Blow+1","Sever Soul+1"],"picked":"SKIP","floor":42},{"not_picked":["Havoc","Combust+1"],"picked":"Sentinel+1","floor":46}],"player_experience":496434,"relics_obtained":[{"floor":7,"key":"Oddly Smooth Stone"},{"floor":9,"key":"Happy Flower"},{"floor":11,"key":"Whetstone"},{"floor":24,"key":"Letter Opener"},{"floor":26,"key":"Matryoshka"},{"floor":27,"key":"PreservedInsect"},{"floor":30,"key":"Strawberry"},{"floor":40,"key":"Bag of Marbles"},{"floor":43,"key":"Pear"},{"floor":46,"key":"Centennial Puzzle"}],"event_choices":[{"damage_healed":0,"gold_gain":275,"player_choice":"Desecrate","damage_taken":0,"max_hp_gain":0,"max_hp_loss":0,"event_name":"Golden Shrine","floor":5,"gold_loss":0,"cards_obtained":["Regret"]},{"damage_healed":0,"gold_gain":0,"player_choice":"Became a Ghost","damage_taken":0,"max_hp_gain":0,"max_hp_loss":40,"event_name":"Ghosts","floor":20,"gold_loss":0,"cards_obtained":["Ghostly","Ghostly","Ghostly","Ghostly","Ghostly"]},{"damage_healed":0,"gold_gain":99,"player_choice":"Stole From Cult","damage_taken":0,"max_hp_gain":0,"max_hp_loss":0,"event_name":"Nest","floor":22,"gold_loss":0},{"damage_healed":0,"gold_gain":0,"player_choice":"Opened","damage_taken":0,"relics_obtained":["Darkstone Periapt"],"max_hp_gain":0,"max_hp_loss":0,"event_name":"The Mausoleum","floor":31,"gold_loss":0},{"damage_healed":0,"gold_gain":0,"player_choice":"Ignored","damage_taken":0,"max_hp_gain":0,"max_hp_loss":0,"event_name":"Tomb of Lord Red Mask","floor":36,"gold_loss":0},{"damage_healed":0,"gold_gain":0,"player_choice":"Max HP","damage_taken":0,"max_hp_gain":0,"max_hp_loss":3,"event_name":"Winding Halls","floor":44,"gold_loss":0},{"cards_removed":["Strike_R"],"damage_healed":0,"gold_gain":0,"player_choice":"Removed Attack","damage_taken":0,"max_hp_gain":0,"max_hp_loss":0,"event_name":"Falling","floor":47,"gold_loss":0}],"is_beta":false,"boss_relics":[{"not_picked":["Lizard Tail","Fusion Hammer"],"picked":"Sozu"},{"not_picked":["Orrery","Velvet Choker"],"picked":"Snecko Eye"}],"items_purged_floors":[12],"is_endless":false,"potions_floor_spawned":[1,3,4,7,13,18,30,33,37,40],"ascension_level":8}