{"gold_per_floor":[119,119,139,149,169,169,194,194,194,154],"floor_reached":10,"playtime":361,"items_purged":[],"score":133,"play_id":"d2104af0-2546-4746-b283-ba5f18c5dced","local_time":"20190301161242","is_ascension_mode":true,"campfire_choices":[{"data":"Searing Blow","floor":6,"key":"SMITH"},{"data":"Searing Blow+1","floor":8,"key":"SMITH"}],"neow_cost":"NONE","seed_source_timestamp":5057579887093,"circlet_count":0,"master_deck":["AscendersBane","Strike_R","Strike_R","Strike_R","Strike_R","Defend_R","Defend_R","Defend_R","Defend_R","Bash","Ghostly Armor","Pain","Searing Blow+2"],"relics":["Burning Blood","WarpedTongs","Molten Egg 2","Meat on the Bone"],"potions_floor_usage":[],"damage_taken":[{"damage":3,"enemies":"2 Louse","floor":1,"turns":4},{"damage":9,"enemies":"Cultist","floor":3,"turns":4},{"damage":12,"enemies":"Small Slimes","floor":4,"turns":3},{"damage":10,"enemies":"Looter","floor":5,"turns":4},{"damage":48,"enemies":"3 Sentries","floor":7,"turns":11},{"damage":27,"enemies":"Exordium Thugs","floor":10,"turns":2}],"seed_played":"2273275948041814820","potions_obtained":[{"floor":1,"key":"Dexterity Potion"},{"floor":7,"key":"FairyPotion"}],"is_trial":false,"path_per_floor":["M","?","M","M","M","R","E","R","T","M"],"character_chosen":"IRONCLAD","items_purchased":[],"campfire_rested":0,"item_purchase_floors":[],"current_hp_per_floor":[71,71,68,62,58,58,16,16,16,0],"gold":154,"neow_bonus":"REMOVE_CARD","is_prod":false,"is_daily":false,"chose_seed":false,"campfire_upgraded":2,"win_rate":0,"timestamp":1551424362,"path_taken":["M","?","?","?","M","R","E","R","T","M"],"build_version":"2019-01-23","purchased_purges":0,"victory":false,"max_hp_per_floor":[75,75,75,75,75,75,75,75,75,75],"card_choices":[{"not_picked":["Havoc","Disarm"],"picked":"Ghostly Armor","floor":1},{"not_picked":["Cleave","Clash"],"picked":"Searing Blow","floor":3},{"not_picked":["Clothesline","Anger","Iron Wave"],"picked":"SKIP","floor":4},{"not_picked":["Heavy Blade","Anger","Burning Pact"],"picked":"SKIP","floor":5},{"not_picked":["Armaments","Demon Form","Perfected Strike"],"picked":"SKIP","floor":7}],"player_experience":975089,"relics_obtained":[{"floor":7,"key":"Molten Egg 2"},{"floor":9,"key":"Meat on the Bone"}],"event_choices":[{"damage_healed":0,"gold_gain":0,"player_choice":"Rummage","damage_taken":0,"relics_obtained":["WarpedTongs"],"max_hp_gain":0,"max_hp_loss":0,"event_name":"Accursed Blacksmith","floor":2,"gold_loss":0,"cards_obtained":["Pain"]}],"is_beta":false,"boss_relics":[],"items_purged_floors":[],"is_endless":false,"potions_floor_spawned":[1,7],"killed_by":"Exordium Thugs","ascension_level":19}