{"gold_per_floor":[119,219,17,34,48,82,82,107,107,127,2,2,19,37,37,136,136,156,52,69,69,80,80],"floor_reached":23,"playtime":1617,"items_purged":["Strike_G"],"score":203,"play_id":"59b779f5-a0c0-4f58-96e9-a31ea5c41722","local_time":"20190219214247","is_ascension_mode":false,"campfire_choices":[{"data":"Envenom","floor":7,"key":"SMITH"},{"data":"Neutralize","floor":12,"key":"SMITH"},{"data":"Catalyst","floor":15,"key":"SMITH"}],"neow_cost":"NONE","seed_source_timestamp":2628488585104765,"circlet_count":0,"master_deck":["Defend_G","Defend_G","Defend_G","Defend_G","Strike_G","Strike_G","Strike_G","Strike_G","Survivor","Neutralize+1","Escape Plan","Slice","Envenom+1","Quick Slash","Cloak And Dagger","Catalyst","Backstab","Dagger Spray","Escape Plan","Cloak And Dagger","Catalyst+1","Riddle With Holes","A Thousand Cuts","Injury","Doubt","Doubt","Leg Sweep","Backflip","Noxious Fumes","Dodge and Roll","Setup"],"relics":["Ring of the Snake","Strawberry","Peace Pipe","Bottled Tornado","Calling Bell","Omamori","Tough Bandages","Singing Bowl"],"potions_floor_usage":[6,16,23],"damage_taken":[{"damage":0,"enemies":"2 Louse","floor":1,"turns":4},{"damage":0,"enemies":"Cultist","floor":4,"turns":3},{"damage":8,"enemies":"Jaw Worm","floor":5,"turns":3},{"damage":8,"enemies":"Lagavulin","floor":6,"turns":7},{"damage":26,"enemies":"Gremlin Nob","floor":8,"turns":4},{"damage":0,"enemies":"Looter","floor":10,"turns":2},{"damage":0,"enemies":"Lots of Slimes","floor":13,"turns":3},{"damage":0,"enemies":"Red Slaver","floor":14,"turns":2},{"damage":18,"enemies":"Hexaghost","floor":16,"turns":5},{"damage":0,"enemies":"Chosen","floor":18,"turns":4},{"damage":18,"enemies":"Shell Parasite","floor":20,"turns":7},{"damage":21,"enemies":"Snake Plant","floor":22,"turns":5},{"damage":56,"enemies":"Slavers","floor":23,"turns":5}],"seed_played":"8135120837247319209","potions_obtained":[{"floor":4,"key":"AttackPotion"},{"floor":5,"key":"Regen Potion"},{"floor":8,"key":"Strength Potion"},{"floor":14,"key":"AttackPotion"}],"is_trial":false,"path_per_floor":["M","?","$","M","M","E","R","E","T","M","$","R","M","M","R","B",null,"M","$","M","?","M","E"],"character_chosen":"THE_SILENT","items_purchased":["Envenom","Quick Slash","Cloak And Dagger","Backflip","Noxious Fumes"],"campfire_rested":0,"item_purchase_floors":[3,3,11,19,19],"current_hp_per_floor":[70,70,70,70,62,61,61,35,35,35,35,35,35,35,35,17,77,77,77,59,59,40,0],"gold":80,"neow_bonus":"TRANSFORM_CARD","is_prod":false,"is_daily":false,"chose_seed":false,"campfire_upgraded":3,"win_rate":0,"timestamp":1550612567,"path_taken":["M","?","$","M","M","E","R","E","T","M","?","R","M","M","R","BOSS","M","$","M","?","M","E"],"build_version":"2019-01-23","purchased_purges":1,"victory":false,"max_hp_per_floor":[70,70,70,70,70,77,77,77,77,77,77,77,77,77,77,77,77,77,77,77,77,79,79],"card_choices":[{"not_picked":["Deflect","Terror"],"picked":"Slice","floor":1},{"not_picked":["Calculated Gamble","Heel Hook"],"picked":"Cloak And Dagger","floor":4},{"not_picked":["A Thousand Cuts","Flying Knee"],"picked":"Catalyst","floor":5},{"not_picked":["Eviscerate","Sucker Punch"],"picked":"Backstab","floor":6},{"not_picked":["PiercingWail","Slice"],"picked":"Dagger Spray","floor":8},{"not_picked":["Quick Slash","Reflex"],"picked":"Escape Plan","floor":10},{"not_picked":["Backflip","Footwork"],"picked":"Catalyst","floor":13},{"not_picked":["Prepared","Tactician"],"picked":"Riddle With Holes","floor":14},{"not_picked":["Envenom","Malaise"],"picked":"A Thousand Cuts","floor":16},{"not_picked":["Heel Hook+1","Bane"],"picked":"Leg Sweep","floor":18},{"not_picked":["Underhanded Strike","Flying Knee"],"picked":"Dodge and Roll","floor":20},{"not_picked":["Poisoned Stab","Blade Dance","Dagger Throw"],"picked":"Singing Bowl","floor":22}],"player_experience":529379,"relics_obtained":[{"floor":6,"key":"Strawberry"},{"floor":8,"key":"Peace Pipe"},{"floor":9,"key":"Bottled Tornado"},{"floor":17,"key":"Omamori"},{"floor":17,"key":"Tough Bandages"},{"floor":17,"key":"Singing Bowl"}],"event_choices":[{"damage_healed":0,"gold_gain":100,"player_choice":"Gold","damage_taken":0,"max_hp_gain":0,"max_hp_loss":0,"event_name":"Wheel of Change","floor":2,"gold_loss":0},{"damage_healed":0,"gold_gain":0,"player_choice":"Read","damage_taken":0,"max_hp_gain":0,"max_hp_loss":0,"event_name":"The Library","floor":21,"gold_loss":0,"cards_obtained":["Setup"]}],"is_beta":false,"boss_relics":[{"not_picked":["White Beast Statue","Philosopher\u0027s Stone"],"picked":"Calling Bell"}],"items_purged_floors":[11],"is_endless":false,"potions_floor_spawned":[4,5,8,14],"killed_by":"Slavers","ascension_level":0}