{"path_per_floor":["M","?","M","$","M","E","R","?","T","M","M","R","M","M","R","B",null,"M","?","$","?","?","R","?","M","T","M","M","T","$","?","R","B",null,"M","$","M","M","?","R","$","R","T","M","?","M","M","M","R","B"],"character_chosen":"IRONCLAD","items_purchased":["Inflame","True Grit","Red Skull","Demon Form"],"gold_per_floor":[112,112,137,11,34,70,70,70,95,109,125,125,139,154,154,282,282,302,302,13,13,13,13,13,29,83,96,114,114,32,32,32,163,163,181,106,130,155,155,155,55,55,55,69,69,82,98,113,113,113],"floor_reached":51,"campfire_rested":2,"playtime":1685,"current_hp_per_floor":[69,69,66,66,72,41,41,25,25,25,31,31,32,35,59,77,80,73,73,73,57,57,57,57,61,61,64,64,64,64,64,64,27,80,78,78,80,52,80,80,80,80,80,80,80,80,59,25,49,7],"items_purged":["Strike_R","Strike_R"],"gold":113,"score":597,"play_id":"836f1ae7-18dd-435f-bf60-4b9e9d13433c","local_time":"20180308190029","is_prod":false,"is_daily":false,"is_ascension_mode":true,"campfire_upgraded":3,"timestamp":1520553629,"path_taken":["M","?","M","$","M","E","R","?","T","?","M","R","M","M","R","BOSS","M","?","$","?","?","R","?","M","T","?","M","?","$","?","R","BOSS","M","$","M","M","?","R","?","R","T","?","?","M","M","M","R","BOSS"],"build_version":"2018-03-01-PROD1","purchased_purges":2,"victory":true,"master_deck":["Strike_R","Strike_R+1","Defend_R","Defend_R","Defend_R","Bash","Decay","Wild Strike","Injury","Twin Strike","Inflame","True Grit+1","Shrug It Off","Heavy Blade+1","Sword Boomerang","Inflame","Demon Form+1","Twin Strike+1","Necronomicurse","Dual Wield","Shrug It Off","Warcry","Demon Form","Writhe","Reaper","Flex+1","Warcry"],"max_hp_per_floor":[80,80,80,80,80,80,80,80,80,80,80,80,80,80,80,80,80,80,80,80,80,80,80,80,80,80,80,80,80,80,80,80,80,80,80,80,80,80,80,80,80,80,80,80,80,80,80,80,80,80],"relics":["Burning Blood","Du-Vu Doll","Golden Idol","Peace Pipe","Bag of Preparation","Sozu","Red Skull","Necronomicon","Bag of Marbles","Gambling Chip","Girya","Velvet Choker","Thread and Needle"],"card_choices":[{"not_picked":["Anger","Juggernaut"],"picked":"Wild Strike"},{"not_picked":["Blood for Blood","Iron Wave"],"picked":"Twin Strike"},{"not_picked":["Hemokinesis","Cleave"],"picked":"Shrug It Off"},{"not_picked":["Reckless Charge","Inflame"],"picked":"Heavy Blade"},{"not_picked":["Entrench","Exhume"],"picked":"Sword Boomerang"},{"not_picked":["Second Wind","Havoc"],"picked":"Inflame"},{"not_picked":["Barricade","Impervious"],"picked":"Demon Form"},{"not_picked":["Perfected Strike","Body Slam"],"picked":"Twin Strike"},{"not_picked":["Searing Blow","Armaments"],"picked":"Dual Wield"},{"not_picked":["Perfected Strike","Juggernaut"],"picked":"Shrug It Off"},{"not_picked":["Perfected Strike","Power Through"],"picked":"Warcry"},{"not_picked":["Double Tap","Berserk"],"picked":"Reaper"},{"not_picked":["Cleave","Rage"],"picked":"Flex"},{"not_picked":["Feel No Pain","Iron Wave"],"picked":"Warcry"}],"player_experience":231006,"potions_floor_usage":[50],"damage_taken":[{"damage":17.0,"enemies":"Small Slimes","floor":1.0,"turns":4.0},{"damage":9.0,"enemies":"2 Louse","floor":3.0,"turns":3.0},{"damage":0.0,"enemies":"Cultist","floor":5.0,"turns":2.0},{"damage":37.0,"enemies":"Lagavulin","floor":6.0,"turns":5.0},{"damage":6.0,"enemies":"Exordium Wildlife","floor":10.0,"turns":3.0},{"damage":0.0,"enemies":"Large Slime","floor":11.0,"turns":2.0},{"damage":5.0,"enemies":"Gremlin Gang","floor":13.0,"turns":3.0},{"damage":3.0,"enemies":"Looter","floor":14.0,"turns":2.0},{"damage":3.0,"enemies":"Slime Boss","floor":16.0,"turns":6.0},{"damage":13.0,"enemies":"Spheric Guardian","floor":18.0,"turns":3.0},{"damage":2.0,"enemies":"Chosen","floor":25.0,"turns":2.0},{"damage":3.0,"enemies":"Centurion and Healer","floor":27.0,"turns":3.0},{"damage":6.0,"enemies":"3 Cultists","floor":28.0,"turns":4.0},{"damage":43.0,"enemies":"Champ","floor":33.0,"turns":4.0},{"damage":12.0,"enemies":"3 Shapes","floor":35.0,"turns":3.0},{"damage":0.0,"enemies":"Orb Walker","floor":37.0,"turns":1.0},{"damage":59.0,"enemies":"4 Shapes","floor":38.0,"turns":4.0},{"damage":0.0,"enemies":"3 Darklings","floor":44.0,"turns":2.0},{"damage":0.0,"enemies":"Maw","floor":46.0,"turns":3.0},{"damage":27.0,"enemies":"Sphere and 2 Shapes","floor":47.0,"turns":2.0},{"damage":40.0,"enemies":"4 Shapes","floor":48.0,"turns":3.0},{"damage":88,"enemies":"Donu and Deca","floor":50,"turns":6}],"event_choices":[{"event_name":"Golden Idol","player_choice":"Take Wound","floor":2.0,"damage_taken":0.0},{"event_name":"Shining Light","player_choice":"Entered Light","floor":8.0,"damage_taken":0.0},{"event_name":"N\u0027loth","player_choice":"Ignored","floor":19.0,"damage_taken":0.0},{"event_name":"Cursed Tome","player_choice":"Obtained Book","floor":21.0,"damage_taken":0.0},{"event_name":"Addict","player_choice":"Ignored","floor":22.0,"damage_taken":0.0},{"event_name":"Back to Basics","player_choice":"Elegance","floor":24.0,"damage_taken":0.0},{"event_name":"The Mausoleum","player_choice":"Yes","floor":31.0,"damage_taken":0.0},{"event_name":"Wheel of Change","player_choice":"Full Heal","floor":39.0,"damage_taken":0.0}],"boss_relics":[],"potions_floor_spawned":[3,10,13,16,27,37,38,44],"seed_played":"-8170470165603073005","ascension_level":3,"is_trial":false}