{"gold_per_floor":[110,110,127,2,2,33,33,46,46,46,46,100,25,25,25,123,123,135,150,150],"floor_reached":20,"playtime":1152,"items_purged":["Strike_B"],"score":213,"play_id":"7cee7a50-f6db-4a9b-b381-d9f007afb8ca","local_time":"20181201202734","is_ascension_mode":true,"campfire_choices":[{"floor":7,"key":"REST"},{"floor":11,"key":"REST"},{"floor":15,"key":"REST"}],"neow_cost":"NONE","seed_source_timestamp":1529779590316124,"circlet_count":0,"master_deck":["Strike_B","Strike_B","Defend_B","Defend_B","Defend_B","Defend_B+1","Zap","Dualcast","Reboot","Heatsinks","Turbo","Defragment","Conserve Battery+1","Glacier","Blizzard","Seek","Cold Snap"],"relics":["Cracked Core","Kunai","Bottled Lightning","Ornamental Fan","PreservedInsect","Inserter"],"potions_floor_usage":[6,6,6,6],"damage_taken":[{"damage":0,"enemies":"Small Slimes","floor":1,"turns":3},{"damage":8,"enemies":"Jaw Worm","floor":3,"turns":4},{"damage":46,"enemies":"Gremlin Nob","floor":6,"turns":5},{"damage":0,"enemies":"2 Louse","floor":8,"turns":3},{"damage":35,"enemies":"Slime Boss","floor":16,"turns":19},{"damage":52,"enemies":"3 Byrds","floor":18,"turns":7},{"damage":6,"enemies":"Spheric Guardian","floor":19,"turns":8},{"damage":13,"enemies":"Centurion and Healer","floor":20,"turns":5}],"seed_played":"2274022316523400579","potions_obtained":[{"floor":1,"key":"EntropicBrew"},{"floor":8,"key":"FearPotion"},{"floor":19,"key":"SteroidPotion"}],"is_trial":false,"path_per_floor":["M","?","M","$","?","E","R","M","T","?","R","T","$","$","R","B",null,"M","M","M"],"character_chosen":"DEFECT","items_purchased":["Defragment","Conserve Battery"],"campfire_rested":3,"item_purchase_floors":[4,4],"current_hp_per_floor":[75,68,60,60,42,1,23,23,23,8,30,30,30,30,52,17,61,9,3,0],"gold":150,"neow_bonus":"ONE_RANDOM_RARE_CARD","is_prod":false,"is_daily":false,"chose_seed":false,"campfire_upgraded":0,"win_rate":0,"timestamp":1543714054,"path_taken":["M","?","M","$","?","E","R","M","T","?","R","?","?","$","R","BOSS","M","M","M"],"build_version":"2018-11-15","purchased_purges":1,"victory":false,"max_hp_per_floor":[75,75,75,75,75,75,75,75,75,75,75,75,75,75,75,75,75,75,75,75],"card_choices":[{"not_picked":["Turbo","Leap"],"picked":"Heatsinks","floor":1},{"not_picked":["Coolheaded","Sweeping Beam"],"picked":"Turbo","floor":3},{"not_picked":["Loop","Double Energy"],"picked":"Glacier","floor":6},{"not_picked":["Redo","Stack"],"picked":"Blizzard","floor":8},{"not_picked":["Biased Cognition","Fission"],"picked":"Seek","floor":16},{"not_picked":["Streamline+1","Sweeping Beam","Double Energy"],"picked":"SKIP","floor":18},{"not_picked":["Capacitor+1","Tempest+1"],"picked":"Cold Snap","floor":19}],"player_experience":859335,"relics_obtained":[{"floor":6,"key":"Bottled Lightning"},{"floor":9,"key":"Ornamental Fan"},{"floor":12,"key":"PreservedInsect"}],"event_choices":[{"cards_removed":["Strike_B"],"damage_healed":0,"gold_gain":0,"player_choice":"Card Removal","damage_taken":7,"max_hp_gain":0,"max_hp_loss":0,"event_name":"Golden Wing","floor":2,"gold_loss":0},{"damage_healed":0,"gold_gain":0,"player_choice":"Success","damage_taken":18,"relics_obtained":["Kunai"],"max_hp_gain":0,"max_hp_loss":0,"event_name":"Scrap Ooze","floor":5,"gold_loss":0},{"damage_healed":0,"gold_gain":0,"player_choice":"Entered Light","damage_taken":15,"max_hp_gain":0,"max_hp_loss":0,"event_name":"Shining Light","floor":10,"gold_loss":0,"cards_upgraded":["Conserve Battery","Defend_B"]}],"is_beta":false,"boss_relics":[{"not_picked":["Philosopher\u0027s Stone","Snecko Eye"],"picked":"Inserter"}],"items_purged_floors":[13],"is_endless":false,"potions_floor_spawned":[1,8,19],"killed_by":"Centurion and Healer","ascension_level":5}