{"path_per_floor":["M","M","?","?","M","R","M","R","T","M","M","$","E","$","R","B",null,"M","$","?","M","?","R","?"],"character_chosen":"THE_SILENT","items_purchased":["Noxious Fumes","Prepared","Caltrops","Catalyst","Caltrops"],"gold_per_floor":[115,127,127,127,147,147,171,171,197,215,235,70,109,33,33,156,156,169,55,55,76,76,76,76],"floor_reached":25,"campfire_rested":2,"playtime":1374,"current_hp_per_floor":[70,66,66,49,49,49,49,70,70,61,60,60,42,42,63,37,70,66,66,66,38,38,38,22],"items_purged":["Strike_G"],"gold":76,"score":237,"play_id":"809bab08-296c-4d0b-a191-94e8decec1c6","is_prod":false,"is_daily":false,"is_ascension_mode":true,"campfire_upgraded":2,"path_taken":["M","M","?","?","?","R","M","R","T","M","M","$","E","$","R","BOSS","M","$","?","?","?","R","?","M"],"build_version":"2018-02-15-PROD1","purchased_purges":1,"victory":false,"master_deck":["Defend_G+1","Defend_G+1","Defend_G+1","Defend_G+1","Defend_G+1","Strike_G+1","Strike_G+1","Strike_G+1","Survivor","Neutralize","Adrenaline+1","Choke","Dodge and Roll","Slice","Dodge and Roll","Deadly Poison","Dodge and Roll","Dodge and Roll","Noxious Fumes+1","Prepared","PiercingWail","Caltrops","Corpse Explosion","Backstab","Catalyst","Caltrops"],"max_hp_per_floor":[70,70,70,70,70,70,70,70,70,70,70,70,70,70,70,70,70,70,70,70,70,70,70,70],"relics":["Ring of the Snake","Golden Idol","Blood Vial","Ancient Tea Set","The Specimen","Orichalcum","Nilry\u0027s Codex"],"card_choices":[{"not_picked":["Sucker Punch","Heel Hook"],"picked":"Choke"},{"not_picked":["Heel Hook","Dagger Throw"],"picked":"Dodge and Roll"},{"not_picked":["Dagger Throw","Bane"],"picked":"Dodge and Roll"},{"not_picked":["Dodge and Roll","Burst"],"picked":"Deadly Poison"},{"not_picked":["Backflip","PiercingWail"],"picked":"Dodge and Roll"},{"not_picked":["Outmaneuver","Concentrate"],"picked":"Dodge and Roll"},{"not_picked":["Deflect","Dagger Throw"],"picked":"PiercingWail"},{"not_picked":["Phantasmal Killer","Grand Finale"],"picked":"Corpse Explosion"},{"not_picked":["Quick Slash","Concentrate"],"picked":"Backstab"}],"player_experience":141066,"potions_floor_usage":[7,21],"damage_taken":[{"damage":0,"enemies":"2 Louse","floor":1,"turns":3},{"damage":4,"enemies":"Jaw Worm","floor":2,"turns":4},{"damage":0,"enemies":"Cultist","floor":5,"turns":2},{"damage":0,"enemies":"Large Slime","floor":7,"turns":3},{"damage":9,"enemies":"Red Slaver","floor":10,"turns":4},{"damage":3,"enemies":"Lots of Slimes","floor":11,"turns":5},{"damage":20,"enemies":"Lagavulin","floor":13,"turns":8},{"damage":28,"enemies":"The Guardian","floor":16,"turns":10},{"damage":4,"enemies":"Spheric Guardian","floor":18,"turns":7},{"damage":30,"enemies":"Chosen","floor":21,"turns":6},{"damage":27,"enemies":"Slaver and Parasite","floor":25,"turns":4}],"event_choices":[{"event_name":"Living Wall","player_choice":"Change","floor":3,"damage_taken":0},{"event_name":"Golden Idol","player_choice":"Take Damage","floor":4,"damage_taken":0},{"event_name":"Back to Basics","player_choice":"Simplicity","floor":20,"damage_taken":0},{"event_name":"The Mausoleum","player_choice":"Yes","floor":22,"damage_taken":0},{"event_name":"Cursed Tome","player_choice":"Obtained Book","floor":24,"damage_taken":0}],"boss_relics":[{"not_picked":["Runic Dome","Eternal Feather"],"picked":"The Specimen"}],"potions_floor_spawned":[1,5,7,13],"seed_played":"-3551958165398695974","killed_by":"Slaver and Parasite","ascension_level":1,"is_trial":false}