{"gold_per_floor":[109,284,295,245,76,106,106,132,179,192,192,49,49,69,69,170,170,180,180,24,44,56,56,87,103,103,73,73],"floor_reached":28,"playtime":1206,"items_purged":[],"score":459,"play_id":"d1def4e2-a2de-471f-ad4a-b6ae09c7dddd","local_time":"20190112233510","is_ascension_mode":true,"campfire_choices":[{"data":"Caltrops","floor":7.0,"key":"SMITH"},{"data":"Envenom","floor":11.0,"key":"SMITH"},{"data":"Neutralize","floor":15.0,"key":"SMITH"},{"floor":23,"key":"REST"}],"neow_cost":"NONE","seed_source_timestamp":38818905463774,"circlet_count":0,"master_deck":["AscendersBane","Defend_G","Defend_G","Defend_G","Defend_G","Defend_G","Strike_G","Strike_G","Strike_G","Strike_G","Survivor","Neutralize+1","Calculated Gamble","Caltrops+1","Master of Strategy","Corpse Explosion","Envenom+1","Crippling Poison","Adrenaline","Escape Plan+1","Leg Sweep","Cloak And Dagger+1","Escape Plan","Deflect+1","Caltrops"],"special_seed":0,"relics":["Ring of the Snake","NeowsBlessing","Dream Catcher","Strawberry","Happy Flower","Oddly Smooth Stone","The Courier","Velvet Choker","Membership Card","Tough Bandages","Kunai"],"potions_floor_usage":[16,22,24,25],"damage_taken":[{"damage":0.0,"enemies":"2 Louse","floor":1.0,"turns":1.0},{"damage":0.0,"enemies":"Jaw Worm","floor":3.0,"turns":1.0},{"damage":0.0,"enemies":"Lagavulin","floor":6.0,"turns":2.0},{"damage":15.0,"enemies":"3 Sentries","floor":8.0,"turns":5.0},{"damage":0.0,"enemies":"Cultist","floor":10.0,"turns":3.0},{"damage":0.0,"enemies":"Lots of Slimes","floor":14.0,"turns":1.0},{"damage":54,"enemies":"Slime Boss","floor":16,"turns":15},{"damage":15,"enemies":"Spheric Guardian","floor":18,"turns":5},{"damage":8,"enemies":"2 Thieves","floor":21,"turns":3},{"damage":18,"enemies":"Centurion and Healer","floor":22,"turns":6},{"damage":14,"enemies":"Slavers","floor":24,"turns":3},{"damage":7,"enemies":"Cultist and Chosen","floor":25,"turns":6},{"damage":20,"enemies":"Gremlin Leader","floor":28,"turns":2}],"seed_played":"-2175426282918602339","potions_obtained":[{"floor":1.0,"key":"Energy Potion"},{"floor":6.0,"key":"GhostInAJar"},{"floor":8.0,"key":"Dexterity Potion"},{"floor":21,"key":"GamblersBrew"},{"floor":22,"key":"Explosive Potion"},{"floor":24,"key":"GhostInAJar"}],"is_trial":false,"path_per_floor":["M","?","M","?","$","E","R","E","T","M","R","$","T","M","R","B",null,"M","?","$","M","M","R","E","M","T","$","E"],"character_chosen":"THE_SILENT","items_purchased":["Master of Strategy","Oddly Smooth Stone","Membership Card","Caltrops"],"campfire_rested":1,"item_purchase_floors":[5,12,20,27],"current_hp_per_floor":[63,63,63,63,63,63,63,55,55,55,55,55,55,55,55,1,58,43,43,43,35,17,40,26,19,19,19,0],"gold":73,"neow_bonus":"THREE_ENEMY_KILL","is_prod":false,"is_daily":false,"chose_seed":false,"campfire_upgraded":3,"win_rate":0,"timestamp":1547328910,"path_taken":["M","?","M","?","$","E","R","E","T","M","R","?","?","?","R","BOSS","M","?","$","M","M","R","E","M","T","?","E"],"build_version":"2019-01-10","purchased_purges":0,"victory":false,"max_hp_per_floor":[70,70,70,70,70,70,70,77,77,77,77,77,77,77,77,77,77,77,77,77,77,77,77,77,77,77,77,77],"card_choices":[{"not_picked":["Sucker Punch","Underhanded Strike"],"picked":"Calculated Gamble","floor":1.0},{"not_picked":["Flying Knee","Blade Dance"],"picked":"Caltrops","floor":3.0},{"not_picked":["Dagger Throw","Backflip"],"picked":"Corpse Explosion","floor":6.0},{"not_picked":["All Out Attack","Riddle With Holes"],"picked":"Envenom","floor":8.0},{"not_picked":["Blade Dance","Cloak And Dagger"],"picked":"Crippling Poison","floor":10.0},{"not_picked":["Quick Slash","Acrobatics","Riddle With Holes"],"picked":"SKIP","floor":14.0},{"not_picked":["Bullet Time","Storm of Steel"],"picked":"Adrenaline","floor":16},{"not_picked":["Acrobatics","PiercingWail"],"picked":"Escape Plan+1","floor":18},{"not_picked":["Outmaneuver","Underhanded Strike"],"picked":"Leg Sweep","floor":21},{"not_picked":["Quick Slash","All Out Attack+1"],"picked":"Cloak And Dagger+1","floor":22},{"not_picked":["Catalyst+1","Backflip"],"picked":"Escape Plan","floor":23},{"not_picked":["Deadly Poison","Cloak And Dagger"],"picked":"Deflect+1","floor":24},{"not_picked":["Prepared","Sucker Punch","Blade Dance+1"],"picked":"SKIP","floor":25}],"player_experience":256789,"relics_obtained":[{"floor":6.0,"key":"Dream Catcher"},{"floor":8.0,"key":"Strawberry"},{"floor":9.0,"key":"Happy Flower"},{"floor":13.0,"key":"The Courier"},{"floor":24,"key":"Tough Bandages"},{"floor":26,"key":"Kunai"}],"event_choices":[{"damage_healed":0.0,"max_hp_gain":0.0,"max_hp_loss":0.0,"gold_gain":175.0,"event_name":"Liars Game","player_choice":"AGREE","floor":2.0,"gold_loss":0.0,"damage_taken":0.0,"cards_obtained":["Doubt"]},{"cards_removed":["Doubt"],"damage_healed":0.0,"max_hp_gain":0.0,"max_hp_loss":0.0,"gold_gain":0.0,"event_name":"The Cleric","player_choice":"Card Removal","floor":4.0,"gold_loss":50.0,"damage_taken":0.0},{"cards_removed":["Strike_G"],"damage_healed":0,"gold_gain":0,"player_choice":"Offered Basic","damage_taken":0,"max_hp_gain":0,"max_hp_loss":0,"event_name":"Bonfire Elementals","floor":19,"gold_loss":0}],"is_beta":false,"boss_relics":[{"not_picked":["Lizard Tail","Astrolabe"],"picked":"Velvet Choker"}],"items_purged_floors":[],"is_endless":false,"potions_floor_spawned":[1,6,8,21,22,24],"killed_by":"Gremlin Leader","ascension_level":11}