{"gold_per_floor":[118,43,43,61,61,61,91,108,108,108,108,127,143,160,160,160],"floor_reached":16,"playtime":382,"items_purged":["Strike_R"],"score":235,"play_id":"8f0392d5-7249-4d7a-a71f-89e071fe3867","local_time":"20190228203832","is_ascension_mode":true,"campfire_choices":[{"data":"Whirlwind","floor":6,"key":"SMITH"},{"data":"Bash","floor":11,"key":"SMITH"},{"data":"Defend_R","floor":15,"key":"SMITH"}],"neow_cost":"NONE","seed_source_timestamp":89058488171374,"circlet_count":0,"master_deck":["AscendersBane","Strike_R","Strike_R","Strike_R","Strike_R","Defend_R+1","Defend_R","Defend_R","Defend_R","Bash+1","Whirlwind+1","Warcry"],"relics":["Burning Blood","NeowsBlessing","Paper Frog","Art of War","Bottled Flame","Blood Vial"],"potions_floor_usage":[13],"damage_taken":[{"damage":0,"enemies":"2 Louse","floor":1,"turns":1},{"damage":0,"enemies":"Cultist","floor":4,"turns":1},{"damage":0,"enemies":"Gremlin Nob","floor":7,"turns":1},{"damage":3,"enemies":"Small Slimes","floor":8,"turns":2},{"damage":28,"enemies":"Exordium Thugs","floor":12,"turns":5},{"damage":11,"enemies":"Gremlin Gang","floor":13,"turns":3},{"damage":16,"enemies":"3 Louse","floor":14,"turns":2},{"damage":46,"enemies":"Slime Boss","floor":16,"turns":6}],"seed_played":"7718597242499177379","potions_obtained":[{"floor":1,"key":"FearPotion"},{"floor":12,"key":"LiquidBronze"},{"floor":13,"key":"Energy Potion"}],"is_trial":false,"path_per_floor":["M","$","?","M","$","R","E","M","T","?","R","M","M","M","R","B"],"character_chosen":"IRONCLAD","items_purchased":[],"campfire_rested":0,"item_purchase_floors":[],"current_hp_per_floor":[74,74,74,75,75,75,75,75,75,75,75,53,50,42,42,0],"gold":160,"neow_bonus":"THREE_ENEMY_KILL","is_prod":false,"is_daily":false,"chose_seed":false,"campfire_upgraded":3,"win_rate":0,"timestamp":1551353912,"path_taken":["M","$","?","?","?","R","E","M","T","?","R","M","?","M","R","BOSS"],"build_version":"2019-01-23","purchased_purges":1,"victory":false,"max_hp_per_floor":[75,75,75,75,75,75,75,75,75,75,75,75,75,75,75,75],"card_choices":[{"not_picked":["Pummel","Clothesline","Pommel Strike"],"picked":"SKIP","floor":1},{"not_picked":["Anger","Rampage"],"picked":"Whirlwind","floor":4},{"not_picked":["Cleave","Rupture","Havoc"],"picked":"SKIP","floor":7},{"not_picked":["Cleave","Bloodletting"],"picked":"Warcry","floor":8},{"not_picked":["Iron Wave","Metallicize"],"picked":"Warcry","floor":12},{"not_picked":["Body Slam","Twin Strike","Heavy Blade"],"picked":"SKIP","floor":13},{"not_picked":["Barricade","Seeing Red","Pommel Strike"],"picked":"SKIP","floor":14}],"player_experience":950579,"relics_obtained":[{"floor":3,"key":"Paper Frog"},{"floor":7,"key":"Art of War"},{"floor":9,"key":"Bottled Flame"}],"event_choices":[{"damage_healed":0,"gold_gain":0,"player_choice":"Relic","damage_taken":0,"max_hp_gain":0,"max_hp_loss":0,"event_name":"Wheel of Change","floor":3,"gold_loss":0},{"cards_removed":["Warcry"],"damage_healed":0,"gold_gain":0,"player_choice":"Gave Card","damage_taken":0,"relics_obtained":["Blood Vial"],"max_hp_gain":0,"max_hp_loss":0,"event_name":"WeMeetAgain","floor":10,"gold_loss":0}],"is_beta":false,"boss_relics":[],"items_purged_floors":[2],"is_endless":false,"potions_floor_spawned":[1,12,13,14],"killed_by":"Slime Boss","ascension_level":17}