{"gold_per_floor":[113,23,41,41,216,241,299,324,324,324,324,114,114,1,1,101,101,112,93,192,204,119,151,151,151],"floor_reached":25,"playtime":1341,"items_purged":["Doubt"],"score":326,"play_id":"4b1f2c5e-53aa-41e8-aeed-69df4fabe827","local_time":"20190216133832","is_ascension_mode":true,"campfire_choices":[{"floor":11,"key":"REST"},{"data":"Mayhem","floor":13,"key":"SMITH"},{"data":"Heavy Blade","floor":15,"key":"SMITH"},{"floor":24,"key":"REST"}],"neow_cost":"NONE","seed_source_timestamp":158511323648100,"circlet_count":0,"master_deck":["Strike_R","Strike_R","Strike_R","Strike_R","Strike_R","Defend_R","Defend_R","Defend_R","Defend_R","Bash+1","Cleave+1","Discovery","Heavy Blade+1","Entrench","Inflame+1","Impervious","Mayhem+1","Corruption","Metallicize","Demon Form","Spot Weakness","Pummel","Rage+1","Carnage"],"relics":["Burning Blood","PreservedInsect","WingedGreaves","Regal Pillow","Darkstone Periapt","Pantograph","Mark of Pain","Juzu Bracelet","Smiling Mask"],"potions_floor_usage":[6,7,8,23,23],"damage_taken":[{"damage":6,"enemies":"2 Louse","floor":1,"turns":5},{"damage":15,"enemies":"Small Slimes","floor":3,"turns":5},{"damage":18,"enemies":"Lagavulin","floor":6,"turns":5},{"damage":20,"enemies":"3 Sentries","floor":7,"turns":6},{"damage":20,"enemies":"3 Sentries","floor":8,"turns":7},{"damage":45,"enemies":"Hexaghost","floor":16,"turns":10},{"damage":23,"enemies":"Shell Parasite","floor":18,"turns":4},{"damage":14,"enemies":"2 Thieves","floor":19,"turns":4},{"damage":28,"enemies":"Centurion and Healer","floor":21,"turns":5},{"damage":19,"enemies":"Book of Stabbing","floor":23,"turns":4},{"damage":57,"enemies":"Cultist and Chosen","floor":25,"turns":5}],"seed_played":"-98148333762809572","potions_obtained":[{"floor":3,"key":"Block Potion"},{"floor":6,"key":"Explosive Potion"},{"floor":7,"key":"Regen Potion"},{"floor":8,"key":"SpeedPotion"},{"floor":19,"key":"Explosive Potion"},{"floor":23,"key":"LiquidBronze"}],"is_trial":false,"path_per_floor":["M","$","M","?","?","E","?","E","T","?","R","$","R","$","R","B",null,"M","M","?","M","?","E","R","M"],"character_chosen":"IRONCLAD","items_purchased":["Discovery","Mayhem","Corruption","Metallicize"],"campfire_rested":2,"item_purchase_floors":[2,12,12,14],"current_hp_per_floor":[72,72,63,47,47,35,21,22,22,22,61,61,61,61,61,41,70,53,45,45,23,23,10,49,0],"gold":151,"neow_bonus":"RANDOM_COMMON_RELIC","is_prod":false,"is_daily":false,"chose_seed":false,"campfire_upgraded":2,"win_rate":0,"timestamp":1550342312,"path_taken":["M","$","M","?","?","E","?","E","T","?","R","?","R","$","R","BOSS","M","M","?","M","?","E","R","M"],"build_version":"2019-01-23","purchased_purges":1,"victory":false,"max_hp_per_floor":[80,80,80,80,80,80,80,80,80,80,80,80,80,80,80,80,80,80,80,80,80,80,80,80,80],"card_choices":[{"not_picked":["Inflame","Ghostly Armor"],"picked":"Cleave","floor":1},{"not_picked":["Pommel Strike","Burning Pact"],"picked":"Heavy Blade","floor":3},{"not_picked":["Pommel Strike","Wild Strike"],"picked":"Entrench","floor":6},{"not_picked":["Headbutt","Searing Blow"],"picked":"Inflame","floor":7},{"not_picked":["Armaments","Seeing Red"],"picked":"Impervious","floor":8},{"not_picked":["Double Tap","Bludgeon"],"picked":"Demon Form","floor":16},{"not_picked":["Rampage","Flame Barrier"],"picked":"Spot Weakness","floor":18},{"not_picked":["Clothesline","Perfected Strike+1"],"picked":"Pummel","floor":19},{"not_picked":["Havoc+1","Second Wind"],"picked":"Rage+1","floor":21},{"not_picked":["Reckless Charge","Entrench"],"picked":"Carnage","floor":23}],"player_experience":500362,"relics_obtained":[{"floor":6,"key":"WingedGreaves"},{"floor":7,"key":"Regal Pillow"},{"floor":8,"key":"Darkstone Periapt"},{"floor":9,"key":"Pantograph"},{"floor":23,"key":"Smiling Mask"}],"event_choices":[{"damage_healed":0,"gold_gain":0,"player_choice":"Entered Light","damage_taken":16,"max_hp_gain":0,"max_hp_loss":0,"event_name":"Shining Light","floor":4,"gold_loss":0,"cards_upgraded":["Bash","Cleave"]},{"damage_healed":0,"gold_gain":175,"player_choice":"AGREE","damage_taken":0,"max_hp_gain":0,"max_hp_loss":0,"event_name":"Liars Game","floor":5,"gold_loss":0,"cards_obtained":["Doubt"]},{"damage_healed":0,"gold_gain":0,"player_choice":"Searched \u00271\u0027 times","damage_taken":0,"max_hp_gain":0,"max_hp_loss":0,"event_name":"Dead Adventurer","floor":7,"gold_loss":0},{"damage_healed":0,"gold_gain":0,"player_choice":"Grow","damage_taken":0,"max_hp_gain":0,"max_hp_loss":0,"event_name":"Living Wall","floor":10,"gold_loss":0,"cards_upgraded":["Inflame"]},{"damage_healed":0,"gold_gain":99,"player_choice":"Stole From Cult","damage_taken":0,"max_hp_gain":0,"max_hp_loss":0,"event_name":"Nest","floor":20,"gold_loss":0},{"damage_healed":0,"gold_gain":0,"player_choice":"Obtained Relic","damage_taken":0,"relics_obtained":["Juzu Bracelet"],"max_hp_gain":0,"max_hp_loss":0,"event_name":"Addict","floor":22,"gold_loss":85}],"is_beta":false,"boss_relics":[{"not_picked":["Empty Cage","Astrolabe"],"picked":"Mark of Pain"}],"items_purged_floors":[14],"is_endless":false,"potions_floor_spawned":[3,6,7,8,19,23],"killed_by":"Cultist and Chosen","ascension_level":9}