{"gold_per_floor":[115,35,46,65,65,99,99,24,24,36,36,36,50,50,50,171,171,192,92,92,116,116,151,151,151,151,76,96,57,71,0,0,0],"floor_reached":33,"playtime":1629,"items_purged":["Strike_R","Injury"],"score":263,"play_id":"73c0fca7-98d1-4fdc-8db3-a8a5194bcfe3","local_time":"20181016003519","is_ascension_mode":false,"campfire_choices":[{"floor":7.0,"key":"REST"},{"data":"Combust","floor":11.0,"key":"SMITH"},{"floor":15.0,"key":"REST"},{"data":"True Grit","floor":24,"key":"SMITH"},{"floor":32,"key":"REST"}],"neow_cost":"NONE","seed_source_timestamp":507500004643330,"circlet_count":0,"master_deck":["Strike_R","Defend_R","Defend_R","Bash","Brutality","Metallicize","Hemokinesis","Combust+1","True Grit+1","Flame Barrier","Feed","Rampage+1","Whirlwind+1","Intimidate+1","Battle Trance+1","Shrug It Off+1","Rupture","Metallicize","Shockwave","Spot Weakness+1"],"special_seed":0,"relics":["Burning Blood","Question Card","Dream Catcher","Torii","Bloody Idol","Astrolabe","Bag of Marbles","Dead Branch"],"potions_floor_usage":[16,16,16,30],"damage_taken":[{"damage":3.0,"enemies":"Small Slimes","floor":1.0,"turns":4.0},{"damage":6.0,"enemies":"Jaw Worm","floor":3.0,"turns":3.0},{"damage":7.0,"enemies":"Cultist","floor":4.0,"turns":3.0},{"damage":63.0,"enemies":"Lagavulin","floor":6.0,"turns":6.0},{"damage":10.0,"enemies":"Blue Slaver","floor":10.0,"turns":3.0},{"damage":12.0,"enemies":"Exordium Thugs","floor":13.0,"turns":6.0},{"damage":27,"enemies":"Slime Boss","floor":16,"turns":8},{"damage":16,"enemies":"Shell Parasite","floor":18,"turns":10},{"damage":1,"enemies":"3 Byrds","floor":21,"turns":4},{"damage":45,"enemies":"Book of Stabbing","floor":23,"turns":7},{"damage":36,"enemies":"Cultist and Chosen","floor":28,"turns":5},{"damage":14,"enemies":"Snecko","floor":30,"turns":6},{"damage":68,"enemies":"Automaton","floor":33,"turns":6}],"seed_played":"1623734672963966707","potions_obtained":[{"floor":3.0,"key":"PowerPotion"},{"floor":6.0,"key":"Weak Potion"},{"floor":10.0,"key":"SkillPotion"},{"floor":23,"key":"SteroidPotion"},{"floor":28,"key":"SkillPotion"}],"is_trial":false,"path_per_floor":["M","$","M","M","$","E","R","$","T","M","R","?","M","?","R","B",null,"M","$","?","M","?","E","R","?","T","?","M","$","M","?","R"],"character_chosen":"IRONCLAD","items_purchased":["Hemokinesis","Metallicize"],"campfire_rested":3,"item_purchase_floors":[2,29],"current_hp_per_floor":[80,80,80,79,79,22,46,46,46,42,42,30,24,24,48,27,80,73,73,73,78,78,39,39,39,39,39,17,17,14,14,39,0],"gold":0,"neow_bonus":"ONE_RANDOM_RARE_CARD","is_prod":false,"is_daily":false,"chose_seed":false,"campfire_upgraded":2,"win_rate":0,"timestamp":1539664519,"path_taken":["M","$","M","M","$","E","R","$","T","M","R","?","?","?","R","BOSS","M","$","?","M","?","E","R","?","T","?","?","$","M","?","R","BOSS"],"build_version":"2018-10-11","purchased_purges":2,"victory":false,"max_hp_per_floor":[80,80,80,80,80,80,80,80,80,80,80,80,80,80,80,80,80,83,83,83,83,83,83,83,83,83,83,86,86,86,86,86,86],"card_choices":[{"not_picked":["Havoc","Power Through"],"picked":"Metallicize","floor":1.0},{"not_picked":["Flex","Hemokinesis"],"picked":"Combust","floor":3.0},{"not_picked":["Iron Wave","Havoc"],"picked":"True Grit","floor":4.0},{"not_picked":["Wild Strike","Armaments","True Grit"],"picked":"SKIP","floor":6.0},{"not_picked":["Intimidate","Havoc","Sword Boomerang","Seeing Red"],"picked":"SKIP","floor":10.0},{"not_picked":["Sword Boomerang","Uppercut","Iron Wave"],"picked":"Flame Barrier","floor":13.0},{"not_picked":["Limit Break","Barricade","Immolate"],"picked":"Feed","floor":16},{"not_picked":["Warcry+1","Ghostly Armor","Clash+1","Clothesline"],"picked":"SKIP","floor":18},{"not_picked":["Twin Strike","Feel No Pain+1","Wild Strike"],"picked":"Battle Trance+1","floor":21},{"not_picked":["Corruption","Evolve","Armaments"],"picked":"Shrug It Off+1","floor":23},{"not_picked":["Shrug It Off","Second Wind","Armaments"],"picked":"Rupture","floor":28},{"not_picked":["Heavy Blade+1","Headbutt","Armaments"],"picked":"Shockwave","floor":30},{"not_picked":["Clothesline","Twin Strike+1","Reckless Charge"],"picked":"Spot Weakness+1","floor":32}],"player_experience":618470,"relics_obtained":[{"floor":6.0,"key":"Question Card"},{"floor":9.0,"key":"Dream Catcher"},{"floor":23,"key":"Bag of Marbles"},{"floor":26,"key":"Dead Branch"}],"event_choices":[{"event_name":"Scrap Ooze","player_choice":"success","floor":12.0,"damage_taken":12.0},{"event_name":"Golden Idol","player_choice":"Take Wound","floor":14.0,"damage_taken":0.0},{"event_name":"Back to Basics","player_choice":"Elegance","floor":20,"damage_taken":0},{"event_name":"Vampires","player_choice":"Ignored","floor":22,"damage_taken":0},{"event_name":"Forgotten Altar","player_choice":"Gave Idol","floor":25,"damage_taken":0},{"event_name":"Beggar","player_choice":"Gave Gold","floor":27,"damage_taken":0},{"event_name":"Masked Bandits","player_choice":"Paid Fearfully","floor":31,"damage_taken":0}],"is_beta":false,"boss_relics":[{"not_picked":["Lizard Tail","Cursed Key"],"picked":"Astrolabe"}],"items_purged_floors":[8,19],"is_endless":false,"potions_floor_spawned":[3,6,10,23,28],"killed_by":"Automaton","ascension_level":0}