{"gold_per_floor":[112,124,141,141,141,141,141,56,56,69,69,69,42,57,57,177,177,195,195,49,74,95,95,95,108,189,189,5,0,0,24,24,149,149,168,182,102,115,115],"floor_reached":39,"playtime":2349,"items_purged":["Pain","Strike_B"],"score":371,"play_id":"95f208b6-54eb-4fea-9045-82fd31a1e117","local_time":"20180626001423","is_ascension_mode":false,"campfire_choices":[{"data":"Zap","floor":7,"key":"SMITH"},{"data":"Defragment","floor":15,"key":"SMITH"},{"data":"Genetic Algorithm","floor":23,"key":"SMITH"},{"floor":27,"key":"REST"},{"floor":32,"key":"REST"}],"neow_cost":"NONE","seed_source_timestamp":1058493359222436,"circlet_count":0,"master_deck":["Strike_B","Strike_B","Defend_B","Defend_B","Defend_B","Defend_B","Zap+1","Dualcast","Ball Lightning","Echo Form","Chill","Defragment+1","Barrage","Gash","Gash","Conserve Battery","Biased Cognition","Parasite","Hello World","Loop","Amplify","Stack","Genetic Algorithm+1","Capacitor","Coolheaded","Thunder Strike","Self Repair+1","Capacitor+1","Conserve Battery","Rebound","Defragment+1","Hologram"],"relics":["Cracked Core","Pantograph","Golden Idol","Mummified Hand","Bottled Flame","Mango","Calling Bell","Potion Belt","The Courier","Du-Vu Doll","Frozen Egg 2","Oddly Smooth Stone","Orrery"],"potions_floor_usage":[16,22,33,33,39],"damage_taken":[{"damage":9,"enemies":"Cultist","floor":1,"turns":4},{"damage":0,"enemies":"Small Slimes","floor":2,"turns":2},{"damage":1,"enemies":"Jaw Worm","floor":3,"turns":3},{"damage":0,"enemies":"3 Louse","floor":10,"turns":2},{"damage":0,"enemies":"Large Slime","floor":14,"turns":4},{"damage":26,"enemies":"Slime Boss","floor":16,"turns":7},{"damage":11,"enemies":"Chosen","floor":18,"turns":4},{"damage":4,"enemies":"Spheric Guardian","floor":21,"turns":3},{"damage":33,"enemies":"Slaver and Parasite","floor":22,"turns":6},{"damage":32,"enemies":"Cultist and Chosen","floor":25,"turns":9},{"damage":0,"enemies":"Sentry and Sphere","floor":31,"turns":6},{"damage":13,"enemies":"Champ","floor":33,"turns":10},{"damage":33,"enemies":"3 Darklings","floor":35,"turns":9},{"damage":6,"enemies":"3 Shapes","floor":36,"turns":7},{"damage":21,"enemies":"Sphere and 2 Shapes","floor":38,"turns":5},{"damage":61,"enemies":"4 Shapes","floor":39,"turns":3}],"seed_played":"-3562257219787488225","potions_obtained":[{"floor":3,"key":"Dexterity Potion"},{"floor":14,"key":"GamblersBrew"},{"floor":18,"key":"Dexterity Potion"},{"floor":21,"key":"LiquidBronze"},{"floor":31,"key":"Dexterity Potion"},{"floor":38,"key":"Dexterity Potion"}],"is_trial":false,"path_per_floor":["M","M","M","T","?","?","R","$","T","M","T","$","$","M","R","B",null,"M","?","$","M","M","R","?","M","T","R","$","?","?","M","R","B",null,"M","M","$","M"],"character_chosen":"DEFECT","items_purchased":["Defragment","Barrage","Gash","Loop","Amplify","Oddly Smooth Stone"],"campfire_rested":2,"item_purchase_floors":[8,8,13,20,20,28],"current_hp_per_floor":[66,66,65,65,47,35,35,35,35,35,49,49,49,49,49,48,89,78,78,78,74,41,41,41,9,9,35,35,35,35,35,61,73,89,66,70,70,59,0],"gold":115,"neow_bonus":"REMOVE_CARD","is_prod":false,"is_daily":false,"chose_seed":false,"campfire_upgraded":3,"win_rate":0,"timestamp":1529986463,"path_taken":["M","M","?","?","?","?","R","$","T","M","?","?","$","M","R","BOSS","M","?","$","M","M","R","?","M","T","R","$","?","?","?","R","BOSS","M","M","$","M","M"],"build_version":"2018-06-21v2","purchased_purges":2,"victory":false,"max_hp_per_floor":[75,75,75,75,75,75,75,75,75,75,89,89,89,89,89,89,89,89,89,89,89,89,89,89,89,89,89,89,89,89,89,89,89,89,89,89,89,89,89],"card_choices":[{"not_picked":["Leap","Compile Driver"],"picked":"Ball Lightning","floor":1},{"not_picked":["Redo","Sweeping Beam"],"picked":"Echo Form","floor":2},{"not_picked":["Hologram","Sweeping Beam"],"picked":"Chill","floor":3},{"not_picked":["Compile Driver","Chill"],"picked":"Gash","floor":10},{"not_picked":["Auto Shields","Go for the Eyes"],"picked":"Conserve Battery","floor":14},{"not_picked":["Seek","Fission"],"picked":"Biased Cognition","floor":16},{"not_picked":["Go for the Eyes","Streamline+1"],"picked":"Hello World","floor":18},{"not_picked":["Leap","Reprogram"],"picked":"Stack","floor":21},{"not_picked":["Compile Driver","Seek"],"picked":"Genetic Algorithm","floor":22},{"not_picked":["Beam Cell+1","Reinforced Body"],"picked":"Capacitor","floor":25},{"not_picked":["Sweeping Beam","Streamline"],"picked":"Coolheaded","floor":31},{"not_picked":["Fission","Meteor Strike"],"picked":"Thunder Strike","floor":33},{"not_picked":["Sunder","Hologram"],"picked":"Self Repair+1","floor":34},{"not_picked":["Self Repair+1","Consume"],"picked":"Capacitor+1","floor":34},{"not_picked":["Hyperbeam","Force Field+1"],"picked":"Conserve Battery","floor":34},{"not_picked":["Coolheaded","Streamline"],"picked":"Rebound","floor":34},{"not_picked":["Steam+1","Cold Snap+1"],"picked":"Defragment+1","floor":35},{"not_picked":["Go for the Eyes+1","Cold Snap+1"],"picked":"Hologram","floor":36},{"not_picked":["Steam","Auto Shields","Sweeping Beam"],"picked":"SKIP","floor":38}],"player_experience":525291,"relics_obtained":[{"floor":4,"key":"Pantograph"},{"floor":9,"key":"Bottled Flame"},{"floor":11,"key":"Mango"},{"floor":17,"key":"Potion Belt"},{"floor":17,"key":"The Courier"},{"floor":17,"key":"Du-Vu Doll"},{"floor":26,"key":"Frozen Egg 2"}],"event_choices":[{"event_name":"Golden Idol","player_choice":"Take Damage","floor":5,"damage_taken":0},{"event_name":"Scrap Ooze","player_choice":"success","floor":6,"damage_taken":12},{"event_name":"Wheel of Change","player_choice":"Card Removal","floor":19,"damage_taken":0},{"event_name":"The Woman in Blue","player_choice":"Bought 0 Potions","floor":24,"damage_taken":0},{"event_name":"Masked Bandits","player_choice":"Paid Bandits 5 gold","floor":29,"damage_taken":0},{"event_name":"Addict","player_choice":"Ignored","floor":30,"damage_taken":0}],"boss_relics":[{"not_picked":["Runic Pyramid","Tiny House"],"picked":"Calling Bell"},{"not_picked":["Fusion Hammer","Busted Crown"],"picked":"Orrery"}],"items_purged_floors":[28,37],"is_endless":false,"potions_floor_spawned":[3,14,18,21,31,38],"killed_by":"4 Shapes","ascension_level":0}