{"path_per_floor":["M","?","?","?","?","E","R","M","T","R","M","R","M","$","R","B",null,"M","?","?","?","$","R","M","T","T","?","M","M","R","$","R"],"character_chosen":"THE_SILENT","items_purchased":["Adrenaline","Caltrops","Blur"],"gold_per_floor":[11,86,86,86,51,84,84,104,128,128,144,144,160,3,3,133,133,153,153,78,78,9,9,25,25,25,25,39,53,53,25,25],"floor_reached":33,"campfire_rested":1,"playtime":2045,"current_hp_per_floor":[70,59,45,45,62,40,40,40,40,40,40,40,39,39,60,39,72,61,53,53,53,53,61,52,52,52,36,39,55,63,63,71],"items_purged":[],"gold":25,"score":265,"play_id":"5797c588-298a-4003-b13c-6064fdbdefcd","is_prod":false,"is_daily":false,"is_ascension_mode":true,"campfire_upgraded":6,"path_taken":["M","?","?","?","?","E","R","M","T","R","M","R","M","?","R","BOSS","M","?","?","?","$","R","?","?","T","?","M","M","R","$","R","BOSS"],"build_version":"2018-02-15-PROD1","purchased_purges":0,"victory":false,"master_deck":["Defend_G","Defend_G+1","Defend_G","Defend_G","Defend_G","Strike_G","Strike_G","Strike_G","Strike_G+1","Strike_G","Survivor","Neutralize","Poisoned Stab+1","Acrobatics+1","Dodge and Roll+1","Poisoned Stab+1","Backflip","Adrenaline","Calculated Gamble+1","Caltrops+1","Acrobatics","Necronomicurse","Prepared+1","Blur+1"],"max_hp_per_floor":[70,70,70,70,70,70,70,70,70,70,70,70,70,70,70,72,72,72,72,72,72,72,72,72,72,72,72,72,74,74,74,74],"relics":["Ring of the Snake","Unceasing Top","Bloody Idol","Tough Bandages","Singing Bowl","Eternal Feather","Toxic Egg 2","The Courier","Necronomicon"],"card_choices":[{"not_picked":["Quick Slash","Flying Knee"],"picked":"Poisoned Stab"},{"not_picked":["Calculated Gamble","Distraction"],"picked":"Acrobatics"},{"not_picked":["Deflect","Dagger Spray"],"picked":"Dodge and Roll"},{"not_picked":["Cloak And Dagger","Eviscerate"],"picked":"Poisoned Stab"},{"not_picked":["Dagger Throw","Underhanded Strike"],"picked":"Backflip"},{"not_picked":["Slice","Deadly Poison"],"picked":"Calculated Gamble"},{"not_picked":["Accuracy","Underhanded Strike"],"picked":"Acrobatics"},{"not_picked":["Reflex","Bane"],"picked":"Prepared"}],"player_experience":180603,"potions_floor_usage":[16,28,28,29],"damage_taken":[{"damage":0,"enemies":"Small Slimes","floor":1,"turns":5},{"damage":22,"enemies":"3 Sentries","floor":6,"turns":10},{"damage":0,"enemies":"2 Louse","floor":8,"turns":2},{"damage":0,"enemies":"Cultist","floor":11,"turns":4},{"damage":1,"enemies":"2 Fungi Beasts","floor":13,"turns":4},{"damage":23,"enemies":"Hexaghost","floor":16,"turns":12},{"damage":11,"enemies":"Shell Parasite","floor":18,"turns":9},{"damage":14,"enemies":"Spheric Guardian","floor":24,"turns":8},{"damage":2,"enemies":"Snecko","floor":28,"turns":6},{"damage":6,"enemies":"Snake Plant","floor":29,"turns":5},{"damage":82,"enemies":"Champ","floor":33,"turns":16}],"event_choices":[{"event_name":"World of Goop","player_choice":"Gather Gold","floor":2,"damage_taken":0},{"event_name":"Shining Light","player_choice":"Entered Light","floor":3,"damage_taken":0},{"event_name":"Golden Idol","player_choice":"Take Wound","floor":4,"damage_taken":0},{"event_name":"The Cleric","player_choice":"Healed","floor":5,"damage_taken":0},{"event_name":"Knowing Skull","player_choice":"","floor":19,"damage_taken":0},{"event_name":"Beggar","player_choice":"Gave Gold","floor":20,"damage_taken":0},{"event_name":"Forgotten Altar","player_choice":"Gave Idol","floor":21,"damage_taken":0},{"event_name":"Cursed Tome","player_choice":"Obtained Book","floor":27,"damage_taken":0}],"boss_relics":[{"not_picked":["Orrery","Tiny House"],"picked":"Eternal Feather"}],"potions_floor_spawned":[1,16,18,24],"seed_played":"3736212968323973001","killed_by":"Champ","ascension_level":2,"is_trial":false}