{"gold_per_floor":[114,124,43,55,66,77,91,103,130,130,130,158,9,9,9,130,130,151,166,179,94,19,54,54,54,135,135,89,89,114,135,135,265,265,280,54,54,54,54,54,70,70,150,193,213,86,86,104,104,104],"floor_reached":51,"playtime":2550,"items_purged":["Injury"],"score":851,"play_id":"78de9f31-08f5-4a68-afe1-dc56c6ac8752","local_time":"20181115222005","is_ascension_mode":true,"campfire_choices":[{"data":"Zap","floor":10,"key":"SMITH"},{"floor":15,"key":"REST"},{"data":"Streamline","floor":25,"key":"SMITH"},{"data":"Streamline","floor":29,"key":"SMITH"},{"floor":32,"key":"REST"},{"data":"Gash","floor":40,"key":"SMITH"},{"data":"Stack","floor":42,"key":"SMITH"},{"data":"Reinforced Body","floor":47,"key":"SMITH"},{"floor":49,"key":"REST"}],"neow_cost":"CURSE","seed_source_timestamp":152699939591106,"circlet_count":0,"master_deck":["Strike_B","Strike_B","Strike_B","Defend_B","Defend_B","Defend_B","Zap+1","Dualcast","Go for the Eyes","Gash+1","FTL","Streamline+1","Streamline+1","Reinforced Body+1","Steam","Go for the Eyes+1","Self Repair","Hyperbeam+1","Beam Cell+1","Stack+1","Steam Power","Turbo","Leap","Chill","Gash+1","Gash+1","Streamline+1","All For One+1","Genetic Algorithm+1","FTL+1","Beam Cell+1","Beam Cell+1","Stack","FTL+1","Dramatic Entrance+1","Parasite"],"relics":["FrozenCore","FossilizedHelix","Regal Pillow","Molten Egg 2","Bronze Scales","Golden Idol","Orrery","Orichalcum","Oddly Smooth Stone","Enchiridion","Mercury Hourglass","Anchor","Gremlin Horn","Pantograph","Mango"],"potions_floor_usage":[23,30,33,44,48,50],"damage_taken":[{"damage":0,"enemies":"2 Louse","floor":1,"turns":2},{"damage":0,"enemies":"Small Slimes","floor":2,"turns":3},{"damage":0,"enemies":"Jaw Worm","floor":4,"turns":3},{"damage":10,"enemies":"Gremlin Gang","floor":5,"turns":4},{"damage":0,"enemies":"Exordium Wildlife","floor":6,"turns":2},{"damage":0,"enemies":"3 Louse","floor":7,"turns":4},{"damage":1,"enemies":"Blue Slaver","floor":8,"turns":3},{"damage":10,"enemies":"3 Sentries","floor":12,"turns":6},{"damage":37,"enemies":"Slime Boss","floor":16,"turns":9},{"damage":0,"enemies":"Spheric Guardian","floor":18,"turns":3},{"damage":17,"enemies":"3 Byrds","floor":19,"turns":3},{"damage":11,"enemies":"Centurion and Healer","floor":20,"turns":5},{"damage":7,"enemies":"Gremlin Leader","floor":23,"turns":5},{"damage":1,"enemies":"Snecko","floor":30,"turns":4},{"damage":0,"enemies":"Cultist and Chosen","floor":31,"turns":5},{"damage":17,"enemies":"Collector","floor":33,"turns":8},{"damage":0,"enemies":"3 Shapes","floor":35,"turns":2},{"damage":18,"enemies":"3 Darklings","floor":41,"turns":3},{"damage":39,"enemies":"Nemesis","floor":44,"turns":11},{"damage":0,"enemies":"Spire Growth","floor":45,"turns":4},{"damage":29,"enemies":"Writhing Mass","floor":48,"turns":6},{"damage":78,"enemies":"Awakened One","floor":50,"turns":12}],"seed_played":"-7946022981257902300","potions_obtained":[{"floor":6,"key":"Weak Potion"},{"floor":8,"key":"EssenceOfSteel"},{"floor":16,"key":"Swift Potion"},{"floor":23,"key":"PowerPotion"},{"floor":44,"key":"Weak Potion"},{"floor":45,"key":"AttackPotion"},{"floor":48,"key":"SpeedPotion"}],"is_trial":false,"path_per_floor":["M","M","$","M","M","M","M","M","T","R","?","E","$","?","R","B",null,"M","M","M","?","?","E","?","R","T","?","$","R","M","M","R","B",null,"M","$","?","?","T","R","M","R","T","E","M","$","R","M","R","B",null],"character_chosen":"DEFECT","items_purchased":["FTL","Self Repair","Gash+1","Anchor","FTL+1","FTL+1","Dramatic Entrance+1"],"campfire_rested":3,"item_purchase_floors":[3,13,28,36,36,46,46],"current_hp_per_floor":[75,75,75,75,65,65,65,64,64,64,64,54,54,36,73,43,75,75,65,61,61,61,54,38,38,38,38,38,38,44,51,75,65,75,75,75,75,75,75,75,57,57,57,32,39,39,39,17,58,5],"gold":104,"neow_bonus":"ONE_RARE_RELIC","is_prod":false,"is_daily":false,"chose_seed":false,"campfire_upgraded":6,"win_rate":0,"timestamp":1542338405,"path_taken":["M","M","$","M","M","M","M","M","T","R","?","E","$","?","R","BOSS","M","M","M","?","?","E","?","R","T","?","$","R","?","?","R","BOSS","M","$","?","?","?","R","M","R","T","E","?","$","R","M","R","BOSS"],"build_version":"2018-11-15","purchased_purges":1,"victory":true,"max_hp_per_floor":[75,75,75,75,75,75,75,75,75,75,75,75,75,75,75,75,75,75,75,75,75,75,75,75,75,75,75,75,75,75,75,75,75,75,75,75,75,75,75,75,75,75,75,89,89,89,89,89,89,89],"card_choices":[{"not_picked":["Rebound","Redo"],"picked":"Go for the Eyes","floor":1},{"not_picked":["Self Repair","Undo"],"picked":"Gash","floor":2},{"not_picked":["Reinforced Body","Compile Driver"],"picked":"Streamline","floor":4},{"not_picked":["Ball Lightning","Defragment"],"picked":"Streamline","floor":5},{"not_picked":["Undo","Coolheaded"],"picked":"Reinforced Body","floor":6},{"not_picked":["Capacitor","Sweeping Beam","Blizzard"],"picked":"SKIP","floor":7},{"not_picked":["Fission","Compile Driver"],"picked":"Steam","floor":8},{"not_picked":["Cold Snap+1","Hologram"],"picked":"Go for the Eyes+1","floor":12},{"not_picked":["Fission","Reboot"],"picked":"Hyperbeam+1","floor":16},{"not_picked":["Hologram","BootSequence"],"picked":"Beam Cell+1","floor":17},{"not_picked":["Redo","Hologram"],"picked":"Stack","floor":17},{"not_picked":["Double Energy","Coolheaded"],"picked":"Steam Power","floor":17},{"not_picked":["Barrage+1","BootSequence"],"picked":"Turbo","floor":17},{"not_picked":["Heatsinks","Auto Shields"],"picked":"Leap","floor":18},{"not_picked":["Hologram","Cold Snap+1"],"picked":"Chill","floor":19},{"not_picked":["Sweeping Beam+1","Electrodynamics"],"picked":"Gash+1","floor":20},{"not_picked":["Skim+1","Heatsinks+1","Steam Power"],"picked":"SKIP","floor":23},{"not_picked":["Barrage+1","Ball Lightning+1"],"picked":"Streamline+1","floor":30},{"not_picked":["Aggregate+1","Compile Driver+1","Ball Lightning+1"],"picked":"SKIP","floor":31},{"not_picked":["Amplify","Buffer"],"picked":"All For One+1","floor":33},{"not_picked":["Coolheaded","Rip and Tear+1"],"picked":"Genetic Algorithm+1","floor":35},{"not_picked":["Tempest","Static Discharge"],"picked":"Beam Cell+1","floor":41},{"not_picked":["Hologram","Skim+1"],"picked":"Beam Cell+1","floor":44},{"not_picked":["Compile Driver+1","Loop+1"],"picked":"Stack","floor":45},{"not_picked":["Barrage+1","Rebound+1","Sunder+1"],"picked":"SKIP","floor":48}],"player_experience":815787,"relics_obtained":[{"floor":9,"key":"Regal Pillow"},{"floor":12,"key":"Bronze Scales"},{"floor":23,"key":"Oddly Smooth Stone"},{"floor":24,"key":"Enchiridion"},{"floor":26,"key":"Mercury Hourglass"},{"floor":39,"key":"Gremlin Horn"},{"floor":43,"key":"Pantograph"},{"floor":44,"key":"Mango"}],"event_choices":[{"damage_healed":0,"gold_gain":0,"player_choice":"Searched \u00271\u0027 times","damage_taken":0,"relics_obtained":["Molten Egg 2"],"max_hp_gain":0,"max_hp_loss":0,"event_name":"Dead Adventurer","floor":11,"gold_loss":0},{"damage_healed":0,"gold_gain":0,"player_choice":"Take Damage","damage_taken":18,"relics_obtained":["Golden Idol"],"max_hp_gain":0,"max_hp_loss":0,"event_name":"Golden Idol","floor":14,"gold_loss":0},{"damage_healed":0,"gold_gain":0,"player_choice":"Obtained Relic","damage_taken":0,"relics_obtained":["Orichalcum"],"max_hp_gain":0,"max_hp_loss":0,"event_name":"Addict","floor":21,"gold_loss":85},{"cards_removed":["Strike_B"],"damage_healed":0,"gold_gain":0,"player_choice":"Gave Gold","damage_taken":0,"max_hp_gain":0,"max_hp_loss":0,"event_name":"Beggar","floor":22,"gold_loss":75},{"damage_healed":0,"gold_gain":0,"player_choice":"Obtained Book","damage_taken":16,"max_hp_gain":0,"max_hp_loss":0,"event_name":"Cursed Tome","floor":24,"gold_loss":0},{"damage_healed":0,"gold_gain":0,"player_choice":"Ignored","damage_taken":0,"max_hp_gain":0,"max_hp_loss":0,"event_name":"Vampires","floor":27,"gold_loss":0},{"cards_removed":["Defend_B"],"damage_healed":0,"gold_gain":0,"player_choice":"Removed Skill","damage_taken":0,"max_hp_gain":0,"max_hp_loss":0,"event_name":"Falling","floor":37,"gold_loss":0},{"damage_healed":0,"gold_gain":0,"player_choice":"Ignored","damage_taken":0,"max_hp_gain":0,"max_hp_loss":0,"event_name":"Mysterious Sphere","floor":38,"gold_loss":0}],"is_beta":false,"boss_relics":[{"not_picked":["Philosopher\u0027s Stone","Pandora\u0027s Box"],"picked":"Orrery"},{"not_picked":["Nuclear Battery","Snecko Eye"],"picked":"FrozenCore"}],"items_purged_floors":[13],"is_endless":false,"potions_floor_spawned":[6,8,16,19,20,23,44,45,48],"ascension_level":4}