{"gold_per_floor":[119,132,132,148,148,148,182,182,253,67,100,118,118,42,42,147,147,163,163,14,34,45,45,45,45,45,70,90,90,115,135,135,235,235,251,28,28,39,53,78,90,420,420,420,436,453,463,497,509,521],"floor_reached":51,"playtime":2915,"items_purged":["Strike_R","Strike_R"],"score":1202,"play_id":"9cf1a226-1950-46e0-9ad7-4b6ba95f1a3e","local_time":"20190227212728","is_ascension_mode":true,"campfire_choices":[{"data":"Demon Form","floor":6.0,"key":"SMITH"},{"floor":13.0,"key":"REST"},{"floor":15.0,"key":"REST"},{"floor":23.0,"key":"REST"},{"data":"Corruption","floor":29.0,"key":"SMITH"},{"floor":32.0,"key":"REST"},{"data":"Apotheosis","floor":44.0,"key":"SMITH"},{"data":"Feel No Pain","floor":49.0,"key":"SMITH"}],"neow_cost":"TEN_PERCENT_HP_LOSS","seed_source_timestamp":12385138183400,"circlet_count":0,"master_deck":["Strike_R","Strike_R","Strike_R","Defend_R","Defend_R","Defend_R","Defend_R","Bash","Demon Form+1","Sword Boomerang","Pommel Strike+1","Pommel Strike+1","Thunderclap+1","Corruption+1","Ghostly Armor","Dropkick","Disarm","Heavy Blade","Battle Trance","Feed","Necronomicurse","Disarm","Heavy Blade","Ghostly","Ghostly","Ghostly","Ghostly","Ghostly","Shrug It Off","Armaments+1","Barricade","Exhume","True Grit+1","Apotheosis+1","Flame Barrier+1","Entrench+1","Body Slam+1","Entrench+1","Shockwave+1","Feel No Pain+1"],"special_seed":0,"relics":["Burning Blood","Strawberry","Pantograph","StoneCalendar","Cursed Key","Necronomicon","The Courier","Whetstone","Sozu","Question Card","Old Coin","MawBank"],"potions_floor_usage":[],"damage_taken":[{"damage":7.0,"enemies":"Jaw Worm","floor":1.0,"turns":4.0},{"damage":0.0,"enemies":"Small Slimes","floor":2.0,"turns":3.0},{"damage":6.0,"enemies":"2 Louse","floor":4.0,"turns":3.0},{"damage":35.0,"enemies":"3 Sentries","floor":7.0,"turns":7.0},{"damage":24.0,"enemies":"Gremlin Nob","floor":11.0,"turns":4.0},{"damage":30.0,"enemies":"Exordium Thugs","floor":12.0,"turns":6.0},{"damage":32.0,"enemies":"Hexaghost","floor":16.0,"turns":7.0},{"damage":2.0,"enemies":"Chosen","floor":18.0,"turns":4.0},{"damage":23.0,"enemies":"2 Thieves","floor":21.0,"turns":5.0},{"damage":21.0,"enemies":"Cultist and Chosen","floor":22.0,"turns":5.0},{"damage":22.0,"enemies":"Slavers","floor":27.0,"turns":7.0},{"damage":7.0,"enemies":"Snake Plant","floor":28.0,"turns":5.0},{"damage":11.0,"enemies":"Gremlin Leader","floor":30.0,"turns":7.0},{"damage":0.0,"enemies":"Snecko","floor":31.0,"turns":5.0},{"damage":23.0,"enemies":"Collector","floor":33.0,"turns":12.0},{"damage":2.0,"enemies":"3 Shapes","floor":35.0,"turns":5.0},{"damage":10.0,"enemies":"Orb Walker","floor":38.0,"turns":4.0},{"damage":0.0,"enemies":"Maw","floor":39.0,"turns":7.0},{"damage":0.0,"enemies":"Giant Head","floor":40.0,"turns":8.0},{"damage":3.0,"enemies":"Jaw Worm Horde","floor":41.0,"turns":7.0},{"damage":3.0,"enemies":"Nemesis","floor":42.0,"turns":7.0},{"damage":22.0,"enemies":"Spire Growth","floor":45.0,"turns":7.0},{"damage":0.0,"enemies":"Transient","floor":46.0,"turns":5.0},{"damage":1.0,"enemies":"3 Darklings","floor":47.0,"turns":5.0},{"damage":1.0,"enemies":"Giant Head","floor":48.0,"turns":7.0},{"damage":30,"enemies":"Donu and Deca","floor":50,"turns":10}],"seed_played":"-6022852361123795145","potions_obtained":[{"floor":11.0,"key":"Dexterity Potion"},{"floor":12.0,"key":"EssenceOfSteel"},{"floor":18.0,"key":"Ancient Potion"},{"floor":22.0,"key":"Block Potion"}],"is_trial":false,"path_per_floor":["M","M","$","M","?","R","E","?","T","$","E","M","R","$","R","B",null,"M","?","$","M","M","R","?","?","T","E","M","R","E","M","R","B",null,"M","$","?","M","M","E","M","E","T","R","M","M","M","E","R","B",null],"character_chosen":"IRONCLAD","items_purchased":["Corruption","Ghostly Armor","Dropkick","Battle Trance","Disarm","Apotheosis"],"campfire_rested":4,"item_purchase_floors":[10,10,10,14,20,36],"current_hp_per_floor":[71,72,72,72,72,72,50,50,50,50,32,8,31,31,54,53,73,77,61,61,44,29,52,39,39,39,23,22,22,20,26,38,29,42,46,46,46,42,46,50,54,54,54,54,38,44,49,54,54,34],"gold":533,"neow_bonus":"THREE_RARE_CARDS","is_prod":false,"is_daily":false,"chose_seed":false,"campfire_upgraded":4,"win_rate":0,"timestamp":1551299248,"path_taken":["M","M","$","M","?","R","E","?","T","$","E","M","R","?","R","BOSS","M","?","$","M","M","R","?","?","T","E","M","R","E","?","R","BOSS","M","$","?","?","M","E","M","E","T","R","M","M","?","E","R","BOSS"],"build_version":"2019-01-23","purchased_purges":2,"victory":true,"max_hp_per_floor":[72,72,72,72,72,72,79,79,79,79,79,79,79,79,79,79,79,79,79,79,79,79,79,39,39,39,39,39,39,42,42,42,46,46,46,46,46,46,46,50,54,54,54,54,54,54,54,54,54,58],"card_choices":[{"not_picked":["Offering","Juggernaut"],"picked":"Demon Form","floor":0.0},{"not_picked":["Heavy Blade","Feel No Pain"],"picked":"Sword Boomerang","floor":1.0},{"not_picked":["Body Slam","Searing Blow"],"picked":"Pommel Strike","floor":2.0},{"not_picked":["Ghostly Armor","Intimidate"],"picked":"Pommel Strike","floor":4.0},{"not_picked":["Feel No Pain","Juggernaut"],"picked":"Thunderclap","floor":7.0},{"not_picked":["Shockwave","Flex"],"picked":"Disarm","floor":11.0},{"not_picked":["Anger","Sword Boomerang"],"picked":"Heavy Blade","floor":12.0},{"not_picked":["Double Tap","Exhume"],"picked":"Feed","floor":16.0},{"not_picked":["Infernal Blade","Flex+1","Thunderclap"],"picked":"SKIP","floor":18.0},{"not_picked":["Anger","Combust+1","Rupture"],"picked":"SKIP","floor":21.0},{"not_picked":["Perfected Strike","Cleave"],"picked":"Heavy Blade","floor":22.0},{"not_picked":["Havoc","Perfected Strike"],"picked":"Armaments+1","floor":27.0},{"not_picked":["Sword Boomerang","Wild Strike","Flex"],"picked":"SKIP","floor":28.0},{"not_picked":["Clash+1","Seeing Red"],"picked":"Barricade","floor":30.0},{"not_picked":["Clothesline","Heavy Blade","Sword Boomerang"],"picked":"SKIP","floor":31.0},{"not_picked":["Feed","Limit Break"],"picked":"Exhume","floor":33.0},{"not_picked":["Havoc","Flex"],"picked":"True Grit+1","floor":35.0},{"not_picked":["Pommel Strike","Flex"],"picked":"Flame Barrier+1","floor":38.0},{"not_picked":["Clash+1","Thunderclap","Havoc+1"],"picked":"SKIP","floor":39.0},{"not_picked":["Metallicize","Anger+1"],"picked":"Entrench+1","floor":40.0},{"not_picked":["Iron Wave+1","Flame Barrier+1","Exhume"],"picked":"Body Slam+1","floor":41.0},{"not_picked":["Wild Strike","Cleave+1","Body Slam+1"],"picked":"Entrench+1","floor":42.0},{"not_picked":["Sword Boomerang+1","Pummel+1","Inflame"],"picked":"Shockwave+1","floor":45.0},{"not_picked":["Sword Boomerang","Burning Pact","Clothesline+1","Rupture+1"],"picked":"SKIP","floor":46.0},{"not_picked":["Corruption","Wild Strike+1","Dual Wield+1","True Grit"],"picked":"SKIP","floor":47.0},{"not_picked":["Iron Wave","Warcry+1","Body Slam"],"picked":"Feel No Pain","floor":48.0}],"player_experience":598158,"relics_obtained":[{"floor":7.0,"key":"Strawberry"},{"floor":9.0,"key":"Pantograph"},{"floor":11.0,"key":"StoneCalendar"},{"floor":19.0,"key":"Necronomicon"},{"floor":27.0,"key":"The Courier"},{"floor":30.0,"key":"Whetstone"},{"floor":40.0,"key":"Question Card"},{"floor":42.0,"key":"Old Coin"},{"floor":48.0,"key":"MawBank"}],"event_choices":[{"damage_healed":0.0,"max_hp_gain":0.0,"max_hp_loss":0.0,"gold_gain":0.0,"event_name":"Golden Wing","player_choice":"Ignored","floor":5.0,"gold_loss":0.0,"damage_taken":0.0},{"damage_healed":0.0,"max_hp_gain":0.0,"max_hp_loss":0.0,"gold_gain":0.0,"event_name":"Living Wall","player_choice":"Grow","floor":8.0,"gold_loss":0.0,"damage_taken":0.0,"cards_upgraded":["Thunderclap"]},{"damage_healed":0.0,"max_hp_gain":0.0,"max_hp_loss":0.0,"gold_gain":0.0,"event_name":"Cursed Tome","player_choice":"Obtained Book","floor":19.0,"gold_loss":0.0,"damage_taken":16.0},{"damage_healed":0.0,"max_hp_gain":0.0,"max_hp_loss":40.0,"gold_gain":0.0,"event_name":"Ghosts","player_choice":"Became a Ghost","floor":24.0,"gold_loss":0.0,"damage_taken":0.0,"cards_obtained":["Ghostly","Ghostly","Ghostly","Ghostly","Ghostly"]},{"damage_healed":0.0,"max_hp_gain":0.0,"max_hp_loss":0.0,"gold_gain":0.0,"event_name":"The Library","player_choice":"Read","floor":25.0,"gold_loss":0.0,"damage_taken":0.0,"cards_obtained":["Shrug It Off"]},{"damage_healed":0.0,"max_hp_gain":0.0,"max_hp_loss":0.0,"gold_gain":0.0,"event_name":"SecretPortal","player_choice":"Ignored","floor":37.0,"gold_loss":0.0,"damage_taken":0.0}],"is_beta":false,"boss_relics":[{"not_picked":["Empty Cage","Runic Cube"],"picked":"Cursed Key"},{"not_picked":["Fusion Hammer","Lizard Tail"],"picked":"Sozu"}],"items_purged_floors":[20,36],"is_endless":false,"potions_floor_spawned":[11,12,18,21,22,35,41,42,46,47],"ascension_level":8}