{"gold_per_floor":[116,116,116,90,90,128,128,161,161,161,175,175,175,189,189,309,309,334,329,349,349],"floor_reached":21,"playtime":591,"items_purged":[],"score":249,"play_id":"b505a7c2-85c2-4785-9664-877cb2a83860","local_time":"20190227214329","is_ascension_mode":true,"campfire_choices":[{"data":"Go for the Eyes","floor":7,"key":"SMITH"},{"data":"Capacitor","floor":10,"key":"SMITH"},{"data":"Go for the Eyes","floor":12,"key":"SMITH"},{"data":"Conserve Battery","floor":15,"key":"SMITH"}],"neow_cost":"NONE","seed_source_timestamp":15888669348800,"circlet_count":0,"master_deck":["Strike_B","Strike_B","Strike_B","Strike_B","Defend_B+1","Defend_B","Defend_B+1","Defend_B","Zap","Dualcast","Compile Driver","Conserve Battery+1","Go for the Eyes+1","Capacitor+1","Go for the Eyes+1","Pain","Electrodynamics","Coolheaded","Self Repair","Coolheaded"],"relics":["Cracked Core","NeowsBlessing","Golden Idol","Du-Vu Doll","War Paint","Darkstone Periapt","WarpedTongs","Fusion Hammer"],"potions_floor_usage":[],"damage_taken":[{"damage":0,"enemies":"2 Louse","floor":1,"turns":1},{"damage":0,"enemies":"Gremlin Nob","floor":6,"turns":1},{"damage":0,"enemies":"3 Sentries","floor":8,"turns":1},{"damage":0,"enemies":"Small Slimes","floor":11,"turns":3},{"damage":4,"enemies":"Cultist","floor":14,"turns":2},{"damage":39,"enemies":"The Guardian","floor":16,"turns":11},{"damage":7,"enemies":"Shell Parasite","floor":18,"turns":4},{"damage":10,"enemies":"2 Thieves","floor":19,"turns":4},{"damage":27,"enemies":"Snake Plant","floor":20,"turns":5},{"damage":39,"enemies":"Colosseum Slavers","floor":21,"turns":5},{"damage":12,"enemies":"Colosseum Nobs","floor":21,"turns":2}],"seed_played":"8834456510512837219","potions_obtained":[{"floor":1,"key":"LiquidBronze"},{"floor":6,"key":"Ancient Potion"},{"floor":14,"key":"Explosive Potion"}],"is_trial":false,"path_per_floor":["M","?","?","$","?","E","R","E","T","R","M","R","?","M","R","B",null,"M","M","M","?"],"character_chosen":"DEFECT","items_purchased":["Conserve Battery"],"campfire_rested":0,"item_purchase_floors":[4],"current_hp_per_floor":[75,75,57,57,57,57,57,57,57,57,57,57,63,59,59,20,81,74,64,44,0],"gold":349,"neow_bonus":"THREE_ENEMY_KILL","is_prod":false,"is_daily":false,"chose_seed":false,"campfire_upgraded":4,"win_rate":0,"timestamp":1551300209,"path_taken":["M","?","?","$","?","E","R","E","T","R","M","R","?","M","R","BOSS","M","?","M","?"],"build_version":"2019-01-23","purchased_purges":0,"victory":false,"max_hp_per_floor":[75,75,75,75,75,75,75,75,75,75,75,75,81,81,81,81,81,81,81,81,81],"card_choices":[{"not_picked":["Melter","Blizzard"],"picked":"Compile Driver","floor":1},{"not_picked":["Leap","Self Repair"],"picked":"Go for the Eyes","floor":6},{"not_picked":["Static Discharge","Cold Snap"],"picked":"Capacitor","floor":8},{"not_picked":["Auto Shields","Gash"],"picked":"Go for the Eyes","floor":11},{"not_picked":["Barrage","Turbo","Steam"],"picked":"SKIP","floor":14},{"not_picked":["Multi-Cast","Seek"],"picked":"Electrodynamics","floor":16},{"not_picked":["Redo","Turbo+1"],"picked":"Coolheaded","floor":18},{"not_picked":["Coolheaded","Redo"],"picked":"Self Repair","floor":19},{"not_picked":["Barrage","Hyperbeam"],"picked":"Coolheaded","floor":20}],"player_experience":601353,"relics_obtained":[{"floor":6,"key":"Du-Vu Doll"},{"floor":8,"key":"War Paint"},{"floor":9,"key":"Darkstone Periapt"}],"event_choices":[{"damage_healed":0,"gold_gain":0,"player_choice":"Leave","damage_taken":0,"max_hp_gain":0,"max_hp_loss":0,"event_name":"The Cleric","floor":2,"gold_loss":0},{"damage_healed":0,"gold_gain":0,"player_choice":"Take Damage","damage_taken":18,"relics_obtained":["Golden Idol"],"max_hp_gain":0,"max_hp_loss":0,"event_name":"Golden Idol","floor":3,"gold_loss":0},{"damage_healed":0,"gold_gain":0,"player_choice":"Ignored","damage_taken":0,"max_hp_gain":0,"max_hp_loss":0,"event_name":"Shining Light","floor":5,"gold_loss":0},{"damage_healed":0,"gold_gain":0,"player_choice":"Rummage","damage_taken":0,"relics_obtained":["WarpedTongs"],"max_hp_gain":0,"max_hp_loss":0,"event_name":"Accursed Blacksmith","floor":13,"gold_loss":0,"cards_obtained":["Pain"]},{"damage_healed":0,"gold_gain":0,"player_choice":"Fight","damage_taken":0,"max_hp_gain":0,"max_hp_loss":0,"event_name":"Colosseum","floor":21,"gold_loss":0},{"damage_healed":0,"gold_gain":0,"player_choice":"Fought Nobs","damage_taken":0,"max_hp_gain":0,"max_hp_loss":0,"event_name":"Colosseum","floor":21,"gold_loss":0}],"is_beta":false,"boss_relics":[{"not_picked":["Nuclear Battery","Ectoplasm"],"picked":"Fusion Hammer"}],"items_purged_floors":[],"is_endless":false,"potions_floor_spawned":[1,6,14,21],"killed_by":"Colosseum Nobs","ascension_level":1}