{"path_per_floor":["M","M","?","M","M","E","R","E","T","R","M","$","R","?","R","B",null,"M","M","M","?","M","M","$","M","T","R","M","?","R","M","R"],"character_chosen":"THE_SILENT","items_purchased":["Apotheosis","Infinite Blades","Choke"],"gold_per_floor":[111,129,129,143,154,188,188,222,268,268,286,16,16,16,16,116,116,134,144,158,158,170,188,73,92,146,146,160,160,160,178,178,178],"floor_reached":33,"campfire_rested":6,"playtime":2506,"item_purchase_floors":[12,24,24],"current_hp_per_floor":[69,66,59,57,52,19,40,18,18,39,24,24,45,45,66,66,70,69,49,40,40,29,28,28,19,19,40,32,32,53,46,46,0],"items_purged":["Defend_G"],"gold":178,"score":311,"play_id":"555a1f2d-35fa-45eb-b703-2b0f7cbed49e","local_time":"20180609162939","is_prod":false,"is_daily":false,"chose_seed":false,"is_ascension_mode":false,"campfire_upgraded":1,"win_rate":0,"timestamp":1528576179,"campfire_choices":[{"floor":7,"key":"REST"},{"floor":10,"key":"REST"},{"floor":13,"key":"REST"},{"floor":15,"key":"REST"},{"floor":27,"key":"REST"},{"floor":30,"key":"REST"},{"data":"Apotheosis","floor":32,"key":"SMITH"}],"path_taken":["M","M","?","?","M","E","R","E","T","R","?","?","R","?","R","BOSS","M","M","M","?","M","M","$","M","T","R","M","?","R","M","R","BOSS"],"build_version":"2018-06-07v3","seed_source_timestamp":15844059789160,"purchased_purges":1,"victory":false,"master_deck":["Survivor","Neutralize","Doppelganger","Choke","Endless Agony","Prepared","Slice","Dash","Dagger Spray","Poisoned Stab","Apotheosis+1","Masterful Stab","Adrenaline","Dagger Spray","PiercingWail","Accuracy","Prepared","Caltrops","Skewer","Catalyst","Cloak And Dagger","Bane","Crippling Poison","Poisoned Stab","Deadly Poison+1","Acrobatics","Deadly Poison","Infinite Blades","Choke","Choke+1","Outmaneuver+1","Phantasmal Killer","Slice"],"max_hp_per_floor":[70,70,70,70,70,70,70,70,70,70,70,70,70,70,70,70,70,70,70,70,70,70,70,70,70,70,70,70,70,70,70,70,70],"relics":["Ring of the Snake","Kunai","Dodecahedron","Anchor","Orichalcum","Pandora\u0027s Box","Lantern"],"card_choices":[{"not_picked":["PiercingWail","Distraction"],"picked":"Choke","floor":1},{"not_picked":["Masterful Stab","Deflect"],"picked":"Endless Agony","floor":2},{"not_picked":["Leg Sweep","Accuracy"],"picked":"Prepared","floor":4},{"not_picked":["Blade Dance","Deflect"],"picked":"Slice","floor":5},{"not_picked":["Malaise","Prepared"],"picked":"Dash","floor":6},{"not_picked":["Blur","Dodge and Roll"],"picked":"Dagger Spray","floor":8},{"not_picked":["Deflect","Blade Dance"],"picked":"Poisoned Stab","floor":11},{"not_picked":["Wraith Form v2","Night Terror"],"picked":"Adrenaline","floor":16},{"not_picked":["Underhanded Strike+1","Well Laid Plans"],"picked":"Crippling Poison","floor":18},{"not_picked":["Expertise+1","PiercingWail+1"],"picked":"Poisoned Stab","floor":19},{"not_picked":["Slice","Flechettes"],"picked":"Deadly Poison+1","floor":20},{"not_picked":["Sucker Punch","Underhanded Strike"],"picked":"Acrobatics","floor":22},{"not_picked":["Dodge and Roll","All Out Attack"],"picked":"Deadly Poison","floor":23},{"not_picked":["Outmaneuver","Blade Dance+1"],"picked":"Choke+1","floor":25},{"not_picked":["Slice","Flying Knee"],"picked":"Outmaneuver+1","floor":28},{"not_picked":["Acrobatics","Backflip"],"picked":"Slice","floor":31}],"player_experience":123426,"potions_floor_usage":[16,20,33,33,33],"damage_taken":[{"damage":1,"enemies":"2 Louse","floor":1,"turns":4},{"damage":3,"enemies":"Small Slimes","floor":2,"turns":4},{"damage":2,"enemies":"Jaw Worm","floor":4,"turns":3},{"damage":5,"enemies":"Lots of Slimes","floor":5,"turns":4},{"damage":33,"enemies":"Gremlin Nob","floor":6,"turns":5},{"damage":22,"enemies":"3 Sentries","floor":8,"turns":10},{"damage":15,"enemies":"Gremlin Gang","floor":11,"turns":5},{"damage":0,"enemies":"Slime Boss","floor":16,"turns":8},{"damage":1,"enemies":"Chosen","floor":18,"turns":4},{"damage":20,"enemies":"2 Thieves","floor":19,"turns":4},{"damage":9,"enemies":"Snake Plant","floor":20,"turns":3},{"damage":11,"enemies":"Snecko","floor":22,"turns":4},{"damage":1,"enemies":"Centurion and Healer","floor":23,"turns":3},{"damage":9,"enemies":"Snake Plant","floor":25,"turns":3},{"damage":8,"enemies":"Chosen and Byrds","floor":28,"turns":4},{"damage":7,"enemies":"Centurion and Healer","floor":31,"turns":2},{"damage":83,"enemies":"Automaton","floor":33,"turns":6}],"relics_obtained":[{"floor":6,"key":"Dodecahedron"},{"floor":8,"key":"Anchor"},{"floor":9,"key":"Orichalcum"},{"floor":26,"key":"Lantern"}],"event_choices":[{"event_name":"Scrap Ooze","player_choice":"success","floor":3,"damage_taken":7},{"event_name":"Match and Keep!","player_choice":"1 cards matched","floor":14,"damage_taken":0},{"event_name":"Ghosts","player_choice":"Ignored","floor":21,"damage_taken":0},{"event_name":"The Library","player_choice":"Read","floor":29,"damage_taken":0}],"boss_relics":[{"not_picked":["Sozu","Runic Dome"],"picked":"Pandora\u0027s Box"}],"items_purged_floors":[12],"potions_floor_spawned":[1,5,6,11,16,18,19,22,23,25],"seed_played":"8179585279558986687","killed_by":"Automaton","ascension_level":0,"potions_obtained":[{"floor":1,"key":"GhostInAJar"},{"floor":5,"key":"SteroidPotion"},{"floor":6,"key":"GamblersBrew"},{"floor":16,"key":"GamblersBrew"},{"floor":18,"key":"SkillPotion"},{"floor":22,"key":"Swift Potion"},{"floor":23,"key":"LiquidBronze"},{"floor":25,"key":"Energy Potion"}],"is_trial":false}