{"path_per_floor":["M","?","M","$","M","R","M","M","T","$","?","M","$","M","R","B",null,"M","$","$","M","M","R","M","R","T","M","?","M","$","M","R","B",null,"M","M","M","?","?","R","M","R","T","R","M","$","M","?","R"],"character_chosen":"THE_SILENT","items_purchased":["Footwork","Accuracy","Cloak And Dagger","Infinite Blades","Noxious Fumes","Backflip","Infinite Blades","Anchor","Bandage Up"],"gold_per_floor":[119,194,214,100,113,113,123,137,137,13,37,51,11,26,26,122,122,132,132,9,24,38,38,49,49,49,69,69,87,14,34,34,132,132,149,167,184,184,284,284,298,298,345,345,357,20,37,37,37,37],"floor_reached":50,"campfire_rested":2,"playtime":4260,"current_hp_per_floor":[63,52,52,52,52,52,44,44,44,44,44,44,44,43,43,57,67,67,67,67,36,42,42,39,39,39,39,26,37,37,15,37,29,64,51,41,39,39,39,51,49,61,61,73,57,57,48,39,73,0],"items_purged":["Strike_G","Strike_G"],"gold":37,"score":572,"play_id":"71458e0e-8aa8-4fe7-ad9a-9a5dbda45868","local_time":"20180426004017","is_prod":false,"is_daily":false,"chose_seed":false,"is_ascension_mode":true,"campfire_upgraded":7,"timestamp":1524717617,"path_taken":["M","?","M","?","M","R","M","M","T","$","?","M","$","M","R","BOSS","M","?","$","M","M","R","M","R","T","M","?","M","?","?","R","BOSS","M","?","M","?","?","R","?","R","T","R","M","?","M","?","R","BOSS"],"build_version":"2018-04-19","seed_source_timestamp":984225961972194,"purchased_purges":3,"victory":false,"master_deck":["Defend_G","Defend_G","Defend_G","Defend_G","Strike_G","Strike_G","Strike_G","Survivor","Neutralize","Dagger Spray+1","Leg Sweep","Footwork+1","Dodge and Roll","Backflip","Accuracy+1","Cloak And Dagger+1","Crippling Poison","Unload","Infinite Blades","Backflip","A Thousand Cuts+1","Escape Plan+1","Noxious Fumes+1","Backflip","PiercingWail+1","Dagger Spray+1","Blade Dance","Infinite Blades","Adrenaline","After Image+1","Dodge and Roll+1","Bandage Up","Madness","Madness"],"max_hp_per_floor":[70,70,70,70,70,70,70,70,70,70,70,70,70,70,70,70,70,70,70,70,70,70,70,70,70,70,70,75,75,75,75,75,75,75,75,75,75,75,75,75,75,75,75,75,75,75,75,75,75,75],"relics":["Ring of the Snake","Meat on the Bone","Odd Mushroom","Sozu","Molten Egg 2","Eternal Feather","Snake Skull","Anchor"],"card_choices":[{"not_picked":["Acrobatics","Quick Slash"],"picked":"Dagger Spray","floor":1},{"not_picked":["Acrobatics","Finisher"],"picked":"Leg Sweep","floor":3},{"not_picked":["Endless Agony","PiercingWail"],"picked":"Dodge and Roll","floor":5},{"not_picked":["Underhanded Strike","Deflect"],"picked":"Backflip","floor":7},{"not_picked":["Backflip","Flying Knee"],"picked":"Crippling Poison","floor":11},{"not_picked":["Bane","Catalyst"],"picked":"Unload","floor":12},{"not_picked":["Flying Knee","Dagger Throw"],"picked":"Backflip","floor":14},{"not_picked":["Phantasmal Killer","Venomology"],"picked":"A Thousand Cuts","floor":16},{"not_picked":["Prepared","Backstab"],"picked":"Escape Plan","floor":18},{"not_picked":["Dagger Throw","Underhanded Strike"],"picked":"PiercingWail","floor":21},{"not_picked":["Setup","PiercingWail"],"picked":"Dagger Spray","floor":22},{"not_picked":["All Out Attack","Masterful Stab"],"picked":"Blade Dance","floor":24},{"not_picked":["Phantasmal Killer","Doppelganger"],"picked":"Adrenaline","floor":33},{"not_picked":["Dodge and Roll","Masterful Stab"],"picked":"After Image","floor":37},{"not_picked":["Noxious Fumes","PiercingWail"],"picked":"Dodge and Roll","floor":41}],"player_experience":501698,"potions_floor_usage":[11,16,33,50],"damage_taken":[{"damage":0,"enemies":"Small Slimes","floor":1,"turns":5},{"damage":0,"enemies":"2 Louse","floor":3,"turns":2},{"damage":0,"enemies":"Cultist","floor":5,"turns":4},{"damage":8,"enemies":"3 Louse","floor":7,"turns":3},{"damage":0,"enemies":"Blue Slaver","floor":8,"turns":6},{"damage":0,"enemies":"The Mushroom Lair","floor":11,"turns":2},{"damage":0,"enemies":"Large Slime","floor":12,"turns":10},{"damage":1,"enemies":"Red Slaver","floor":14,"turns":6},{"damage":1,"enemies":"Slime Boss","floor":16,"turns":12},{"damage":0,"enemies":"Shell Parasite","floor":18,"turns":7},{"damage":31,"enemies":"Spheric Guardian","floor":21,"turns":6},{"damage":6,"enemies":"Centurion and Healer","floor":22,"turns":6},{"damage":3,"enemies":"Snecko","floor":24,"turns":5},{"damage":0,"enemies":"Chosen and Byrds","floor":27,"turns":5},{"damage":1,"enemies":"Centurion and Healer","floor":29,"turns":6},{"damage":34,"enemies":"Sentry and Sphere","floor":31,"turns":6},{"damage":20,"enemies":"Champ","floor":33,"turns":12},{"damage":13,"enemies":"Orb Walker","floor":35,"turns":5},{"damage":22,"enemies":"3 Darklings","floor":36,"turns":4},{"damage":2,"enemies":"Maw","floor":37,"turns":9},{"damage":2,"enemies":"4 Shapes","floor":41,"turns":3},{"damage":16,"enemies":"Sphere and 2 Shapes","floor":45,"turns":5},{"damage":13,"enemies":"Maw","floor":47,"turns":9},{"damage":85,"enemies":"Awakened One","floor":50,"turns":6}],"event_choices":[{"event_name":"World of Goop","player_choice":"Gather Gold","floor":2,"damage_taken":0},{"event_name":"Mushrooms","player_choice":"Fought Mushrooms","floor":11,"damage_taken":0},{"event_name":"Forgotten Altar","player_choice":"Shed Blood","floor":28,"damage_taken":0},{"event_name":"Golden Shrine","player_choice":"Pray","floor":39,"damage_taken":0},{"event_name":"Winding Halls","player_choice":"Embrace Madness","floor":48,"damage_taken":0}],"boss_relics":[{"not_picked":["Snecko Eye","Philosopher\u0027s Stone"],"picked":"Sozu"},{"not_picked":["Calling Bell","Runic Dome"],"picked":"Eternal Feather"}],"potions_floor_spawned":[3,8,11,14,21,31,33,35,37,41],"seed_played":"225681975858481373","killed_by":"Awakened One","ascension_level":6,"is_trial":false}