{"gold_per_floor":[117,117,117,117,40,71,71,91,114,152,173,173,173,196,196,196],"floor_reached":16,"playtime":707,"items_purged":[],"score":160,"play_id":"64022a2f-c88f-46c1-8964-58afa9eff4fd","local_time":"20181208121349","is_ascension_mode":true,"campfire_choices":[{"data":"Noxious Fumes","floor":7,"key":"SMITH"},{"data":"Choke","floor":15,"key":"SMITH"}],"neow_cost":"NONE","seed_source_timestamp":1260422510348774,"circlet_count":0,"master_deck":["Defend_G","Defend_G","Defend_G","Defend_G","Defend_G","Strike_G","Strike_G","Strike_G","Strike_G","Survivor","Neutralize+1","Blade Dance","Noxious Fumes+1","Infinite Blades","Choke+1","Malaise","Calculated Gamble","Leg Sweep"],"relics":["Ring of the Snake","NeowsBlessing","Golden Idol","Dead Branch","Boot","Frozen Egg 2","PreservedInsect","Dodecahedron"],"potions_floor_usage":[10,10,16],"damage_taken":[{"damage":0,"enemies":"2 Louse","floor":1,"turns":1},{"damage":0,"enemies":"Gremlin Nob","floor":6,"turns":1},{"damage":0,"enemies":"Jaw Worm","floor":8,"turns":1},{"damage":22,"enemies":"Lagavulin","floor":10,"turns":5},{"damage":0,"enemies":"Cultist","floor":11,"turns":3},{"damage":11,"enemies":"Red Slaver","floor":14,"turns":4},{"damage":22,"enemies":"Slime Boss","floor":16,"turns":8}],"seed_played":"-5471388644079117922","potions_obtained":[{"floor":6,"key":"Ancient Potion"},{"floor":8,"key":"Fire Potion"},{"floor":14,"key":"EssenceOfSteel"}],"is_trial":false,"path_per_floor":["M","?","?","?","$","E","R","M","T","E","M","?","T","M","R","B"],"character_chosen":"THE_SILENT","items_purchased":["Noxious Fumes"],"campfire_rested":0,"item_purchase_floors":[5],"current_hp_per_floor":[70,70,65,58,58,58,58,58,58,36,36,29,29,18,18,0],"gold":196,"neow_bonus":"THREE_ENEMY_KILL","is_prod":false,"is_daily":false,"chose_seed":false,"campfire_upgraded":2,"win_rate":0,"timestamp":1544289229,"path_taken":["M","?","?","?","$","E","R","M","T","E","M","?","?","M","R","BOSS"],"build_version":"2018-12-06","purchased_purges":0,"victory":false,"max_hp_per_floor":[70,70,65,65,65,65,65,65,65,65,65,65,65,65,65,65],"card_choices":[{"not_picked":["Deflect","Tactician"],"picked":"Blade Dance","floor":1},{"not_picked":["Cloak And Dagger","Distraction"],"picked":"Infinite Blades","floor":6},{"not_picked":["Bane","Deadly Poison"],"picked":"Choke","floor":8},{"not_picked":["Concentrate","Flying Knee"],"picked":"Malaise","floor":10},{"not_picked":["Outmaneuver","Dodge and Roll"],"picked":"Calculated Gamble","floor":11},{"not_picked":["PiercingWail","Eviscerate"],"picked":"Leg Sweep","floor":14}],"player_experience":244660,"relics_obtained":[{"floor":6,"key":"Dead Branch"},{"floor":9,"key":"Boot"},{"floor":10,"key":"Frozen Egg 2"},{"floor":13,"key":"Dodecahedron"}],"event_choices":[{"damage_healed":0,"gold_gain":0,"player_choice":"Grow","damage_taken":0,"max_hp_gain":0,"max_hp_loss":0,"event_name":"Living Wall","floor":2,"gold_loss":0,"cards_upgraded":["Neutralize"]},{"damage_healed":0,"gold_gain":0,"player_choice":"Lose Max HP","damage_taken":0,"relics_obtained":["Golden Idol"],"max_hp_gain":0,"max_hp_loss":5,"event_name":"Golden Idol","floor":3,"gold_loss":0},{"cards_removed":["Strike_G"],"damage_healed":0,"gold_gain":0,"player_choice":"Card Removal","damage_taken":7,"max_hp_gain":0,"max_hp_loss":0,"event_name":"Golden Wing","floor":4,"gold_loss":0},{"damage_healed":0,"gold_gain":0,"player_choice":"Success","damage_taken":7,"relics_obtained":["PreservedInsect"],"max_hp_gain":0,"max_hp_loss":0,"event_name":"Scrap Ooze","floor":12,"gold_loss":0}],"is_beta":false,"boss_relics":[],"items_purged_floors":[],"is_endless":false,"potions_floor_spawned":[6,8,14],"killed_by":"Slime Boss","ascension_level":4}