{"gold_per_floor":[210,210,222,222,232,261,261,271,271,271,297,297,323,341,341,442,442,442,442,285,285,285,285],"floor_reached":23,"playtime":4928,"items_purged":[],"score":298,"play_id":"46f9a2fa-da01-47a7-90cc-f1332aac246e","local_time":"20181226173609","is_ascension_mode":true,"campfire_choices":[{"floor":7.0,"key":"REST"},{"data":"Envenom","floor":12.0,"key":"SMITH"},{"floor":15,"key":"REST"}],"neow_cost":"NONE","seed_source_timestamp":4877181388335,"circlet_count":0,"master_deck":["Defend_G","Defend_G","Defend_G","Defend_G","Defend_G","Strike_G","Strike_G","Strike_G","Strike_G","Survivor","Neutralize","Bouncing Flask+1","Prepared+1","Backstab","Envenom+1","Prepared+1","Neutralize","Backstab","Backflip","Underhanded Strike","Night Terror","Underhanded Strike+1","Reflex","Tactician"],"special_seed":0,"relics":["Ring of the Snake","Anchor","Ninja Scroll","Du-Vu Doll","Singing Bowl","Ectoplasm","War Paint"],"potions_floor_usage":[16,19,22,23],"damage_taken":[{"damage":0.0,"enemies":"2 Louse","floor":1.0,"turns":4.0},{"damage":0.0,"enemies":"Cultist","floor":3.0,"turns":3.0},{"damage":3.0,"enemies":"Small Slimes","floor":5.0,"turns":6.0},{"damage":15.0,"enemies":"Lagavulin","floor":6.0,"turns":5.0},{"damage":0.0,"enemies":"2 Fungi Beasts","floor":8.0,"turns":3.0},{"damage":9.0,"enemies":"3 Sentries","floor":11.0,"turns":6.0},{"damage":10,"enemies":"Gremlin Nob","floor":13,"turns":3},{"damage":5,"enemies":"3 Louse","floor":14,"turns":3},{"damage":25,"enemies":"Hexaghost","floor":16,"turns":8},{"damage":0,"enemies":"Chosen","floor":18,"turns":3},{"damage":16,"enemies":"Shell Parasite","floor":19,"turns":5},{"damage":23,"enemies":"Shelled Parasite and Fungi","floor":21,"turns":7},{"damage":0,"enemies":"Centurion and Healer","floor":22,"turns":2},{"damage":42,"enemies":"Gremlin Leader","floor":23,"turns":4}],"seed_played":"-2707798318843885059","potions_obtained":[{"floor":6.0,"key":"SkillPotion"},{"floor":8.0,"key":"SmokeBomb"},{"floor":13,"key":"Regen Potion"},{"floor":16,"key":"EntropicBrew"}],"is_trial":false,"path_per_floor":["M","?","M","?","M","E","R","M","T","?","E","R","E","M","R","B",null,"M","M","$","M","M","E"],"character_chosen":"THE_SILENT","items_purchased":["War Paint"],"campfire_rested":2,"item_purchase_floors":[20],"current_hp_per_floor":[63,63,63,56,53,38,59,59,59,59,50,50,40,35,56,46,64,64,48,48,25,25,0],"gold":285,"neow_bonus":"HUNDRED_GOLD","is_prod":false,"is_daily":false,"chose_seed":false,"campfire_upgraded":1,"win_rate":0,"timestamp":1545838569,"path_taken":["M","?","M","?","M","E","R","M","T","?","E","R","E","M","R","BOSS","M","M","?","M","M","E"],"build_version":"2018-12-20","purchased_purges":0,"victory":false,"max_hp_per_floor":[70,70,70,70,70,70,70,70,70,70,70,70,70,70,70,70,70,70,70,70,70,70,70],"card_choices":[{"not_picked":["Dagger Spray","Prepared"],"picked":"Bouncing Flask","floor":1.0},{"not_picked":["Dagger Spray","Blade Dance"],"picked":"Prepared","floor":3.0},{"not_picked":["Noxious Fumes","Dodge and Roll"],"picked":"Backstab","floor":5.0},{"not_picked":["Dash","Poisoned Stab"],"picked":"Envenom","floor":6.0},{"not_picked":["Reflex","Underhanded Strike"],"picked":"Prepared","floor":8.0},{"not_picked":["Noxious Fumes","Eviscerate"],"picked":"Backstab","floor":11.0},{"not_picked":["Riddle With Holes","Dagger Throw"],"picked":"Backflip","floor":13},{"not_picked":["Deadly Poison","Footwork"],"picked":"Underhanded Strike","floor":14},{"not_picked":["Storm of Steel","Unload"],"picked":"Night Terror","floor":16},{"not_picked":["Outmaneuver+1","Blade Dance"],"picked":"Underhanded Strike+1","floor":18},{"not_picked":["Blade Dance","Flying Knee"],"picked":"Reflex","floor":19},{"not_picked":["Grand Finale","Flying Knee"],"picked":"Tactician","floor":21}],"player_experience":183068,"relics_obtained":[{"floor":6.0,"key":"Anchor"},{"floor":9.0,"key":"Ninja Scroll"},{"floor":11.0,"key":"Du-Vu Doll"},{"floor":13,"key":"Singing Bowl"}],"event_choices":[{"damage_healed":0.0,"max_hp_gain":0.0,"max_hp_loss":0.0,"gold_gain":0.0,"event_name":"Living Wall","player_choice":"Grow","floor":2.0,"gold_loss":0.0,"damage_taken":0.0,"cards_upgraded":["Bouncing Flask"]},{"cards_removed":["Strike_G"],"damage_healed":0.0,"max_hp_gain":0.0,"max_hp_loss":0.0,"gold_gain":0.0,"event_name":"Golden Wing","player_choice":"Card Removal","floor":4.0,"gold_loss":0.0,"damage_taken":7.0},{"damage_healed":0.0,"max_hp_gain":0.0,"max_hp_loss":0.0,"gold_gain":0.0,"event_name":"Match and Keep!","player_choice":"1 cards matched","floor":10.0,"gold_loss":0.0,"damage_taken":0.0,"cards_obtained":["Neutralize"]}],"is_beta":false,"boss_relics":[{"not_picked":["Empty Cage","Eternal Feather"],"picked":"Ectoplasm"}],"items_purged_floors":[],"is_endless":false,"potions_floor_spawned":[6,8,13,16,22],"killed_by":"Gremlin Leader","ascension_level":8}