{"path_per_floor":["M","M","$","M","?","R","M","R","T","M","R","M","?","M","R","B",null,"M","?","M","?"],"character_chosen":"THE_SILENT","items_purchased":["Skewer"],"gold_per_floor":[116,132,59,74,249,249,265,265,265,284,284,303,303,323,323,423,423,437,337,356,356,356],"floor_reached":22,"campfire_rested":1,"playtime":1052,"current_hp_per_floor":[66,65,65,65,65,65,53,53,53,52,52,52,52,51,70,57,67,37,37,34,34,0],"items_purged":[],"gold":356,"score":223,"play_id":"ab200ddf-9d37-463d-ab19-2f13a6e2f043","local_time":"20180407000744","is_prod":false,"is_daily":false,"is_ascension_mode":true,"campfire_upgraded":3,"timestamp":1523074064,"path_taken":["M","M","$","?","?","R","?","R","T","M","R","?","?","M","R","BOSS","M","?","M","?","M"],"build_version":"2018-04-05v2","purchased_purges":0,"victory":false,"master_deck":["Defend_G","Defend_G","Defend_G","Defend_G","Defend_G","Strike_G","Strike_G","Strike_G","Strike_G","Survivor","Neutralize","Tactician","Quick Slash","PiercingWail","Skewer+1","Caltrops+1","Riddle With Holes+1","Backstab","Die Die Die","Dagger Throw","Tools of the Trade","Footwork","J.A.X."],"max_hp_per_floor":[70,70,70,70,70,70,70,70,70,70,70,70,70,70,70,70,70,70,70,70,70,70],"relics":["Ring of the Snake","Ginger","Cursed Key"],"card_choices":[{"not_picked":["Backflip","Deflect"],"picked":"Quick Slash","floor":1},{"not_picked":["Outmaneuver","Deflect"],"picked":"PiercingWail","floor":2},{"not_picked":["Slice","Backflip"],"picked":"Caltrops","floor":4},{"not_picked":["Slice","Setup"],"picked":"Riddle With Holes","floor":7},{"not_picked":["Calculated Gamble","Masterful Stab"],"picked":"Backstab","floor":10},{"not_picked":["Backflip","PiercingWail"],"picked":"Die Die Die","floor":12},{"not_picked":["Sucker Punch","Underhanded Strike"],"picked":"Dagger Throw","floor":14},{"not_picked":["Unload","Bullet Time"],"picked":"Tools of the Trade","floor":16},{"not_picked":["Dodge and Roll","Blur"],"picked":"Footwork","floor":18}],"player_experience":413034,"potions_floor_usage":[22,22],"damage_taken":[{"damage":4,"enemies":"Cultist","floor":1,"turns":5},{"damage":1,"enemies":"Jaw Worm","floor":2,"turns":3},{"damage":0,"enemies":"Small Slimes","floor":4,"turns":3},{"damage":12,"enemies":"Red Slaver","floor":7,"turns":5},{"damage":1,"enemies":"Large Slime","floor":10,"turns":7},{"damage":0,"enemies":"2 Fungi Beasts","floor":12,"turns":2},{"damage":1,"enemies":"Red Slaver","floor":14,"turns":3},{"damage":13,"enemies":"Slime Boss","floor":16,"turns":9},{"damage":30,"enemies":"Shell Parasite","floor":18,"turns":6},{"damage":3,"enemies":"Chosen","floor":20,"turns":3},{"damage":44,"enemies":"Slaver and Parasite","floor":22,"turns":3}],"event_choices":[{"event_name":"Liars Game","player_choice":"agreed","floor":5,"damage_taken":0},{"event_name":"Living Wall","player_choice":"Forget","floor":13,"damage_taken":0},{"event_name":"Drug Dealer","player_choice":"Got JAXXED","floor":19,"damage_taken":0},{"event_name":"Back to Basics","player_choice":"Elegance","floor":21,"damage_taken":0}],"boss_relics":[{"not_picked":["Black Star","Runic Pyramid"],"picked":"Cursed Key"}],"potions_floor_spawned":[4,7,16,18,20],"seed_played":"-646633154202002020","killed_by":"Slaver and Parasite","ascension_level":5,"is_trial":false}