{"gold_per_floor":[112,15,28,46,59,86,86,113,113,113,113,133,133,133,133,233,233,252,51,51,51,66,66,83,83,83,95,95,114,130,130],"floor_reached":31,"playtime":1420,"items_purged":["Strike_R"],"score":288,"play_id":"82b98f92-418f-41d0-a907-15e9cfcc8493","local_time":"20181105004346","is_ascension_mode":true,"campfire_choices":[{"data":"Pummel","floor":7,"key":"SMITH"},{"data":"1","floor":11,"key":"LIFT"},{"floor":15,"key":"REST"},{"data":"2","floor":23,"key":"LIFT"},{"floor":25,"key":"REST"}],"neow_cost":"PERCENT_DAMAGE","seed_source_timestamp":104248157889239,"circlet_count":0,"master_deck":["Strike_R","Defend_R","Defend_R","Defend_R","Defend_R","Bash","Demon Form","Spot Weakness","Twin Strike","Armaments","Heavy Blade+1","Pummel+1","Shrug It Off","Battle Trance","Bash","Feed","Flex","Metallicize","Inflame"],"relics":["Burning Blood","Gambling Chip","Odd Mushroom","Girya","Empty Cage","Ornamental Fan","Shuriken"],"potions_floor_usage":[8,16,16,24,30,30,30,30,31],"damage_taken":[{"damage":6,"enemies":"Cultist","floor":1,"turns":3},{"damage":7,"enemies":"Jaw Worm","floor":3,"turns":4},{"damage":3,"enemies":"2 Louse","floor":4,"turns":3},{"damage":17,"enemies":"Looter","floor":5,"turns":3},{"damage":22,"enemies":"3 Sentries","floor":6,"turns":5},{"damage":15,"enemies":"The Mushroom Lair","floor":8,"turns":4},{"damage":13,"enemies":"Lots of Slimes","floor":12,"turns":4},{"damage":7,"enemies":"Slime Boss","floor":16,"turns":6},{"damage":28,"enemies":"2 Thieves","floor":18,"turns":3},{"damage":33,"enemies":"3 Byrds","floor":22,"turns":6},{"damage":10,"enemies":"Centurion and Healer","floor":24,"turns":4},{"damage":11,"enemies":"Snake Plant","floor":27,"turns":2},{"damage":36,"enemies":"Cultist and Chosen","floor":29,"turns":7},{"damage":19,"enemies":"Chosen and Byrds","floor":30,"turns":7},{"damage":18,"enemies":"3 Cultists","floor":31,"turns":3}],"seed_played":"-2943308839309653424","potions_obtained":[{"floor":5,"key":"Dexterity Potion"},{"floor":6,"key":"Weak Potion"},{"floor":12,"key":"SkillPotion"},{"floor":16,"key":"Ancient Potion"},{"floor":18,"key":"SkillPotion"},{"floor":29,"key":"EntropicBrew"}],"is_trial":false,"path_per_floor":["M","$","M","M","M","E","R","?","T","?","R","M","?","?","R","B",null,"M","$","$","?","M","R","M","R","T","M","T","M","M","M"],"character_chosen":"IRONCLAD","items_purchased":["Twin Strike","Armaments","Flex","Metallicize"],"campfire_rested":2,"item_purchase_floors":[2,2,19,19],"current_hp_per_floor":[56,56,55,58,47,31,31,22,22,22,22,15,15,15,39,38,80,58,58,58,58,34,34,30,54,54,49,49,22,9,0],"gold":130,"neow_bonus":"THREE_RARE_CARDS","is_prod":false,"is_daily":false,"chose_seed":false,"campfire_upgraded":1,"win_rate":0,"timestamp":1541396626,"path_taken":["M","$","M","M","M","E","R","?","T","?","R","M","?","?","R","BOSS","M","?","$","?","M","R","M","R","T","M","?","M","?","M"],"build_version":"2018-11-01","purchased_purges":1,"victory":false,"max_hp_per_floor":[80,80,80,80,80,80,80,80,80,80,80,80,80,80,80,80,80,80,80,80,80,83,83,83,83,83,83,83,86,86,86],"card_choices":[{"not_picked":["Bludgeon","Double Tap"],"picked":"Demon Form","floor":0},{"not_picked":["Headbutt","Clash"],"picked":"Spot Weakness","floor":1},{"not_picked":["Clothesline","Metallicize"],"picked":"Heavy Blade","floor":3},{"not_picked":["Fire Breathing","Body Slam","Dropkick"],"picked":"SKIP","floor":4},{"not_picked":["Fire Breathing","Clothesline"],"picked":"Pummel","floor":5},{"not_picked":["Body Slam","Clash"],"picked":"Shrug It Off","floor":6},{"not_picked":["Exhume","Dropkick"],"picked":"Battle Trance","floor":12},{"not_picked":["Demon Form","Berserk"],"picked":"Feed","floor":16},{"not_picked":["Seeing Red","Shockwave","Body Slam"],"picked":"SKIP","floor":18},{"not_picked":["Perfected Strike","Clothesline"],"picked":"Inflame","floor":22},{"not_picked":["Reckless Charge+1","Clothesline+1","Warcry"],"picked":"SKIP","floor":24},{"not_picked":["Wild Strike","Intimidate","Rage"],"picked":"SKIP","floor":27},{"not_picked":["Cleave","Headbutt+1","Corruption"],"picked":"SKIP","floor":29},{"not_picked":["Entrench+1","Armaments+1","Combust+1"],"picked":"SKIP","floor":30}],"player_experience":745511,"relics_obtained":[{"floor":6,"key":"Gambling Chip"},{"floor":8,"key":"Odd Mushroom"},{"floor":9,"key":"Girya"},{"floor":26,"key":"Ornamental Fan"},{"floor":28,"key":"Shuriken"}],"event_choices":[{"damage_healed":0,"gold_gain":0,"player_choice":"Fought Mushrooms","damage_taken":0,"max_hp_gain":0,"max_hp_loss":0,"event_name":"Mushrooms","floor":8,"gold_loss":0},{"damage_healed":0,"gold_gain":0,"player_choice":"Searched \u00271\u0027 times","damage_taken":0,"max_hp_gain":0,"max_hp_loss":0,"event_name":"Dead Adventurer","floor":10,"gold_loss":0},{"damage_healed":0,"gold_gain":0,"player_choice":"Grow","damage_taken":0,"max_hp_gain":0,"max_hp_loss":0,"event_name":"Living Wall","floor":13,"gold_loss":0,"cards_upgraded":["Heavy Blade"]},{"damage_healed":0,"gold_gain":0,"player_choice":"1 cards matched","damage_taken":0,"max_hp_gain":0,"max_hp_loss":0,"event_name":"Match and Keep!","floor":14,"gold_loss":0,"cards_obtained":["Bash"]},{"cards_removed":["Strike_R"],"damage_healed":0,"gold_gain":0,"player_choice":"Elegance","damage_taken":0,"max_hp_gain":0,"max_hp_loss":0,"event_name":"Back to Basics","floor":21,"gold_loss":0}],"is_beta":false,"boss_relics":[{"not_picked":["Ectoplasm","Velvet Choker"],"picked":"Empty Cage"}],"items_purged_floors":[19],"is_endless":false,"potions_floor_spawned":[5,6,12,16,18,29],"killed_by":"3 Cultists","ascension_level":2}