{"gold_per_floor":[109,125,125,144,144,144,175,175,199,233,233,260,260,271,271,348,348,368,368,368,368,391,426,442,475,475,475,505,536,536,536,536,615,615,633,202,202,214,489,523,523,552,552,562,562,577,51,97,97,97,97,97,97,21,51,51],"floor_reached":57,"playtime":4145,"items_purged":[],"score":2945,"play_id":"0d7584d6-1da3-498e-9775-3317c497b574","local_time":"20181221162046","is_ascension_mode":true,"campfire_choices":[{"data":"Perfected Strike","floor":6,"key":"SMITH"},{"data":"Battle Trance","floor":11,"key":"SMITH"},{"data":"Perfected Strike","floor":13,"key":"SMITH"},{"data":"Bash","floor":15,"key":"SMITH"},{"floor":27,"key":"REST"},{"floor":30,"key":"REST"},{"floor":32,"key":"RECALL"},{"floor":41,"key":"REST"},{"floor":45,"key":"REST"},{"floor":49,"key":"REST"},{"floor":53,"key":"REST"}],"neow_cost":"NONE","seed_source_timestamp":593052476501582,"circlet_count":0,"master_deck":["AscendersBane","Strike_R+1","Strike_R+1","Strike_R+1","Strike_R+1","Strike_R+1","Bash+1","Headbutt","Battle Trance+1","Perfected Strike+1","Pommel Strike","Feed","Perfected Strike+1","Demon Form","Pommel Strike","Brutality","Twin Strike","Pommel Strike","Pommel Strike","Barricade","Immolate","Pummel+1","Pommel Strike+1","Fire Breathing+1","Disarm+1","Master of Strategy","Shrug It Off","Offering","Rage+1","Perfected Strike","PanicButton","Clothesline","Pommel Strike","Shrug It Off"],"relics":["Burning Blood","Lantern","Self Forming Clay","Orichalcum","Mercury Hourglass","Omamori","Ornamental Fan","Bottled Lightning","Fusion Hammer","Smiling Mask","Red Skull","Regal Pillow","War Paint","Potion Belt","Red Mask","Matryoshka","Astrolabe","OrangePellets","Pen Nib","Nunchaku","Oddly Smooth Stone","Bronze Scales","Paper Frog","StoneCalendar","Bag of Preparation"],"potions_floor_usage":[7,12,40,55,55,56,56,56],"damage_taken":[{"damage":1,"enemies":"Cultist","floor":1,"turns":3},{"damage":12,"enemies":"Jaw Worm","floor":2,"turns":3},{"damage":0,"enemies":"Small Slimes","floor":4,"turns":4},{"damage":22,"enemies":"Lagavulin","floor":7,"turns":4},{"damage":2,"enemies":"Gremlin Nob","floor":10,"turns":3},{"damage":9,"enemies":"Lagavulin","floor":12,"turns":5},{"damage":3,"enemies":"Blue Slaver","floor":14,"turns":3},{"damage":53,"enemies":"Hexaghost","floor":16,"turns":9},{"damage":0,"enemies":"Spheric Guardian","floor":18,"turns":2},{"damage":0,"enemies":"Gremlin Leader","floor":23,"turns":4},{"damage":8,"enemies":"3 Byrds","floor":24,"turns":5},{"damage":19,"enemies":"Book of Stabbing","floor":25,"turns":3},{"damage":12,"enemies":"Masked Bandits","floor":28,"turns":3},{"damage":45,"enemies":"Gremlin Leader","floor":29,"turns":3},{"damage":88,"enemies":"Automaton","floor":33,"turns":9},{"damage":9,"enemies":"3 Darklings","floor":35,"turns":4},{"damage":14,"enemies":"Orb Walker","floor":38,"turns":3},{"damage":50,"enemies":"Reptomancer","floor":40,"turns":5},{"damage":68,"enemies":"Giant Head","floor":42,"turns":6},{"damage":12,"enemies":"Writhing Mass","floor":44,"turns":3},{"damage":6,"enemies":"4 Shapes","floor":46,"turns":3},{"damage":1,"enemies":"2 Orb Walkers","floor":48,"turns":2},{"damage":49,"enemies":"Donu and Deca","floor":50,"turns":6},{"damage":42,"enemies":"Time Eater","floor":51,"turns":6},{"damage":18,"enemies":"Shield and Spear","floor":55,"turns":3},{"damage":91,"enemies":"The Heart","floor":56,"turns":8}],"seed_played":"-2841853722551539069","potions_obtained":[{"floor":1,"key":"FearPotion"},{"floor":4,"key":"Regen Potion"},{"floor":7,"key":"Weak Potion"},{"floor":16,"key":"SteroidPotion"},{"floor":28,"key":"SpeedPotion"},{"floor":35,"key":"LiquidBronze"},{"floor":42,"key":"SteroidPotion"},{"floor":48,"key":"LiquidBronze"},{"floor":55,"key":"LiquidBronze"}],"is_trial":false,"path_per_floor":["M","M","T","M","?","R","E","T","T","E","R","E","R","M","R","B",null,"M","?","?","?","T","E","M","E","T","R","?","E","R","$","R","B",null,"M","$","?","M","?","E","R","E","T","M","R","M","$","?","R","B","B",null,"R","$","E","B",null],"character_chosen":"IRONCLAD","items_purchased":["OrangePellets","Master of Strategy","Bronze Scales","Paper Frog","PanicButton","Pommel Strike","Shrug It Off"],"campfire_rested":6,"item_purchase_floors":[36,36,47,47,47,54,54],"current_hp_per_floor":[73,67,67,73,73,73,57,57,57,61,61,61,61,67,67,20,66,75,75,75,75,75,81,79,69,69,87,84,48,90,90,90,11,75,75,75,75,70,70,41,87,25,25,19,65,65,65,70,105,65,29,88,108,108,99,14],"gold":51,"neow_bonus":"RANDOM_COMMON_RELIC","is_prod":false,"is_daily":false,"chose_seed":false,"campfire_upgraded":4,"win_rate":0,"timestamp":1545438046,"path_taken":["M","M","?","M","?","R","E","?","T","E","R","E","R","M","R","BOSS","M","?","?","?","?","E","?","E","T","R","?","E","R","$","R","BOSS","M","$","?","M","?","E","R","E","T","?","R","M","?","?","R","BOSS","BOSS","R","$","E","BOSS"],"build_version":"2018-12-20","purchased_purges":0,"victory":true,"max_hp_per_floor":[75,75,75,75,75,75,75,75,75,75,75,78,78,81,81,81,81,84,84,84,84,84,84,84,87,87,87,90,93,93,93,93,96,96,99,99,99,102,102,105,105,105,105,105,105,105,105,105,105,108,108,108,108,108,111,111],"card_choices":[{"not_picked":["Entrench","Warcry"],"picked":"Headbutt","floor":1},{"not_picked":["Clothesline","Heavy Blade"],"picked":"Battle Trance","floor":2},{"not_picked":["Wild Strike","Sever Soul","Perfected Strike"],"picked":"SKIP","floor":4},{"not_picked":["Wild Strike","Sever Soul"],"picked":"Perfected Strike","floor":4},{"not_picked":["Wild Strike","Thunderclap"],"picked":"Pommel Strike","floor":7},{"not_picked":["Sentinel","Second Wind"],"picked":"Feed","floor":10},{"not_picked":["Pommel Strike","Heavy Blade"],"picked":"Perfected Strike","floor":12},{"not_picked":["Thunderclap","Havoc","Flex"],"picked":"SKIP","floor":14},{"not_picked":["Fiend Fire","Limit Break"],"picked":"Demon Form","floor":16},{"not_picked":["Twin Strike","Heavy Blade"],"picked":"Pommel Strike","floor":18},{"not_picked":["Searing Blow","Hemokinesis+1"],"picked":"Brutality","floor":23},{"not_picked":["Carnage","Armaments+1"],"picked":"Twin Strike","floor":24},{"not_picked":["Uppercut","Headbutt"],"picked":"Pommel Strike","floor":25},{"not_picked":["Flex","Inflame"],"picked":"Pommel Strike","floor":28},{"not_picked":["Dual Wield","Sword Boomerang"],"picked":"Barricade","floor":29},{"not_picked":["Exhume","Feed"],"picked":"Immolate","floor":33},{"not_picked":["Anger","Body Slam"],"picked":"Disarm+1","floor":35},{"not_picked":["Dual Wield","Seeing Red"],"picked":"Shrug It Off","floor":38},{"not_picked":["Perfected Strike","Intimidate"],"picked":"Offering","floor":40},{"not_picked":["Spot Weakness","Hemokinesis+1"],"picked":"Rage+1","floor":42},{"not_picked":["Whirlwind","Intimidate","Dropkick"],"picked":"SKIP","floor":44},{"not_picked":["True Grit","Havoc"],"picked":"Perfected Strike","floor":46},{"not_picked":["True Grit","Sentinel"],"picked":"Clothesline","floor":48},{"not_picked":["Clash","Entrench","Pummel"],"picked":"SKIP","floor":55}],"player_experience":3967174,"relics_obtained":[{"floor":3,"key":"Self Forming Clay"},{"floor":7,"key":"Orichalcum"},{"floor":8,"key":"Mercury Hourglass"},{"floor":9,"key":"Omamori"},{"floor":10,"key":"Ornamental Fan"},{"floor":12,"key":"Bottled Lightning"},{"floor":22,"key":"Red Skull"},{"floor":23,"key":"Regal Pillow"},{"floor":25,"key":"War Paint"},{"floor":26,"key":"Potion Belt"},{"floor":28,"key":"Red Mask"},{"floor":29,"key":"Matryoshka"},{"floor":40,"key":"Pen Nib"},{"floor":42,"key":"Nunchaku"},{"floor":43,"key":"Oddly Smooth Stone"},{"floor":48,"key":"StoneCalendar"},{"floor":55,"key":"Bag of Preparation"}],"event_choices":[{"damage_healed":0,"gold_gain":0,"player_choice":"Ignored","damage_taken":0,"max_hp_gain":0,"max_hp_loss":0,"event_name":"Liars Game","floor":5,"gold_loss":0},{"damage_healed":0,"gold_gain":0,"player_choice":"Stole Relic","damage_taken":0,"relics_obtained":["Smiling Mask"],"max_hp_gain":0,"max_hp_loss":0,"event_name":"Addict","floor":19,"gold_loss":0,"cards_obtained":["Shame"]},{"damage_healed":0,"gold_gain":0,"player_choice":"Ignored","damage_taken":0,"max_hp_gain":0,"max_hp_loss":0,"event_name":"Ghosts","floor":20,"gold_loss":0},{"damage_healed":0,"gold_gain":0,"player_choice":"Simplicity","damage_taken":0,"max_hp_gain":0,"max_hp_loss":0,"event_name":"Back to Basics","floor":21,"gold_loss":0,"cards_upgraded":["Strike_R","Strike_R","Strike_R","Strike_R","Strike_R","Defend_R","Defend_R","Defend_R","Defend_R"]},{"damage_healed":0,"gold_gain":0,"player_choice":"Fought Bandits","damage_taken":0,"max_hp_gain":0,"max_hp_loss":0,"event_name":"Masked Bandits","floor":28,"gold_loss":0},{"cards_removed":["Defend_R"],"damage_healed":0,"gold_gain":0,"player_choice":"Removed Skill","damage_taken":0,"max_hp_gain":0,"max_hp_loss":0,"event_name":"Falling","floor":37,"gold_loss":0},{"damage_healed":0,"gold_gain":275,"player_choice":"Desecrate","damage_taken":0,"max_hp_gain":0,"max_hp_loss":0,"event_name":"Golden Shrine","floor":39,"gold_loss":0,"cards_obtained":["Regret"]},{"damage_healed":0,"gold_gain":0,"player_choice":"Fight","damage_taken":0,"max_hp_gain":0,"max_hp_loss":0,"event_name":"Mysterious Sphere","floor":48,"gold_loss":0}],"is_beta":true,"boss_relics":[{"not_picked":["Empty Cage","Busted Crown"],"picked":"Fusion Hammer"},{"not_picked":["Eternal Feather","Philosopher\u0027s Stone"],"picked":"Astrolabe"}],"items_purged_floors":[],"is_endless":false,"potions_floor_spawned":[1,4,7,16,18,25,28,35,42,44,48,55],"ascension_level":20}