{"gold_per_floor":[111,111,124,124,26,26,44,44,44,56,84,114,143,170,182,290,302,324,336,361,373,385,397,409,421,433,245,265,40,40,52,52,149,149,166,166,179,226,226,226,226,226,226,243,7,20,32,43,43,43],"floor_reached":51,"playtime":3857,"items_purged":["Pain"],"score":714,"play_id":"32662d92-12db-49c2-80a8-245785cfa9eb","local_time":"20181012014511","is_ascension_mode":false,"campfire_choices":[{"data":"Coolheaded","floor":6.0,"key":"SMITH"},{"data":"Reprogram","floor":8.0,"key":"SMITH"},{"data":"Flash of Steel","floor":10.0,"key":"SMITH"},{"floor":15.0,"key":"REST"},{"data":"Seek","floor":23,"key":"SMITH"},{"data":"Defragment","floor":30,"key":"SMITH"},{"floor":32,"key":"REST"},{"data":"Blizzard","floor":40,"key":"SMITH"},{"data":"Blizzard","floor":42,"key":"SMITH"},{"data":"Madness","floor":49,"key":"SMITH"}],"neow_cost":"NONE","seed_source_timestamp":0,"circlet_count":0,"master_deck":["Strike_B","Strike_B+1","Defend_B","Defend_B","Dualcast","Coolheaded+1","Chill","Flash of Steel+1","Reprogram+1","Coolheaded","Gash","Skim","Seek+1","Echo Form+1","Double Energy+1","Blizzard+1","Double Energy+1","Defragment+1","Coolheaded","Blizzard+1","Steam Power+1","Reprogram","Steam Power+1","Madness","Madness+1","Chill","Coolheaded"],"special_seed":0,"relics":["Cracked Core","MawBank","Astrolabe","WarpedTongs","MutagenicStrength","DataDisk","Letter Opener","Bag of Preparation","Nuclear Battery","StoneCalendar","FossilizedHelix","Kunai","HandDrill"],"potions_floor_usage":[16,16,33,50,50,50],"damage_taken":[{"damage":0.0,"enemies":"Cultist","floor":1.0,"turns":4.0},{"damage":6.0,"enemies":"2 Louse","floor":3.0,"turns":3.0},{"damage":0.0,"enemies":"Jaw Worm","floor":7.0,"turns":3.0},{"damage":0.0,"enemies":"Looter","floor":11.0,"turns":3.0},{"damage":0.0,"enemies":"Large Slime","floor":12.0,"turns":6.0},{"damage":1.0,"enemies":"2 Fungi Beasts","floor":13.0,"turns":4.0},{"damage":13.0,"enemies":"Exordium Wildlife","floor":14.0,"turns":5.0},{"damage":6,"enemies":"Slime Boss","floor":16,"turns":21},{"damage":10,"enemies":"Shell Parasite","floor":18,"turns":7},{"damage":11,"enemies":"Chosen","floor":20,"turns":5},{"damage":0,"enemies":"Snecko","floor":28,"turns":5},{"damage":0,"enemies":"Centurion and Healer","floor":31,"turns":3},{"damage":36,"enemies":"Automaton","floor":33,"turns":7},{"damage":0,"enemies":"3 Darklings","floor":35,"turns":2},{"damage":0,"enemies":"Orb Walker","floor":37,"turns":3},{"damage":0,"enemies":"Mysterious Sphere","floor":38,"turns":2},{"damage":0,"enemies":"Mind Bloom Boss Battle","floor":39,"turns":4},{"damage":0,"enemies":"Reptomancer","floor":44,"turns":2},{"damage":0,"enemies":"Maw","floor":46,"turns":6},{"damage":0,"enemies":"Transient","floor":47,"turns":5},{"damage":0,"enemies":"4 Shapes","floor":48,"turns":1},{"damage":0,"enemies":"Donu and Deca","floor":50,"turns":4}],"seed_played":"5248295466901147377","potions_obtained":[{"floor":3.0,"key":"Fire Potion"},{"floor":13.0,"key":"FocusPotion"},{"floor":16,"key":"Ancient Potion"},{"floor":28,"key":"SteroidPotion"},{"floor":31,"key":"GamblersBrew"},{"floor":39,"key":"Dexterity Potion"},{"floor":48,"key":"FearPotion"}],"is_trial":false,"path_per_floor":["M","?","M","?","$","R","M","R","T","R","M","M","M","M","R","B",null,"M","?","M","?","?","R","T","?","T","$","M","$","R","M","R","B",null,"M","?","M","?","?","R","?","R","T","M","$","M","M","M","R","B"],"character_chosen":"DEFECT","items_purchased":["Flash of Steel","Defragment","Coolheaded","Blizzard","Bag of Preparation","HandDrill","Coolheaded"],"campfire_rested":2,"item_purchase_floors":[5,27,27,29,29,45,45],"current_hp_per_floor":[75,60,54,47,47,47,47,47,47,47,47,47,46,33,55,49,75,65,65,54,54,54,54,54,54,54,54,54,54,54,54,75,39,75,75,75,75,75,75,75,66,66,66,66,66,66,66,66,66,66],"gold":43,"neow_bonus":"TRANSFORM_CARD","is_prod":false,"is_daily":false,"chose_seed":false,"campfire_upgraded":8,"win_rate":0,"timestamp":1539323111,"path_taken":["M","?","?","?","$","R","M","R","T","R","M","M","M","?","R","BOSS","M","?","?","?","?","R","?","?","T","$","M","$","R","M","R","BOSS","M","?","M","?","?","R","?","R","T","M","$","M","M","?","R","BOSS"],"build_version":"2018-10-11","purchased_purges":1,"victory":true,"max_hp_per_floor":[75,75,75,75,75,75,75,75,75,75,75,75,75,75,75,75,75,75,75,75,75,75,75,75,75,75,75,75,75,75,75,75,75,75,75,75,75,75,75,75,75,75,75,75,75,75,75,75,75,75],"card_choices":[{"not_picked":["Conserve Battery","Leap"],"picked":"Heatsinks","floor":1.0},{"not_picked":["Sunder","Leap"],"picked":"Chill","floor":3.0},{"not_picked":["Blizzard","Compile Driver"],"picked":"Reprogram","floor":7.0},{"not_picked":["FTL","Hologram"],"picked":"Coolheaded","floor":11.0},{"not_picked":["Go for the Eyes","Sunder"],"picked":"Gash","floor":12.0},{"not_picked":["Capacitor","Blizzard","Lockon"],"picked":"SKIP","floor":13.0},{"not_picked":["Redo","Turbo"],"picked":"Skim","floor":14.0},{"not_picked":["Reboot","Buffer"],"picked":"Seek","floor":16},{"not_picked":["Go for the Eyes","Doom and Gloom"],"picked":"Blizzard","floor":18},{"not_picked":["Redo","Doom and Gloom+1"],"picked":"Double Energy+1","floor":20},{"not_picked":["Leap+1","Compile Driver","Aggregate+1"],"picked":"SKIP","floor":28},{"not_picked":["Beam Cell","Scrape","Stack"],"picked":"SKIP","floor":31},{"not_picked":["Rip and Tear","Leap","Conserve Battery"],"picked":"SKIP","floor":35},{"not_picked":["Heatsinks","Loop+1"],"picked":"Steam Power+1","floor":37},{"not_picked":["Stack","Steam"],"picked":"Reprogram","floor":38},{"not_picked":["Reinforced Body+1","Redo"],"picked":"Steam Power+1","floor":39},{"not_picked":["Barrage+1","Beam Cell+1"],"picked":"Chill","floor":44},{"not_picked":["Meteor Strike","Streamline+1","Sunder+1"],"picked":"SKIP","floor":46},{"not_picked":["Sweeping Beam+1","Steam+1","Defragment"],"picked":"SKIP","floor":47},{"not_picked":["Barrage","Ball Lightning","Hologram+1"],"picked":"SKIP","floor":48}],"player_experience":590465,"relics_obtained":[{"floor":9.0,"key":"MawBank"},{"floor":24,"key":"DataDisk"},{"floor":26,"key":"Letter Opener"},{"floor":38,"key":"StoneCalendar"},{"floor":39,"key":"FossilizedHelix"},{"floor":43,"key":"Kunai"}],"event_choices":[{"event_name":"Shining Light","player_choice":"Entered Light","floor":2.0,"damage_taken":0.0},{"event_name":"Golden Wing","player_choice":"Card Removal","floor":4.0,"damage_taken":0.0},{"event_name":"Back to Basics","player_choice":"Elegance","floor":19,"damage_taken":0},{"event_name":"Accursed Blacksmith","player_choice":"Rummage","floor":21,"damage_taken":0},{"event_name":"Drug Dealer","player_choice":"Inject Mutagens","floor":22,"damage_taken":0},{"event_name":"Cursed Tome","player_choice":"Ignored","floor":25,"damage_taken":0},{"event_name":"Falling","player_choice":"Removed Skill","floor":36,"damage_taken":0},{"event_name":"Mysterious Sphere","player_choice":"Fight","floor":38,"damage_taken":0},{"event_name":"MindBloom","player_choice":"Fight","floor":39,"damage_taken":0},{"event_name":"Winding Halls","player_choice":"Embrace Madness","floor":41,"damage_taken":0}],"is_beta":false,"boss_relics":[{"not_picked":["White Beast Statue","Velvet Choker"],"picked":"Astrolabe"},{"not_picked":["Calling Bell","Pandora\u0027s Box"],"picked":"Nuclear Battery"}],"items_purged_floors":[27],"is_endless":false,"potions_floor_spawned":[3,13,16,28,31,39,44,48],"ascension_level":0}