{"gold_per_floor":[115,130,130,155,178,178,197,218,218,143,143,29,70,70,70,190,190,205,199,199,199,224,262,278,302,302,302,32,32,32,32,32,135,135,149,162,162,162,0,11,11],"floor_reached":41,"playtime":7001,"items_purged":["Parasite","Shame"],"score":461,"play_id":"56487ca1-4e27-4246-a0f4-6d2670a65678","local_time":"20190228151307","is_ascension_mode":false,"campfire_choices":[{"data":"Neutralize","floor":6.0,"key":"SMITH"},{"floor":15.0,"key":"REST"},{"floor":29.0,"key":"REST"},{"floor":32.0,"key":"REST"}],"neow_cost":"CURSE","seed_source_timestamp":0,"circlet_count":0,"master_deck":["Defend_G","Defend_G","Defend_G","Defend_G","Defend_G","Strike_G","Strike_G","Strike_G","Strike_G","Strike_G","Survivor","Neutralize+1","After Image","Backflip","PiercingWail","Dagger Spray","Prepared+1","Footwork","Flying Knee","Well Laid Plans","Leg Sweep+1","Masterful Stab","All Out Attack","Cloak And Dagger","Dagger Throw+1","Malaise","Footwork","Footwork","PiercingWail","Dash+1","Footwork","Doppelganger","Dagger Spray+1","Sadistic Nature","Backflip+1"],"special_seed":0,"relics":["Ring of the Snake","Bloody Idol","Tingsha","The Specimen","Philosopher\u0027s Stone","Peace Pipe","Ancient Tea Set","War Paint","Centennial Puzzle","Paper Crane","Orrery","Red Mask"],"potions_floor_usage":[],"damage_taken":[{"damage":0.0,"enemies":"Small Slimes","floor":1.0,"turns":5.0},{"damage":0.0,"enemies":"Jaw Worm","floor":2.0,"turns":5.0},{"damage":0.0,"enemies":"2 Louse","floor":4.0,"turns":4.0},{"damage":4.0,"enemies":"Large Slime","floor":5.0,"turns":9.0},{"damage":1.0,"enemies":"Blue Slaver","floor":7.0,"turns":5.0},{"damage":23.0,"enemies":"Gremlin Gang","floor":8.0,"turns":7.0},{"damage":5.0,"enemies":"3 Sentries","floor":13.0,"turns":9.0},{"damage":20.0,"enemies":"The Guardian","floor":16.0,"turns":21.0},{"damage":18.0,"enemies":"Spheric Guardian","floor":18.0,"turns":8.0},{"damage":5.0,"enemies":"2 Thieves","floor":19.0,"turns":4.0},{"damage":30.0,"enemies":"Book of Stabbing","floor":23.0,"turns":10.0},{"damage":8.0,"enemies":"Cultist and Chosen","floor":24.0,"turns":9.0},{"damage":0.0,"enemies":"Centurion and Healer","floor":25.0,"turns":12.0},{"damage":35.0,"enemies":"Collector","floor":33.0,"turns":24.0},{"damage":2.0,"enemies":"3 Darklings","floor":35.0,"turns":6.0},{"damage":6.0,"enemies":"Orb Walker","floor":36.0,"turns":7.0},{"damage":11.0,"enemies":"4 Shapes","floor":40.0,"turns":8.0},{"damage":40,"enemies":"Giant Head","floor":41,"turns":8}],"seed_played":"-5001370217043438684","potions_obtained":[{"floor":4.0,"key":"AttackPotion"},{"floor":13.0,"key":"SpeedPotion"},{"floor":16.0,"key":"GamblersBrew"},{"floor":18.0,"key":"Swift Potion"},{"floor":23.0,"key":"Weak Potion"},{"floor":33.0,"key":"GamblersBrew"},{"floor":40.0,"key":"Poison Potion"}],"is_trial":false,"path_per_floor":["M","M","?","M","M","R","M","M","T","$","?","$","E","?","R","B",null,"M","M","?","?","T","E","M","M","T","?","$","R","?","$","R","B",null,"M","M","?","?","?","M","E"],"character_chosen":"THE_SILENT","items_purchased":["Well Laid Plans","Leg Sweep","Footwork","Swift Potion","Weak Potion"],"campfire_rested":3,"item_purchase_floors":[12,12,28,28,28],"current_hp_per_floor":[70,70,65,65,61,61,60,37,37,37,37,37,32,14,32,12,62,44,39,39,39,39,9,1,1,1,1,1,19,19,19,37,7,62,62,61,61,59,59,53,13],"gold":11,"neow_bonus":"THREE_RARE_CARDS","is_prod":false,"is_daily":false,"chose_seed":false,"campfire_upgraded":1,"win_rate":0,"timestamp":1551395587,"path_taken":["M","M","?","M","M","R","M","M","T","$","?","?","E","?","R","BOSS","M","M","?","?","?","E","?","M","T","?","?","R","?","$","R","BOSS","M","M","?","?","?","M","E"],"build_version":"2019-01-23","purchased_purges":2,"victory":false,"max_hp_per_floor":[70,70,65,65,65,65,65,65,65,62,62,62,62,62,62,62,62,62,62,62,62,62,62,62,62,62,62,62,62,62,62,62,62,62,62,62,62,59,59,59,59],"card_choices":[{"not_picked":["Glass Knife","A Thousand Cuts"],"picked":"After Image","floor":0.0},{"not_picked":["Finisher","Deflect"],"picked":"Backflip","floor":1.0},{"not_picked":["Outmaneuver","Blur"],"picked":"PiercingWail","floor":2.0},{"not_picked":["Calculated Gamble","Blade Dance"],"picked":"Dagger Spray","floor":4.0},{"not_picked":["Quick Slash","Outmaneuver"],"picked":"Prepared","floor":5.0},{"not_picked":["Sucker Punch","Choke"],"picked":"Footwork","floor":7.0},{"not_picked":["Burst","Heel Hook"],"picked":"Flying Knee","floor":8.0},{"not_picked":["Sucker Punch","Bane"],"picked":"Masterful Stab","floor":13.0},{"not_picked":["Bane+1","Underhanded Strike","Flying Knee"],"picked":"SKIP","floor":18.0},{"not_picked":["Bouncing Flask","Infinite Blades+1"],"picked":"All Out Attack","floor":19.0},{"not_picked":["Masterful Stab","Unload","Bane+1"],"picked":"SKIP","floor":23.0},{"not_picked":["Endless Agony","Poisoned Stab"],"picked":"Cloak And Dagger","floor":24.0},{"not_picked":["Backflip","Bouncing Flask+1"],"picked":"Dagger Throw+1","floor":25.0},{"not_picked":["Prepared+1","Blade Dance+1"],"picked":"Footwork","floor":34.0},{"not_picked":["Quick Slash","Dodge and Roll"],"picked":"PiercingWail","floor":34.0},{"not_picked":["Cloak And Dagger","Bane"],"picked":"Dash+1","floor":34.0},{"not_picked":["Outmaneuver","Tactician"],"picked":"Footwork","floor":34.0},{"not_picked":["Predator+1","Reflex"],"picked":"Doppelganger","floor":34.0},{"not_picked":["Prepared+1","Sucker Punch"],"picked":"Dagger Spray+1","floor":35.0},{"not_picked":["Poisoned Stab","Backflip","Escape Plan+1"],"picked":"SKIP","floor":36.0},{"not_picked":["Discovery","Jack Of All Trades"],"picked":"Sadistic Nature","floor":37.0},{"not_picked":["Deadly Poison","Dodge and Roll"],"picked":"Backflip+1","floor":40.0}],"player_experience":48062,"relics_obtained":[{"floor":9.0,"key":"Tingsha"},{"floor":22.0,"key":"War Paint"},{"floor":23.0,"key":"Centennial Puzzle"},{"floor":26.0,"key":"Paper Crane"}],"event_choices":[{"damage_healed":0.0,"max_hp_gain":0.0,"max_hp_loss":5.0,"gold_gain":0.0,"event_name":"Golden Idol","player_choice":"Lose Max HP","floor":3.0,"gold_loss":0.0,"damage_taken":0.0,"relics_obtained":["Golden Idol"]},{"damage_healed":0.0,"max_hp_gain":0.0,"max_hp_loss":0.0,"gold_gain":0.0,"event_name":"Liars Game","player_choice":"Ignored","floor":11.0,"gold_loss":0.0,"damage_taken":0.0},{"damage_healed":0.0,"max_hp_gain":0.0,"max_hp_loss":0.0,"gold_gain":0.0,"event_name":"Scrap Ooze","player_choice":"Success","floor":14.0,"gold_loss":0.0,"damage_taken":18.0,"relics_obtained":["The Specimen"]},{"damage_healed":0.0,"max_hp_gain":0.0,"max_hp_loss":0.0,"gold_gain":0.0,"event_name":"Addict","player_choice":"Stole Relic","floor":20.0,"gold_loss":0.0,"damage_taken":0.0,"relics_obtained":["Peace Pipe"],"cards_obtained":["Shame"]},{"damage_healed":0.0,"max_hp_gain":0.0,"max_hp_loss":0.0,"gold_gain":0.0,"event_name":"The Mausoleum","player_choice":"Opened","floor":21.0,"gold_loss":0.0,"damage_taken":0.0,"relics_obtained":["Ancient Tea Set"]},{"damage_healed":0.0,"max_hp_gain":0.0,"max_hp_loss":0.0,"gold_gain":0.0,"event_name":"The Library","player_choice":"Read","floor":27.0,"gold_loss":0.0,"damage_taken":0.0,"cards_obtained":["Malaise"]},{"damage_healed":0.0,"max_hp_gain":0.0,"max_hp_loss":0.0,"gold_gain":0.0,"event_name":"Forgotten Altar","player_choice":"Gave Idol","floor":30.0,"relics_lost":["Golden Idol"],"gold_loss":0.0,"damage_taken":0.0,"relics_obtained":["Bloody Idol"]},{"damage_healed":0.0,"max_hp_gain":0.0,"max_hp_loss":0.0,"gold_gain":0.0,"event_name":"SensoryStone","player_choice":"Memory 1","floor":37.0,"gold_loss":0.0,"damage_taken":0.0},{"damage_healed":0.0,"max_hp_gain":0.0,"max_hp_loss":3.0,"gold_gain":0.0,"event_name":"Winding Halls","player_choice":"Max HP","floor":38.0,"gold_loss":0.0,"damage_taken":0.0},{"damage_healed":0.0,"max_hp_gain":0.0,"max_hp_loss":0.0,"gold_gain":0.0,"event_name":"Tomb of Lord Red Mask","player_choice":"Paid","floor":39.0,"gold_loss":162.0,"damage_taken":0.0,"relics_obtained":["Red Mask"]}],"is_beta":false,"boss_relics":[{"not_picked":["Black Star","Empty Cage"],"picked":"Philosopher\u0027s Stone"},{"not_picked":["Coffee Dripper","Snecko Eye"],"picked":"Orrery"}],"items_purged_floors":[10,28],"is_endless":false,"potions_floor_spawned":[4,13,16,18,23,33,40],"killed_by":"Giant Head","ascension_level":0}