{"gold_per_floor":[113,127,127,127,127,159,176,176,176,64,64,83,102,52,52,152,152,170,33,50,61,61,61],"floor_reached":23,"playtime":828,"items_purged":["Strike_G","Strike_G"],"score":263,"play_id":"2aac69aa-5c16-42ae-b06b-310231f99baf","local_time":"20181016140900","is_ascension_mode":true,"campfire_choices":[{"data":"Cloak And Dagger","floor":8,"key":"SMITH"},{"data":"Neutralize","floor":11,"key":"SMITH"},{"data":"Blade Dance","floor":15,"key":"SMITH"}],"neow_cost":"NONE","seed_source_timestamp":557137120030525,"circlet_count":0,"master_deck":["Defend_G","Defend_G","Defend_G+1","Defend_G","Strike_G","Strike_G","Strike_G","Survivor","Neutralize+1","Footwork+1","Cloak And Dagger+1","Choke+1","Finisher+1","Blade Dance+1","Terror","Storm of Steel","Cloak And Dagger","Finisher+1","Quick Slash+1","Acrobatics"],"relics":["Ring of the Serpent","NeowsBlessing","Pear","Molten Egg 2","Shuriken"],"potions_floor_usage":[23],"damage_taken":[{"damage":0,"enemies":"Small Slimes","floor":1,"turns":1},{"damage":0,"enemies":"2 Louse","floor":2,"turns":1},{"damage":0,"enemies":"3 Sentries","floor":6,"turns":1},{"damage":0,"enemies":"Jaw Worm","floor":7,"turns":5},{"damage":9,"enemies":"2 Fungi Beasts","floor":12,"turns":2},{"damage":0,"enemies":"Large Slime","floor":13,"turns":6},{"damage":3,"enemies":"Slime Boss","floor":16,"turns":7},{"damage":6,"enemies":"3 Byrds","floor":18,"turns":4},{"damage":8,"enemies":"Shell Parasite","floor":20,"turns":3},{"damage":22,"enemies":"Sentry and Sphere","floor":21,"turns":4},{"damage":52,"enemies":"Slavers","floor":23,"turns":4}],"seed_played":"-8108663189507955085","potions_obtained":[{"floor":6,"key":"Ancient Potion"},{"floor":12,"key":"Dexterity Potion"}],"is_trial":false,"path_per_floor":["M","M","?","T","?","E","M","R","T","$","R","M","M","?","R","B",null,"M","$","M","M","?"],"character_chosen":"THE_SILENT","items_purchased":["Finisher+1","Finisher+1"],"campfire_rested":0,"item_purchase_floors":[10,19],"current_hp_per_floor":[70,70,56,66,71,71,71,71,71,71,71,62,62,62,62,59,85,79,79,71,49,49,0],"gold":61,"neow_bonus":"THREE_ENEMY_KILL","is_prod":false,"is_daily":false,"chose_seed":false,"campfire_upgraded":3,"win_rate":0,"timestamp":1539713340,"path_taken":["M","M","?","?","?","E","M","R","T","$","R","?","M","?","R","BOSS","M","$","?","M","?","E"],"build_version":"2018-10-11","purchased_purges":2,"victory":false,"max_hp_per_floor":[70,70,70,80,85,85,85,85,85,85,85,85,85,85,85,85,85,85,85,85,85,85,85],"card_choices":[{"not_picked":["PiercingWail","Calculated Gamble"],"picked":"Footwork","floor":1},{"not_picked":["Underhanded Strike","Backflip"],"picked":"Cloak And Dagger","floor":2},{"not_picked":["Underhanded Strike","Slice","Poisoned Stab"],"picked":"SKIP","floor":6},{"not_picked":["Reflex","Prepared"],"picked":"Choke+1","floor":7},{"not_picked":["Poisoned Stab+1","Riddle With Holes+1"],"picked":"Blade Dance","floor":12},{"not_picked":["Deadly Poison","Dagger Spray+1"],"picked":"Terror","floor":13},{"not_picked":["Grand Finale+1","A Thousand Cuts"],"picked":"Storm of Steel","floor":16},{"not_picked":["Underhanded Strike+1","Dash+1"],"picked":"Cloak And Dagger","floor":18},{"not_picked":["Noxious Fumes+1","Underhanded Strike+1"],"picked":"Quick Slash+1","floor":20},{"not_picked":["Finisher+1","Crippling Poison+1"],"picked":"Acrobatics","floor":21}],"player_experience":627270,"relics_obtained":[{"floor":4,"key":"Pear"},{"floor":6,"key":"Molten Egg 2"},{"floor":9,"key":"Shuriken"}],"event_choices":[{"event_name":"Shining Light","player_choice":"Entered Light","floor":3,"damage_taken":0},{"event_name":"Big Fish","player_choice":"Donut","floor":5,"damage_taken":0},{"event_name":"The Cleric","player_choice":"Card Removal","floor":14,"damage_taken":0}],"is_beta":false,"boss_relics":[{"not_picked":["Philosopher\u0027s Stone","Lizard Tail"],"picked":"Ring of the Serpent"}],"items_purged_floors":[10,19],"is_endless":false,"potions_floor_spawned":[6,12],"killed_by":"Slavers","ascension_level":2}