{"gold_per_floor":[112,112,123,123,134,134,59,59,86,115,135,151,165,177,177,279,279,292,292,292,292,311,311,330,330,353,278,23,42,42,42],"floor_reached":31,"playtime":1946,"items_purged":[],"score":321,"play_id":"27e7293c-66bf-40dc-b2d9-2ce70dc5ac3d","local_time":"20181209140725","is_ascension_mode":true,"campfire_choices":[{"data":"Neutralize","floor":6,"key":"SMITH"},{"floor":15,"key":"REST"},{"data":"Noxious Fumes","floor":23,"key":"SMITH"},{"data":"Catalyst","floor":25,"key":"SMITH"}],"neow_cost":"NONE","seed_source_timestamp":1352399294181177,"circlet_count":0,"master_deck":["Defend_G","Defend_G","Defend_G","Defend_G","Defend_G","Strike_G","Strike_G","Strike_G","Strike_G","Strike_G","Survivor","Neutralize+1","Poisoned Stab","Catalyst+1","Crippling Poison","Blur","Well Laid Plans","Leg Sweep","All Out Attack","PiercingWail","Bullet Time","Noxious Fumes+1","Ghostly","Ghostly","Ghostly","Ghostly","Ghostly","Escape Plan+1","Backflip","Envenom"],"relics":["Ring of the Snake","NeowsBlessing","Potion Belt","Bag of Preparation","Blue Candle","Runic Dome","Omamori","Gremlin Horn"],"potions_floor_usage":[2,2,10,10,12,29],"damage_taken":[{"damage":0,"enemies":"Jaw Worm","floor":1,"turns":1},{"damage":0,"enemies":"Cultist","floor":3,"turns":1},{"damage":0,"enemies":"2 Louse","floor":5,"turns":1},{"damage":44,"enemies":"Gremlin Nob","floor":10,"turns":6},{"damage":13,"enemies":"Exordium Thugs","floor":11,"turns":5},{"damage":7,"enemies":"3 Louse","floor":12,"turns":5},{"damage":3,"enemies":"Red Slaver","floor":13,"turns":4},{"damage":5,"enemies":"Looter","floor":14,"turns":4},{"damage":23,"enemies":"The Guardian","floor":16,"turns":16},{"damage":22,"enemies":"3 Byrds","floor":18,"turns":6},{"damage":3,"enemies":"Shell Parasite","floor":22,"turns":6},{"damage":4,"enemies":"Snake Plant","floor":24,"turns":7},{"damage":1,"enemies":"Centurion and Healer","floor":29,"turns":8},{"damage":34,"enemies":"Book of Stabbing","floor":31,"turns":7}],"seed_played":"5025054934331121325","potions_obtained":[{"floor":2,"key":"Fruit Juice"},{"floor":2,"key":"Fruit Juice"},{"floor":2,"key":"Block Potion"},{"floor":3,"key":"Weak Potion"},{"floor":5,"key":"Strength Potion"},{"floor":11,"key":"SkillPotion"},{"floor":22,"key":"SteroidPotion"},{"floor":24,"key":"EssenceOfSteel"}],"is_trial":false,"path_per_floor":["M","?","M","?","M","R","$","?","T","E","M","M","M","M","R","B",null,"M","?","?","?","M","R","M","R","T","?","$","M","$","E"],"character_chosen":"THE_SILENT","items_purchased":["Blur","Gremlin Horn"],"campfire_rested":1,"item_purchase_floors":[7,28],"current_hp_per_floor":[70,80,80,80,80,80,80,80,80,36,23,16,13,8,32,9,62,40,40,40,40,37,37,33,33,33,33,33,32,32,0],"gold":42,"neow_bonus":"THREE_ENEMY_KILL","is_prod":false,"is_daily":false,"chose_seed":false,"campfire_upgraded":3,"win_rate":0,"timestamp":1544382445,"path_taken":["M","?","?","?","M","R","$","?","T","E","M","M","M","M","R","BOSS","M","?","?","?","M","R","?","R","T","?","$","M","?","E"],"build_version":"2018-12-06","purchased_purges":0,"victory":false,"max_hp_per_floor":[70,80,80,80,80,80,80,80,80,80,80,80,80,80,80,80,80,80,80,40,40,40,40,40,40,40,40,40,40,40,40],"card_choices":[{"not_picked":["Infinite Blades","PiercingWail"],"picked":"Poisoned Stab","floor":1},{"not_picked":["Backflip","Blade Dance"],"picked":"Catalyst","floor":3},{"not_picked":["Blade Dance","Outmaneuver"],"picked":"Crippling Poison","floor":5},{"not_picked":["Acrobatics","Storm of Steel"],"picked":"Well Laid Plans","floor":10},{"not_picked":["Bane","Deflect"],"picked":"Leg Sweep","floor":11},{"not_picked":["Cloak And Dagger","Slice"],"picked":"All Out Attack","floor":12},{"not_picked":["Slice","Underhanded Strike"],"picked":"PiercingWail","floor":13},{"not_picked":["Quick Slash","Blade Dance","Tactician"],"picked":"SKIP","floor":14},{"not_picked":["Storm of Steel","A Thousand Cuts"],"picked":"Bullet Time","floor":16},{"not_picked":["Concentrate","Prepared"],"picked":"Noxious Fumes","floor":18},{"not_picked":["Skewer","Underhanded Strike+1"],"picked":"Escape Plan+1","floor":22},{"not_picked":["Concentrate","Quick Slash"],"picked":"Backflip","floor":24},{"not_picked":["Deflect","Skewer"],"picked":"Envenom","floor":29}],"player_experience":283563,"relics_obtained":[{"floor":9,"key":"Bag of Preparation"},{"floor":10,"key":"Blue Candle"},{"floor":26,"key":"Omamori"}],"event_choices":[{"damage_healed":0,"gold_gain":0,"player_choice":"Got Potions","damage_taken":0,"max_hp_gain":0,"max_hp_loss":0,"event_name":"Lab","floor":2,"gold_loss":0},{"damage_healed":0,"gold_gain":0,"player_choice":"Leave","damage_taken":0,"max_hp_gain":0,"max_hp_loss":0,"event_name":"The Cleric","floor":4,"gold_loss":0},{"damage_healed":0,"gold_gain":0,"player_choice":"Gave Potion","damage_taken":0,"relics_obtained":["Potion Belt"],"max_hp_gain":0,"max_hp_loss":0,"event_name":"WeMeetAgain","floor":8,"gold_loss":0},{"damage_healed":0,"gold_gain":0,"player_choice":"Smashed Altar","damage_taken":0,"max_hp_gain":0,"max_hp_loss":0,"event_name":"Forgotten Altar","floor":19,"gold_loss":0,"cards_obtained":["Decay"]},{"damage_healed":0,"gold_gain":0,"player_choice":"Became a Ghost","damage_taken":0,"max_hp_gain":0,"max_hp_loss":40,"event_name":"Ghosts","floor":20,"gold_loss":0,"cards_obtained":["Ghostly","Ghostly","Ghostly","Ghostly","Ghostly"]},{"damage_healed":0,"gold_gain":0,"player_choice":"Ignored","damage_taken":0,"max_hp_gain":0,"max_hp_loss":0,"event_name":"N\u0027loth","floor":21,"gold_loss":0},{"cards_removed":["Decay"],"damage_healed":0,"gold_gain":0,"player_choice":"Gave Gold","damage_taken":0,"max_hp_gain":0,"max_hp_loss":0,"event_name":"Beggar","floor":27,"gold_loss":75}],"is_beta":false,"boss_relics":[{"not_picked":["Empty Cage","Ectoplasm"],"picked":"Runic Dome"}],"items_purged_floors":[],"is_endless":false,"potions_floor_spawned":[3,5,11,22,24],"killed_by":"Book of Stabbing","ascension_level":5}