{"gold_per_floor":[117,117,130,130,148,182,182,197,223,242,242,242,242,260,260,358,358,373,153,170,170,170,170,170,170,249,4,34,75,87,99,111,219,231,258,270,294,306,334,346,375,387,399,422,446,458,470,511,523,535],"floor_reached":51,"playtime":3567,"items_purged":["Defend_G","Strike_G+1"],"score":695,"play_id":"4fd0feb6-e404-43ad-8305-c4cb39bdc519","local_time":"20180915212808","is_ascension_mode":false,"campfire_choices":[{"data":"After Image","floor":7.0,"key":"SMITH"},{"data":"Neutralize","floor":11,"key":"SMITH"},{"data":"Adrenaline","floor":15,"key":"SMITH"},{"data":"Backflip","floor":23,"key":"SMITH"},{"data":"RitualDagger","floor":25,"key":"SMITH"},{"data":"Terror","floor":30,"key":"SMITH"},{"data":"Well Laid Plans","floor":32,"key":"SMITH"},{"floor":40,"key":"REST"},{"data":"Tools of the Trade","floor":42,"key":"SMITH"},{"floor":47,"key":"REST"},{"data":"Backstab","floor":49,"key":"SMITH"}],"neow_cost":"","seed_source_timestamp":0,"circlet_count":0,"master_deck":["Defend_G+1","Defend_G+1","Defend_G+1","Strike_G+1","Strike_G+1","Strike_G+1","Survivor+1","Neutralize+1","Slice+1","Sucker Punch+1","After Image+1","Adrenaline+1","Backflip+1","Slice+1","Flying Knee+1","Die Die Die+1","Infinite Blades+1","RitualDagger+1","Terror+1","Well Laid Plans+1","Adrenaline+1","Prepared+1","Dodge and Roll+1","Tools of the Trade+1","Blade Dance+1","Backstab+1"],"special_seed":0,"relics":["Ring of the Serpent","Lantern","Pen Nib","Anchor","Blood Vial","Mercury Hourglass","MawBank","Question Card","WristBlade","Mark of the Bloom","Ornamental Fan","Paper Crane"],"potions_floor_usage":[50],"damage_taken":[{"damage":2.0,"enemies":"Small Slimes","floor":1.0,"turns":6.0},{"damage":1.0,"enemies":"Cultist","floor":3.0,"turns":4.0},{"damage":0.0,"enemies":"Jaw Worm","floor":5.0,"turns":3.0},{"damage":7.0,"enemies":"Gremlin Nob","floor":6.0,"turns":5.0},{"damage":0.0,"enemies":"Gremlin Gang","floor":8.0,"turns":6.0},{"damage":3.0,"enemies":"3 Louse","floor":10.0,"turns":3.0},{"damage":0,"enemies":"Large Slime","floor":14,"turns":5},{"damage":42,"enemies":"Hexaghost","floor":16,"turns":14},{"damage":0,"enemies":"Chosen","floor":18,"turns":4},{"damage":0,"enemies":"Spheric Guardian","floor":20,"turns":3},{"damage":8,"enemies":"3 Cultists","floor":28,"turns":4},{"damage":8,"enemies":"Book of Stabbing","floor":29,"turns":6},{"damage":32,"enemies":"Collector","floor":33,"turns":9},{"damage":0,"enemies":"Orb Walker","floor":35,"turns":2},{"damage":0,"enemies":"3 Darklings","floor":37,"turns":3},{"damage":0,"enemies":"4 Shapes","floor":39,"turns":5},{"damage":0,"enemies":"Reptomancer","floor":41,"turns":4},{"damage":0,"enemies":"Spire Growth","floor":44,"turns":3},{"damage":5,"enemies":"3 Darklings","floor":45,"turns":2},{"damage":3,"enemies":"2 Orb Walkers","floor":48,"turns":3},{"damage":16,"enemies":"Donu and Deca","floor":50,"turns":7}],"seed_played":"6137319157082850404","potions_obtained":[{"floor":1.0,"key":"GhostInAJar"},{"floor":6.0,"key":"Energy Potion"},{"floor":16,"key":"Swift Potion"},{"floor":44,"key":"GhostInAJar"}],"is_trial":false,"path_per_floor":["M","?","M","?","M","E","R","M","T","M","R","$","?","M","R","B",null,"M","$","M","?","?","R","?","R","T","$","M","E","R","?","R","B",null,"M","?","M","?","M","R","M","R","T","M","M","?","R","E","R","B"],"character_chosen":"THE_SILENT","items_purchased":["Blood Vial","MawBank"],"campfire_rested":2,"item_purchase_floors":[19,27],"current_hp_per_floor":[68,61,60,57,57,50,50,50,50,47,47,47,52,52,52,10,75,75,75,75,61,61,61,55,55,55,55,49,43,43,43,43,13,80,80,80,80,80,80,80,80,80,80,80,75,75,75,72,72,56],"gold":547,"neow_bonus":"","is_prod":false,"is_daily":false,"chose_seed":false,"campfire_upgraded":9,"win_rate":0,"timestamp":1537014488,"path_taken":["M","?","?","?","M","E","R","M","T","M","R","$","?","M","R","BOSS","M","$","?","?","?","R","?","R","T","$","M","E","R","?","R","BOSS","M","?","?","?","M","R","M","R","T","?","M","?","R","E","R","BOSS"],"build_version":"2018-09-06","purchased_purges":2,"victory":true,"max_hp_per_floor":[70,70,70,70,70,70,70,70,70,70,70,70,75,75,75,75,75,75,75,75,80,80,80,80,80,80,80,80,80,80,80,80,80,80,80,80,80,80,80,80,80,80,80,80,80,80,80,80,80,80],"card_choices":[{"not_picked":["PiercingWail","Skewer"],"picked":"Slice","floor":1.0},{"not_picked":["Crippling Poison","Deflect"],"picked":"Sucker Punch","floor":3.0},{"not_picked":["Dagger Throw","Bane"],"picked":"After Image","floor":5.0},{"not_picked":["Calculated Gamble","Dagger Throw"],"picked":"Adrenaline","floor":6.0},{"not_picked":["Outmaneuver","Tactician"],"picked":"Backflip","floor":8.0},{"not_picked":["All Out Attack","Leg Sweep"],"picked":"Slice","floor":10},{"not_picked":["Poisoned Stab","Prepared"],"picked":"Flying Knee","floor":14},{"not_picked":["Phantasmal Killer","Glass Knife"],"picked":"Die Die Die","floor":16},{"not_picked":["Acrobatics","Deflect"],"picked":"Riddle With Holes","floor":18},{"not_picked":["Setup","Deadly Poison"],"picked":"Infinite Blades+1","floor":20},{"not_picked":["Deadly Poison","Noxious Fumes"],"picked":"Terror","floor":28},{"not_picked":["Caltrops","Flying Knee+1"],"picked":"Well Laid Plans","floor":29},{"not_picked":["Doppelganger","Storm of Steel","Night Terror"],"picked":"Adrenaline","floor":33},{"not_picked":["Deflect","Skewer","Terror"],"picked":"Prepared+1","floor":35},{"not_picked":["Quick Slash","Deflect","Dagger Throw+1"],"picked":"Dodge and Roll+1","floor":37},{"not_picked":["Underhanded Strike+1","Leg Sweep","Sucker Punch+1","Quick Slash+1"],"picked":"SKIP","floor":39},{"not_picked":["Flying Knee","Poisoned Stab","All Out Attack+1"],"picked":"Tools of the Trade","floor":41},{"not_picked":["Sucker Punch","Outmaneuver+1","Footwork","Distraction"],"picked":"SKIP","floor":44},{"not_picked":["Poisoned Stab","Underhanded Strike+1","Quick Slash"],"picked":"Blade Dance+1","floor":45},{"not_picked":["Blade Dance","Unload","Acrobatics"],"picked":"Backstab","floor":48}],"player_experience":813757,"relics_obtained":[{"floor":6.0,"key":"Pen Nib"},{"floor":9.0,"key":"Anchor"},{"floor":26,"key":"Mercury Hourglass"},{"floor":29,"key":"Question Card"},{"floor":43,"key":"Ornamental Fan"},{"floor":48,"key":"Paper Crane"}],"event_choices":[{"event_name":"Golden Wing","player_choice":"Card Removal","floor":2.0,"damage_taken":0.0},{"event_name":"Scrap Ooze","player_choice":"success","floor":4.0,"damage_taken":3.0},{"event_name":"Big Fish","player_choice":"Donut","floor":13,"damage_taken":0},{"event_name":"Forgotten Altar","player_choice":"Shed Blood","floor":21,"damage_taken":0},{"event_name":"Back to Basics","player_choice":"Simplicity","floor":22,"damage_taken":0},{"event_name":"Nest","player_choice":"Joined the Cult","floor":24,"damage_taken":0},{"event_name":"Ghosts","player_choice":"Ignored","floor":31,"damage_taken":0},{"event_name":"Bonfire Elementals","player_choice":"UNCOMMON","floor":36,"damage_taken":0},{"event_name":"MindBloom","player_choice":"Upgrade","floor":38,"damage_taken":0},{"event_name":"Purifier","player_choice":"One Purge","floor":46,"damage_taken":0}],"is_beta":false,"boss_relics":[{"not_picked":["Empty Cage","Snecko Eye"],"picked":"Ring of the Serpent"},{"not_picked":["Astrolabe","Black Star"],"picked":"WristBlade"}],"items_purged_floors":[19,27],"is_endless":false,"potions_floor_spawned":[1,6,16,18,33,37,41,44,48],"ascension_level":0}