{"gold_per_floor":[110,185,185,110,110,139,139,165,165,165,185,105,124,124,124,195,195,205,205,205,105,125,125,153,164,215,215,215,95,95],"floor_reached":30,"playtime":739,"items_purged":["Defend_R","Strike_R","Writhe","Defend_R"],"score":589,"play_id":"19e43a14-e392-40c3-adc5-51cc5d2d096e","local_time":"20190302230550","is_ascension_mode":true,"campfire_choices":[{"data":"Demon Form","floor":7.0,"key":"SMITH"},{"data":"Bash","floor":10.0,"key":"SMITH"},{"data":"Sword Boomerang","floor":15.0,"key":"SMITH"},{"data":"Double Tap","floor":23,"key":"SMITH"},{"data":"Cleave","floor":27,"key":"SMITH"}],"neow_cost":"NONE","seed_source_timestamp":0,"circlet_count":0,"master_deck":["AscendersBane","Strike_R","Strike_R+1","Strike_R","Strike_R","Defend_R","Defend_R","Bash+1","Shrug It Off+1","Demon Form+1","Sword Boomerang+1","Warcry","Headbutt","Double Tap+1","Cleave+1","Spot Weakness+1"],"special_seed":0,"relics":["Burning Blood","NeowsBlessing","The Courier","Bronze Scales","Meat on the Bone","Orichalcum","FaceOfCleric","Velvet Choker","Omamori","Mercury Hourglass","Juzu Bracelet","Nilry\u0027s Codex"],"potions_floor_usage":[24,24,30],"damage_taken":[{"damage":0.0,"enemies":"Jaw Worm","floor":1.0,"turns":1.0},{"damage":0.0,"enemies":"3 Sentries","floor":6.0,"turns":2.0},{"damage":0.0,"enemies":"Gremlin Nob","floor":8.0,"turns":1.0},{"damage":4.0,"enemies":"Small Slimes","floor":11.0,"turns":2.0},{"damage":1.0,"enemies":"2 Louse","floor":13.0,"turns":2.0},{"damage":24.0,"enemies":"Hexaghost","floor":16.0,"turns":4.0},{"damage":6,"enemies":"Chosen","floor":18,"turns":3},{"damage":27,"enemies":"Shell Parasite","floor":22,"turns":4},{"damage":36,"enemies":"Book of Stabbing","floor":24,"turns":4},{"damage":0,"enemies":"Cultist and Chosen","floor":25,"turns":3},{"damage":34,"enemies":"Slavers","floor":30,"turns":2}],"seed_played":"-3848886377266854910","potions_obtained":[{"floor":8.0,"key":"AttackPotion"},{"floor":11.0,"key":"Swift Potion"},{"floor":16.0,"key":"LiquidBronze"},{"floor":20,"key":"AttackPotion"},{"floor":20,"key":"PowerPotion"},{"floor":25,"key":"Ancient Potion"}],"is_trial":false,"path_per_floor":["M","?","?","$","T","E","R","E","T","R","M","$","M","?","R","B",null,"M","?","?","$","M","R","E","M","T","R","?","$","E"],"character_chosen":"IRONCLAD","items_purchased":[],"campfire_rested":0,"item_purchase_floors":[],"current_hp_per_floor":[74,63,40,40,40,46,46,52,52,52,54,54,59,59,59,54,71,72,72,72,72,52,52,35,54,54,54,33,33,0],"gold":95,"neow_bonus":"THREE_ENEMY_KILL","is_prod":false,"is_daily":false,"chose_seed":false,"campfire_upgraded":5,"win_rate":0,"timestamp":1551535550,"path_taken":["M","?","?","$","?","E","R","E","T","R","M","$","M","?","R","BOSS","M","?","?","$","?","R","E","M","T","R","?","$","E"],"build_version":"2019-01-23","purchased_purges":4,"victory":false,"max_hp_per_floor":[75,75,75,75,75,75,75,75,75,75,75,75,75,75,75,76,76,77,77,77,77,78,78,79,80,80,80,80,80,80],"card_choices":[{"not_picked":["Heavy Blade","Wild Strike"],"picked":"Shrug It Off","floor":1.0},{"not_picked":["Body Slam","Perfected Strike"],"picked":"Demon Form","floor":6.0},{"not_picked":["Double Tap","Iron Wave"],"picked":"Sword Boomerang","floor":8.0},{"not_picked":["Wild Strike","Combust"],"picked":"Warcry","floor":11.0},{"not_picked":["Wild Strike","Iron Wave"],"picked":"Headbutt","floor":13.0},{"not_picked":["Offering","Dark Embrace"],"picked":"Double Tap","floor":16.0},{"not_picked":["Body Slam","Flex"],"picked":"Cleave","floor":18},{"not_picked":["Rage","Shrug It Off","Seeing Red+1"],"picked":"SKIP","floor":22},{"not_picked":["Iron Wave","Rampage"],"picked":"Spot Weakness+1","floor":24},{"not_picked":["Shrug It Off","Disarm","Clothesline"],"picked":"SKIP","floor":25}],"player_experience":1010935,"relics_obtained":[{"floor":5.0,"key":"The Courier"},{"floor":6.0,"key":"Bronze Scales"},{"floor":8.0,"key":"Meat on the Bone"},{"floor":9.0,"key":"Orichalcum"},{"floor":24,"key":"Mercury Hourglass"},{"floor":26,"key":"Juzu Bracelet"},{"floor":28,"key":"Nilry\u0027s Codex"}],"event_choices":[{"damage_healed":0.0,"max_hp_gain":0.0,"max_hp_loss":0.0,"gold_gain":75.0,"event_name":"World of Goop","player_choice":"Gather Gold","floor":2.0,"gold_loss":0.0,"damage_taken":11.0},{"damage_healed":0.0,"max_hp_gain":0.0,"max_hp_loss":0.0,"gold_gain":0.0,"event_name":"Shining Light","player_choice":"Entered Light","floor":3.0,"gold_loss":0.0,"damage_taken":23.0,"cards_upgraded":["Shrug It Off","Strike_R"]},{"damage_healed":0.0,"max_hp_gain":0.0,"max_hp_loss":0.0,"gold_gain":0.0,"event_name":"FaceTrader","player_choice":"Trade","floor":14.0,"gold_loss":0.0,"damage_taken":0.0,"relics_obtained":["FaceOfCleric"]},{"damage_healed":0,"gold_gain":0,"player_choice":"Opened","damage_taken":0,"relics_obtained":["Omamori"],"max_hp_gain":0,"max_hp_loss":0,"event_name":"The Mausoleum","floor":19,"gold_loss":0,"cards_obtained":["Writhe"]},{"damage_healed":0,"gold_gain":0,"player_choice":"Got Potions","damage_taken":0,"max_hp_gain":0,"max_hp_loss":0,"event_name":"Lab","floor":20,"gold_loss":0},{"damage_healed":0,"gold_gain":0,"player_choice":"Obtained Book","damage_taken":21,"max_hp_gain":0,"max_hp_loss":0,"event_name":"Cursed Tome","floor":28,"gold_loss":0}],"is_beta":false,"boss_relics":[{"not_picked":["Orrery","Mark of Pain"],"picked":"Velvet Choker"}],"items_purged_floors":[4,12,21,29],"is_endless":false,"potions_floor_spawned":[8,11,13,16,25],"killed_by":"Slavers","ascension_level":19}