{"gold_per_floor":[114,124,140,101,119,119,151,151,206,206,206,229,7,20,20,116,116,139,159,59,74,99,99,198,198,221,221,256,256,272,272,272,272],"floor_reached":33,"playtime":2156,"items_purged":["Strike_B","Strike_B"],"score":539,"play_id":"e3507fa2-68a2-45ae-88f4-9a0cae80b41d","local_time":"20190225000752","is_ascension_mode":true,"campfire_choices":[{"data":"Zap","floor":6,"key":"SMITH"},{"floor":11,"key":"REST"},{"floor":15,"key":"REST"},{"floor":23,"key":"REST"},{"floor":25,"key":"REST"},{"data":"Biased Cognition","floor":27,"key":"SMITH"},{"floor":29,"key":"REST"},{"floor":32,"key":"REST"}],"neow_cost":"NONE","seed_source_timestamp":166690970240000,"circlet_count":0,"master_deck":["AscendersBane","Strike_B","Strike_B","Defend_B","Defend_B","Defend_B","Defend_B","Zap+1","Dualcast","Ball Lightning","Sunder","Coolheaded","Leap","Lockon","Biased Cognition+1","Chill","Undo","Conserve Battery","Ball Lightning","Core Surge","Hologram"],"relics":["Cracked Core","Golden Idol","Pen Nib","DataDisk","Black Star","Omamori","Centennial Puzzle","Ginger","Necronomicon"],"potions_floor_usage":[5,7,14,16,21,21,21,33,33,33,33],"damage_taken":[{"damage":2,"enemies":"2 Louse","floor":1,"turns":3},{"damage":7,"enemies":"Jaw Worm","floor":2,"turns":3},{"damage":0,"enemies":"Small Slimes","floor":3,"turns":3},{"damage":8,"enemies":"Blue Slaver","floor":5,"turns":2},{"damage":34,"enemies":"Gremlin Nob","floor":7,"turns":4},{"damage":0,"enemies":"2 Fungi Beasts","floor":12,"turns":3},{"damage":16,"enemies":"Exordium Thugs","floor":14,"turns":4},{"damage":0,"enemies":"Slime Boss","floor":16,"turns":7},{"damage":14,"enemies":"Shell Parasite","floor":18,"turns":6},{"damage":0,"enemies":"Spheric Guardian","floor":19,"turns":3},{"damage":30,"enemies":"Centurion and Healer","floor":21,"turns":14},{"damage":15,"enemies":"Snake Plant","floor":22,"turns":5},{"damage":22,"enemies":"Slavers","floor":28,"turns":9},{"damage":10,"enemies":"3 Cultists","floor":30,"turns":5},{"damage":45,"enemies":"Automaton","floor":33,"turns":10}],"seed_played":"3117619382179186322","potions_obtained":[{"floor":0,"key":"Poison Potion"},{"floor":0,"key":"Dexterity Potion"},{"floor":5,"key":"Ancient Potion"},{"floor":7,"key":"PowerPotion"},{"floor":16,"key":"EssenceOfSteel"},{"floor":18,"key":"EntropicBrew"},{"floor":28,"key":"EntropicBrew"}],"is_trial":false,"path_per_floor":["M","M","M","?","M","R","E","?","T","?","R","M","$","M","R","B",null,"M","M","$","M","M","R","?","R","T","R","E","R","M","?","R","B"],"character_chosen":"DEFECT","items_purchased":["DataDisk"],"campfire_rested":6,"item_purchase_floors":[13],"current_hp_per_floor":[62,55,55,55,47,47,13,13,13,13,34,34,34,18,39,39,63,49,49,49,19,4,25,25,46,46,46,24,45,35,19,40,0],"gold":272,"neow_bonus":"THREE_SMALL_POTIONS","is_prod":false,"is_daily":false,"chose_seed":false,"campfire_upgraded":2,"win_rate":0,"timestamp":1551071272,"path_taken":["M","M","M","?","M","R","E","?","T","?","R","M","?","?","R","BOSS","M","M","$","M","M","R","?","R","T","R","E","R","M","?","R","BOSS"],"build_version":"2019-01-23","purchased_purges":2,"victory":false,"max_hp_per_floor":[71,71,71,71,71,71,71,71,71,71,71,71,71,71,71,71,71,71,71,71,71,71,71,71,71,71,71,71,71,71,71,71,71],"card_choices":[{"not_picked":["Compile Driver","Coolheaded"],"picked":"Ball Lightning","floor":1},{"not_picked":["Skim","Tempest"],"picked":"Sunder","floor":2},{"not_picked":["Barrage","Storm","Fusion"],"picked":"SKIP","floor":3},{"not_picked":["Barrage","Turbo"],"picked":"Coolheaded","floor":5},{"not_picked":["Redo","Streamline","Rebound"],"picked":"SKIP","floor":7},{"not_picked":["Rebound","Skim"],"picked":"Leap","floor":12},{"not_picked":["Streamline","Ball Lightning"],"picked":"Lockon","floor":14},{"not_picked":["All For One","Hyperbeam"],"picked":"Biased Cognition","floor":16},{"not_picked":["Scrape","Rip and Tear"],"picked":"Chill","floor":18},{"not_picked":["Hologram","Go for the Eyes"],"picked":"Undo","floor":19},{"not_picked":["Coolheaded","Recycle"],"picked":"Conserve Battery","floor":21},{"not_picked":["Undo","Hello World"],"picked":"Ball Lightning","floor":22},{"not_picked":["Go for the Eyes","Gash"],"picked":"Core Surge","floor":28},{"not_picked":["Ball Lightning","Reprogram"],"picked":"Hologram","floor":30}],"player_experience":1330942,"relics_obtained":[{"floor":9,"key":"Pen Nib"},{"floor":26,"key":"Omamori"},{"floor":28,"key":"Centennial Puzzle"},{"floor":28,"key":"Ginger"},{"floor":31,"key":"Necronomicon"}],"event_choices":[{"damage_healed":0,"gold_gain":0,"player_choice":"Left Gold","damage_taken":0,"max_hp_gain":0,"max_hp_loss":0,"event_name":"World of Goop","floor":4,"gold_loss":39},{"damage_healed":0,"gold_gain":0,"player_choice":"Take Wound","damage_taken":0,"relics_obtained":["Golden Idol"],"max_hp_gain":0,"max_hp_loss":0,"event_name":"Golden Idol","floor":8,"gold_loss":0,"cards_obtained":["Injury"]},{"cards_removed":["Injury"],"damage_healed":0,"gold_gain":0,"player_choice":"Forget","damage_taken":0,"max_hp_gain":0,"max_hp_loss":0,"event_name":"Living Wall","floor":10,"gold_loss":0},{"damage_healed":0,"gold_gain":99,"player_choice":"Stole From Cult","damage_taken":0,"max_hp_gain":0,"max_hp_loss":0,"event_name":"Nest","floor":24,"gold_loss":0},{"damage_healed":0,"gold_gain":0,"player_choice":"Obtained Book","damage_taken":16,"max_hp_gain":0,"max_hp_loss":0,"event_name":"Cursed Tome","floor":31,"gold_loss":0}],"is_beta":false,"boss_relics":[{"not_picked":["Nuclear Battery","Coffee Dripper"],"picked":"Black Star"}],"items_purged_floors":[13,20],"is_endless":false,"potions_floor_spawned":[5,7,16,18,28],"killed_by":"Automaton","ascension_level":14}