{"gold_per_floor":[113,188,188,188,201,234,234,263,286,2,29,43,43,106,106,236,236,254,254,254,279,279],"floor_reached":22,"playtime":1228,"items_purged":[],"score":317,"play_id":"2908538b-a1b0-4b4b-be9d-d00706986dc8","local_time":"20181222102114","is_ascension_mode":true,"campfire_choices":[{"data":"Neutralize","floor":7,"key":"SMITH"},{"floor":15,"key":"REST"}],"neow_cost":"NONE","seed_source_timestamp":144977406012816,"circlet_count":0,"master_deck":["Defend_G","Defend_G+1","Defend_G","Defend_G","Defend_G","Strike_G","Strike_G","Strike_G","Strike_G+1","Strike_G","Survivor","Neutralize+1","Dagger Spray","Well Laid Plans","Adrenaline","Acrobatics","Blur","Escape Plan","A Thousand Cuts","Storm of Steel","Crippling Poison"],"relics":["Ring of the Snake","NeowsBlessing","Anchor","Bag of Preparation","Blood Vial","Membership Card","Oddly Smooth Stone","Regal Pillow","Golden Idol","Tiny Chest","Snecko Eye","Orichalcum"],"potions_floor_usage":[8,14,14,16,21],"damage_taken":[{"damage":0,"enemies":"2 Louse","floor":1,"turns":2},{"damage":0,"enemies":"Small Slimes","floor":5,"turns":1},{"damage":0,"enemies":"Gremlin Nob","floor":6,"turns":1},{"damage":4,"enemies":"3 Sentries","floor":8,"turns":4},{"damage":26,"enemies":"Lagavulin","floor":11,"turns":7},{"damage":0,"enemies":"Jaw Worm","floor":12,"turns":4},{"damage":29,"enemies":"Gremlin Nob","floor":14,"turns":5},{"damage":21,"enemies":"Slime Boss","floor":16,"turns":13},{"damage":43,"enemies":"Spheric Guardian","floor":18,"turns":6},{"damage":0,"enemies":"Chosen","floor":21,"turns":4},{"damage":20,"enemies":"Centurion and Healer","floor":22,"turns":6}],"seed_played":"4983452163030462457","potions_obtained":[{"floor":1,"key":"PowerPotion"},{"floor":6,"key":"Dexterity Potion"},{"floor":12,"key":"Energy Potion"},{"floor":14,"key":"Weak Potion"},{"floor":18,"key":"Fire Potion"},{"floor":21,"key":"EntropicBrew"}],"is_trial":false,"path_per_floor":["M","?","?","?","M","E","R","E","T","$","E","M","?","E","R","B",null,"M","?","T","M","M"],"character_chosen":"THE_SILENT","items_purchased":["Membership Card","Oddly Smooth Stone"],"campfire_rested":1,"item_purchase_floors":[10,10],"current_hp_per_floor":[63,52,38,61,61,61,61,57,57,57,33,35,35,8,42,23,55,14,14,14,16,0],"gold":279,"neow_bonus":"THREE_ENEMY_KILL","is_prod":false,"is_daily":false,"chose_seed":false,"campfire_upgraded":1,"win_rate":0,"timestamp":1545492074,"path_taken":["M","?","?","?","M","E","R","E","T","$","E","M","?","E","R","BOSS","M","?","?","?","M"],"build_version":"2018-12-20","purchased_purges":0,"victory":false,"max_hp_per_floor":[70,70,70,70,70,70,70,70,70,70,70,70,65,65,65,65,65,65,65,65,65,65],"card_choices":[{"not_picked":["Concentrate","Riddle With Holes"],"picked":"Dagger Spray","floor":1},{"not_picked":["Underhanded Strike","Slice"],"picked":"Well Laid Plans","floor":5},{"not_picked":["Bouncing Flask","Reflex"],"picked":"Adrenaline","floor":6},{"not_picked":["Backflip","Accuracy"],"picked":"Acrobatics","floor":8},{"not_picked":["Night Terror","Acrobatics"],"picked":"Blur","floor":11},{"not_picked":["Underhanded Strike","Dagger Throw"],"picked":"Escape Plan","floor":12},{"not_picked":["Slice","Setup"],"picked":"A Thousand Cuts","floor":14},{"not_picked":["Unload","Envenom"],"picked":"Storm of Steel","floor":16},{"not_picked":["Eviscerate","Poisoned Stab"],"picked":"Crippling Poison","floor":18},{"not_picked":["Deflect","Deadly Poison","Heel Hook"],"picked":"SKIP","floor":21}],"player_experience":335582,"relics_obtained":[{"floor":6,"key":"Anchor"},{"floor":8,"key":"Bag of Preparation"},{"floor":9,"key":"Blood Vial"},{"floor":11,"key":"Regal Pillow"},{"floor":14,"key":"Tiny Chest"},{"floor":20,"key":"Orichalcum"}],"event_choices":[{"damage_healed":0,"gold_gain":75,"player_choice":"Gather Gold","damage_taken":11,"max_hp_gain":0,"max_hp_loss":0,"event_name":"World of Goop","floor":2,"gold_loss":0},{"damage_healed":0,"gold_gain":0,"player_choice":"Entered Light","damage_taken":14,"max_hp_gain":0,"max_hp_loss":0,"event_name":"Shining Light","floor":3,"gold_loss":0,"cards_upgraded":["Defend_G","Strike_G"]},{"damage_healed":23,"gold_gain":0,"player_choice":"Banana","damage_taken":0,"max_hp_gain":0,"max_hp_loss":0,"event_name":"Big Fish","floor":4,"gold_loss":0},{"damage_healed":0,"gold_gain":0,"player_choice":"Lose Max HP","damage_taken":0,"relics_obtained":["Golden Idol"],"max_hp_gain":0,"max_hp_loss":5,"event_name":"Golden Idol","floor":13,"gold_loss":0},{"damage_healed":0,"gold_gain":0,"player_choice":"Ignored","damage_taken":0,"max_hp_gain":0,"max_hp_loss":0,"event_name":"Beggar","floor":19,"gold_loss":0}],"is_beta":false,"boss_relics":[{"not_picked":["Ectoplasm","Runic Pyramid"],"picked":"Snecko Eye"}],"items_purged_floors":[],"is_endless":false,"potions_floor_spawned":[1,6,12,14,18,21],"killed_by":"Centurion and Healer","ascension_level":7}