{"path_per_floor":["M","?","M","?","M","E","M","$","T","M","?","R","M","M","R","B",null,"M","?","M","M","?","M","R","$","T","R","$","R","M","M","R","B",null,"M","?","?","M"],"character_chosen":"IRONCLAD","items_purchased":["Limit Break","Inflame","Shrug It Off","Inflame","Flex","Mind Blast","Anger"],"gold_per_floor":[118,193,207,207,224,249,260,11,35,45,101,101,112,123,123,226,226,209,209,220,237,237,251,251,71,71,71,25,25,45,58,58,159,159,179,179,0,16],"floor_reached":39,"campfire_rested":4,"playtime":2549,"current_hp_per_floor":[80,69,75,75,80,44,35,35,35,29,19,43,39,40,64,44,80,58,58,35,24,24,11,35,35,35,59,59,59,63,61,61,11,80,40,40,40,20],"items_purged":[],"gold":16,"score":412,"play_id":"426a6f54-734a-4d29-bd5d-af0416004482","is_prod":false,"is_daily":false,"is_ascension_mode":false,"campfire_upgraded":2,"path_taken":["M","?","M","?","M","E","M","$","T","?","?","R","?","?","R","BOSS","M","?","M","M","?","?","R","$","T","R","?","R","M","M","R","BOSS","M","?","?","M","M"],"build_version":"2018-02-08-PROD1","purchased_purges":1,"victory":false,"master_deck":["Strike_R","Strike_R","Defend_R","Defend_R","Defend_R","Defend_R","Bash","Armaments","Warcry","Shrug It Off","Anger","Flex","Limit Break+1","Inflame","Shrug It Off","Berserk","Anger","Armaments","Sword Boomerang","Flex","Demon Form","Spot Weakness+1","True Grit+1","Offering+1","Heavy Blade+1","Sword Boomerang+1","Heavy Blade+1","Rage+1","Armaments+1","Inflame","Flex","Mind Blast","Feel No Pain","Anger","Headbutt","Dual Wield","Bludgeon","Flex","Limit Break+1","Anger+1"],"max_hp_per_floor":[80,80,80,80,80,80,80,80,80,80,80,80,80,80,80,80,80,80,80,80,80,80,80,80,80,80,80,80,80,80,80,80,80,80,80,80,80,80],"relics":["Burning Blood","NeowsBlessing","Dream Catcher","Blood Vial","Omamori","Happy Flower","Astrolabe","Gremlin Horn","Eternal Feather","Red Mask"],"card_choices":[{"not_picked":["Clothesline","Pommel Strike"],"picked":"Armaments"},{"not_picked":["Reckless Charge","Corruption"],"picked":"Warcry"},{"not_picked":["Corruption","Clothesline"],"picked":"Shrug It Off"},{"not_picked":["Disarm","Intimidate"],"picked":"Anger"},{"not_picked":["Blood for Blood","Armaments"],"picked":"Flex"},{"not_picked":["True Grit","Power Through"],"picked":"Berserk"},{"not_picked":["True Grit","Havoc"],"picked":"Anger"},{"not_picked":["Perfected Strike","Warcry"],"picked":"Armaments"},{"not_picked":["Sever Soul","True Grit"],"picked":"Sword Boomerang"},{"not_picked":["Anger","Fiend Fire"],"picked":"Flex"},{"not_picked":["Fiend Fire","Limit Break"],"picked":"Demon Form"},{"not_picked":["Fire Breathing","Spot Weakness"],"picked":"Heavy Blade"},{"not_picked":["Spot Weakness","Body Slam"],"picked":"Sword Boomerang"},{"not_picked":["Juggernaut","Iron Wave"],"picked":"Heavy Blade"},{"not_picked":["Disarm","Pommel Strike"],"picked":"Rage"},{"not_picked":["Headbutt","Iron Wave"],"picked":"Armaments"},{"not_picked":["Body Slam","Battle Trance"],"picked":"Feel No Pain"},{"not_picked":["Twin Strike","Rupture"],"picked":"Headbutt"},{"not_picked":["Reckless Charge","Perfected Strike"],"picked":"Dual Wield"},{"not_picked":["Barricade","Brutality"],"picked":"Bludgeon"},{"not_picked":["Combust","Thunderclap"],"picked":"Flex"},{"not_picked":["Warcry","Headbutt"],"picked":"Anger"}],"player_experience":73568,"potions_floor_usage":[6,16,16,33],"damage_taken":[{"damage":0,"enemies":"Cultist","floor":1,"turns":1},{"damage":0,"enemies":"Jaw Worm","floor":3,"turns":1},{"damage":0,"enemies":"Blue Slaver","floor":5,"turns":1},{"damage":42,"enemies":"Lagavulin","floor":6,"turns":7},{"damage":17,"enemies":"Gremlin Gang","floor":7,"turns":7},{"damage":14,"enemies":"2 Fungi Beasts","floor":10,"turns":4},{"damage":18,"enemies":"3 Sentries","floor":11,"turns":9},{"damage":12,"enemies":"3 Louse","floor":13,"turns":4},{"damage":7,"enemies":"Red Slaver","floor":14,"turns":6},{"damage":43,"enemies":"Slime Boss","floor":16,"turns":11},{"damage":28,"enemies":"2 Thieves","floor":18,"turns":4},{"damage":31,"enemies":"Spheric Guardian","floor":20,"turns":5},{"damage":19,"enemies":"Chosen and Byrds","floor":21,"turns":4},{"damage":21,"enemies":"Snake Plant","floor":23,"turns":4},{"damage":4,"enemies":"Centurion and Healer","floor":30,"turns":2},{"damage":10,"enemies":"Snecko","floor":31,"turns":4},{"damage":58,"enemies":"Automaton","floor":33,"turns":7},{"damage":46,"enemies":"3 Darklings","floor":35,"turns":5},{"damage":28,"enemies":"3 Shapes","floor":38,"turns":4},{"damage":25,"enemies":"Sphere and 2 Shapes","floor":39,"turns":3}],"event_choices":[{"event_name":"World of Goop","player_choice":"Gather Gold","floor":2,"damage_taken":0},{"event_name":"Big Fish","player_choice":"Box","floor":4,"damage_taken":0},{"event_name":"Dead Adventurer","player_choice":"Searched \u00271\u0027 times","floor":11,"damage_taken":0},{"event_name":"Back to Basics","player_choice":"Elegance","floor":19,"damage_taken":0},{"event_name":"Cursed Tome","player_choice":"Ignored","floor":22,"damage_taken":0},{"event_name":"Duplicator","player_choice":"One dupe","floor":36,"damage_taken":0},{"event_name":"Tomb of Lord Red Mask","player_choice":"Paid","floor":37,"damage_taken":0}],"boss_relics":[{"not_picked":["Question Card","Cursed Key"],"picked":"Astrolabe"},{"not_picked":["Sozu","Velvet Choker"],"picked":"Eternal Feather"}],"potions_floor_spawned":[3,5,6,11,14,18,30,31],"seed_played":"-739698431325048592","killed_by":"Sphere and 2 Shapes","ascension_level":0,"is_trial":false}