{"gold_per_floor":[115,40,40,40,56,56,66,66,66,81,92,92,112,187,187,259,259,274,274,288,308,308,308,258,258],"floor_reached":25,"playtime":1623,"items_purged":["Decay"],"score":376,"play_id":"fc6005d8-8e09-4630-adc3-f971690fb515","local_time":"20190302132551","is_ascension_mode":true,"campfire_choices":[{"data":"Bash","floor":6.0,"key":"SMITH"},{"floor":8.0,"key":"DIG"},{"floor":12.0,"key":"DIG"},{"floor":15.0,"key":"DIG"},{"data":"Seeing Red","floor":23,"key":"SMITH"}],"neow_cost":"PERCENT_DAMAGE","seed_source_timestamp":0,"circlet_count":0,"master_deck":["AscendersBane","Bash+1","Dropkick","Dropkick","Warcry","Seeing Red+1","Burning Pact","Spot Weakness","Warcry","Dropkick","Disarm","Juggernaut"],"special_seed":0,"relics":["Burning Blood","Shovel","Dodecahedron","Smiling Mask","Shuriken","Kunai","Ancient Tea Set","Pandora\u0027s Box"],"potions_floor_usage":[21],"damage_taken":[{"damage":6.0,"enemies":"Cultist","floor":1.0,"turns":3.0},{"damage":12.0,"enemies":"Jaw Worm","floor":5.0,"turns":3.0},{"damage":10.0,"enemies":"Small Slimes","floor":7.0,"turns":3.0},{"damage":7.0,"enemies":"2 Fungi Beasts","floor":10.0,"turns":5.0},{"damage":10.0,"enemies":"Large Slime","floor":11.0,"turns":5.0},{"damage":3.0,"enemies":"Exordium Wildlife","floor":13.0,"turns":3.0},{"damage":23.0,"enemies":"The Guardian","floor":16.0,"turns":10.0},{"damage":22.0,"enemies":"Chosen","floor":18.0,"turns":4.0},{"damage":21.0,"enemies":"3 Byrds","floor":20.0,"turns":4.0},{"damage":21,"enemies":"Centurion and Healer","floor":21,"turns":3},{"damage":14,"enemies":"Book of Stabbing","floor":25,"turns":1}],"seed_played":"3058044779408650825","potions_obtained":[{"floor":7.0,"key":"AttackPotion"},{"floor":11.0,"key":"AttackPotion"},{"floor":13.0,"key":"Strength Potion"},{"floor":16.0,"key":"Explosive Potion"},{"floor":20.0,"key":"GamblersBrew"}],"is_trial":false,"path_per_floor":["M","?","?","$","M","R","M","R","T","M","M","R","M","?","R","B",null,"M","?","M","M","?","R","$","E"],"character_chosen":"IRONCLAD","items_purchased":[],"campfire_rested":0,"item_purchase_floors":[],"current_hp_per_floor":[50,50,50,50,44,44,40,40,40,39,35,35,38,27,27,10,59,43,43,28,13,13,13,13,0],"gold":258,"neow_bonus":"ONE_RARE_RELIC","is_prod":false,"is_daily":false,"chose_seed":false,"campfire_upgraded":2,"win_rate":0,"timestamp":1551500751,"path_taken":["M","?","?","$","M","R","M","R","T","M","M","R","?","?","R","BOSS","M","?","M","M","?","R","$","E"],"build_version":"2019-01-23","purchased_purges":1,"victory":false,"max_hp_per_floor":[75,75,75,75,75,75,75,75,75,75,75,75,75,75,75,75,75,75,75,75,75,75,75,75,75],"card_choices":[{"not_picked":["Havoc","Heavy Blade"],"picked":"Warcry","floor":1.0},{"not_picked":["Iron Wave","Ghostly Armor"],"picked":"Dropkick","floor":5.0},{"not_picked":["Clothesline","Heavy Blade"],"picked":"Dropkick","floor":7.0},{"not_picked":["Iron Wave","Fire Breathing","Evolve"],"picked":"SKIP","floor":10.0},{"not_picked":["Sword Boomerang","Thunderclap","Dropkick"],"picked":"SKIP","floor":11.0},{"not_picked":["Clash","Headbutt","Carnage"],"picked":"SKIP","floor":13.0},{"not_picked":["Reckless Charge","Thunderclap","Anger"],"picked":"SKIP","floor":18.0},{"not_picked":["Sentinel","Carnage","Anger"],"picked":"SKIP","floor":20.0},{"not_picked":["Sentinel","Anger","Shrug It Off"],"picked":"SKIP","floor":21}],"player_experience":978454,"relics_obtained":[{"floor":8.0,"key":"Smiling Mask"},{"floor":9.0,"key":"Shuriken"},{"floor":12.0,"key":"Kunai"},{"floor":15.0,"key":"Ancient Tea Set"}],"event_choices":[{"cards_removed":["Strike_R"],"damage_healed":0.0,"max_hp_gain":0.0,"max_hp_loss":0.0,"gold_gain":0.0,"event_name":"The Cleric","player_choice":"Card Removal","floor":2.0,"gold_loss":75.0,"damage_taken":0.0},{"cards_removed":["Warcry"],"damage_healed":0.0,"max_hp_gain":0.0,"max_hp_loss":0.0,"gold_gain":0.0,"event_name":"WeMeetAgain","player_choice":"Gave Card","floor":3.0,"gold_loss":0.0,"damage_taken":0.0,"relics_obtained":["Dodecahedron"]},{"damage_healed":0.0,"max_hp_gain":0.0,"max_hp_loss":0.0,"gold_gain":75.0,"event_name":"World of Goop","player_choice":"Gather Gold","floor":14.0,"gold_loss":0.0,"damage_taken":11.0},{"damage_healed":0.0,"max_hp_gain":0.0,"max_hp_loss":0.0,"gold_gain":0.0,"event_name":"Vampires","player_choice":"Ignored","floor":19.0,"gold_loss":0.0,"damage_taken":0.0},{"damage_healed":0,"gold_gain":0,"player_choice":"Smashed Altar","damage_taken":0,"max_hp_gain":0,"max_hp_loss":0,"event_name":"Forgotten Altar","floor":22,"gold_loss":0,"cards_obtained":["Decay"]}],"is_beta":false,"boss_relics":[{"not_picked":["Ectoplasm","Mark of Pain"],"picked":"Pandora\u0027s Box"}],"items_purged_floors":[24],"is_endless":false,"potions_floor_spawned":[7,11,13,16,20],"killed_by":"Book of Stabbing","ascension_level":19}