{"gold_per_floor":[119,172,190,200,210,210,239,239,239,267,286,302,302,312,312,416,416,426,426,426,341,341,341,355,373,373,53,83,131,166,185,185,288,288,299,150,165,210,210,210,210,210,210,210,237,237,237,237,237,237,237,237,34,67,67],"floor_reached":55,"playtime":4087,"items_purged":[],"score":746,"play_id":"bf621b1c-f403-4750-bace-0010a1efcfc6","local_time":"20181226014026","is_ascension_mode":false,"campfire_choices":[{"floor":6.0,"key":"RECALL"},{"floor":13.0,"key":"REST"},{"data":"Storm of Steel","floor":15.0,"key":"SMITH"},{"data":"1","floor":23.0,"key":"LIFT"},{"data":"2","floor":32.0,"key":"LIFT"},{"data":"3","floor":40.0,"key":"LIFT"},{"floor":42.0,"key":"REST"},{"floor":44.0,"key":"REST"},{"floor":49.0,"key":"REST"},{"data":"A Thousand Cuts","floor":52.0,"key":"SMITH"}],"neow_cost":"NONE","seed_source_timestamp":95370919676887,"circlet_count":0,"master_deck":["Defend_G","Defend_G","Defend_G","Defend_G","Defend_G","Strike_G","Strike_G","Strike_G","Survivor","Neutralize+1","Masterful Stab","Flying Knee","Storm of Steel+1","Prepared","Dagger Throw","Underhanded Strike","Flying Knee","Escape Plan","Dash","Phantasmal Killer","Backstab","Backstab+1","Prepared","Backflip+1","Infinite Blades","Quick Slash","Tactician","A Thousand Cuts+1","Envenom","Escape Plan+1","Predator","Finesse"],"special_seed":0,"relics":["Ring of the Snake","Centennial Puzzle","Torii","Pantograph","Ornamental Fan","Runic Dome","Girya","Prayer Wheel","Pear","Darkstone Periapt","Juzu Bracelet","Shuriken","Philosopher\u0027s Stone","Boot","Pocketwatch","Whetstone","Singing Bowl","Vajra","The Specimen"],"potions_floor_usage":[54],"damage_taken":[{"damage":0.0,"enemies":"Cultist","floor":1.0,"turns":3.0},{"damage":0.0,"enemies":"2 Louse","floor":3.0,"turns":3.0},{"damage":0.0,"enemies":"Small Slimes","floor":4.0,"turns":2.0},{"damage":4.0,"enemies":"2 Fungi Beasts","floor":5.0,"turns":3.0},{"damage":36.0,"enemies":"Gremlin Nob","floor":7.0,"turns":5.0},{"damage":17.0,"enemies":"Lagavulin","floor":10.0,"turns":8.0},{"damage":2.0,"enemies":"Large Slime","floor":11.0,"turns":6.0},{"damage":1.0,"enemies":"Lots of Slimes","floor":12.0,"turns":3.0},{"damage":0.0,"enemies":"Exordium Wildlife","floor":14.0,"turns":3.0},{"damage":33.0,"enemies":"The Guardian","floor":16.0,"turns":15.0},{"damage":0.0,"enemies":"Shell Parasite","floor":18.0,"turns":4.0},{"damage":0.0,"enemies":"Chosen","floor":24.0,"turns":3.0},{"damage":0.0,"enemies":"3 Cultists","floor":25.0,"turns":4.0},{"damage":14.0,"enemies":"Slavers","floor":28.0,"turns":4.0},{"damage":9.0,"enemies":"Gremlin Leader","floor":30.0,"turns":5.0},{"damage":0.0,"enemies":"Snecko","floor":31.0,"turns":3.0},{"damage":15.0,"enemies":"Automaton","floor":33.0,"turns":6.0},{"damage":37.0,"enemies":"3 Darklings","floor":35.0,"turns":3.0},{"damage":3.0,"enemies":"3 Shapes","floor":37.0,"turns":3.0},{"damage":18.0,"enemies":"2 Orb Walkers","floor":38.0,"turns":4.0},{"damage":29.0,"enemies":"Nemesis","floor":45.0,"turns":4.0},{"damage":56.0,"enemies":"Donu and Deca","floor":50.0,"turns":6.0},{"damage":18,"enemies":"Shield and Spear","floor":54,"turns":4},{"damage":85,"enemies":"The Heart","floor":55,"turns":5}],"seed_played":"5436372148623368286","potions_obtained":[{"floor":4.0,"key":"GamblersBrew"},{"floor":7.0,"key":"GamblersBrew"},{"floor":11.0,"key":"Energy Potion"},{"floor":16.0,"key":"SkillPotion"},{"floor":18.0,"key":"Regen Potion"},{"floor":24.0,"key":"EssenceOfSteel"},{"floor":28.0,"key":"SteroidPotion"},{"floor":31.0,"key":"EssenceOfSteel"},{"floor":37.0,"key":"SteroidPotion"}],"is_trial":false,"path_per_floor":["M","T","M","M","M","R","E","?","T","E","M","M","R","M","R","B",null,"M","?","?","?","?","R","M","M","T","$","E","T","E","M","R","B",null,"M","$","M","?","?","R","?","R","T","R","E","?","?","?","R","B",null,"R","$","E","B"],"character_chosen":"THE_SILENT","items_purchased":["Pear","Infinite Blades","Boot","Vajra","Strength Potion"],"campfire_rested":4,"item_purchase_floors":[27,27,36,53,53],"current_hp_per_floor":[70,70,70,70,66,66,30,30,30,13,11,10,31,31,31,23,70,70,57,57,57,57,57,57,57,57,67,53,53,58,58,58,68,85,48,48,45,27,27,27,27,51,51,75,48,48,48,48,72,27,83,83,83,67,0],"gold":67,"neow_bonus":"RANDOM_COMMON_RELIC","is_prod":false,"is_daily":false,"chose_seed":false,"campfire_upgraded":2,"win_rate":0,"timestamp":1545781226,"path_taken":["M","?","M","M","M","R","E","?","T","E","M","M","R","M","R","BOSS","M","?","?","?","?","R","?","M","T","$","E","?","E","M","R","BOSS","M","$","M","?","?","R","?","R","T","R","E","?","?","?","R","BOSS","R","$","E","BOSS"],"build_version":"2018-12-20","purchased_purges":0,"victory":false,"max_hp_per_floor":[70,70,70,70,70,70,70,70,70,70,70,70,70,70,70,70,70,70,75,75,75,75,75,75,75,75,85,85,85,85,85,85,85,85,85,85,85,85,85,85,81,81,81,81,83,83,83,83,83,83,83,83,83,85,85],"card_choices":[{"not_picked":["Blade Dance","Deflect"],"picked":"Masterful Stab","floor":1.0},{"not_picked":["Deadly Poison","Deflect"],"picked":"Flying Knee","floor":3.0},{"not_picked":["Deflect","Outmaneuver"],"picked":"Storm of Steel","floor":4.0},{"not_picked":["PiercingWail","Deflect"],"picked":"Prepared","floor":5.0},{"not_picked":["Acrobatics","Catalyst"],"picked":"Dagger Throw","floor":7.0},{"not_picked":["Doppelganger","Blur"],"picked":"Underhanded Strike","floor":10.0},{"not_picked":["PiercingWail","Masterful Stab"],"picked":"Flying Knee","floor":11.0},{"not_picked":["Sucker Punch","Flying Knee"],"picked":"Escape Plan","floor":12.0},{"not_picked":["Escape Plan","Dagger Throw"],"picked":"Dash","floor":14.0},{"not_picked":["Burst","Bullet Time"],"picked":"Phantasmal Killer","floor":16.0},{"not_picked":["Quick Slash","Dash"],"picked":"Backstab","floor":18.0},{"not_picked":["Deadly Poison","Deflect"],"picked":"Prepared","floor":24.0},{"not_picked":["Sucker Punch+1","Skewer"],"picked":"Backflip+1","floor":25.0},{"not_picked":["Dodge and Roll","Acrobatics"],"picked":"Quick Slash","floor":28.0},{"not_picked":["Leg Sweep","Deadly Poison"],"picked":"Tactician","floor":30.0},{"not_picked":["Quick Slash","PiercingWail"],"picked":"A Thousand Cuts","floor":31.0},{"not_picked":["Sucker Punch","Bane"],"picked":"Dagger Throw","floor":31.0},{"not_picked":["Grand Finale","Wraith Form v2"],"picked":"Envenom","floor":33.0},{"not_picked":["Caltrops","Quick Slash","Flechettes"],"picked":"SKIP","floor":35.0},{"not_picked":["Deadly Poison","Flying Knee","Bane"],"picked":"SKIP","floor":35.0},{"not_picked":["Backflip+1","Cloak And Dagger+1"],"picked":"Escape Plan+1","floor":37.0},{"not_picked":["Dodge and Roll+1","Concentrate","Dagger Throw+1"],"picked":"SKIP","floor":37.0},{"not_picked":["Dodge and Roll","Storm of Steel","Leg Sweep+1"],"picked":"Singing Bowl","floor":45.0},{"not_picked":["Swift Strike","Mayhem"],"picked":"Finesse","floor":48.0},{"not_picked":["Dodge and Roll+1","Terror+1","Acrobatics"],"picked":"Singing Bowl","floor":54}],"player_experience":174376,"relics_obtained":[{"floor":7.0,"key":"Torii"},{"floor":9.0,"key":"Pantograph"},{"floor":10.0,"key":"Ornamental Fan"},{"floor":26.0,"key":"Prayer Wheel"},{"floor":28.0,"key":"Darkstone Periapt"},{"floor":29.0,"key":"Juzu Bracelet"},{"floor":30.0,"key":"Shuriken"},{"floor":38.0,"key":"Pocketwatch"},{"floor":43.0,"key":"Whetstone"},{"floor":45.0,"key":"Singing Bowl"},{"floor":54,"key":"The Specimen"}],"event_choices":[{"cards_removed":["Strike_G"],"damage_healed":0.0,"max_hp_gain":0.0,"max_hp_loss":0.0,"gold_gain":0.0,"event_name":"Purifier","player_choice":"Purged","floor":8.0,"gold_loss":0.0,"damage_taken":0.0},{"damage_healed":0.0,"max_hp_gain":5.0,"max_hp_loss":0.0,"gold_gain":0.0,"event_name":"Forgotten Altar","player_choice":"Shed Blood","floor":19.0,"gold_loss":0.0,"damage_taken":18.0},{"damage_healed":0.0,"max_hp_gain":0.0,"max_hp_loss":0.0,"gold_gain":0.0,"event_name":"Ghosts","player_choice":"Ignored","floor":20.0,"gold_loss":0.0,"damage_taken":0.0},{"damage_healed":0.0,"max_hp_gain":0.0,"max_hp_loss":0.0,"gold_gain":0.0,"event_name":"Addict","player_choice":"Obtained Relic","floor":21.0,"gold_loss":85.0,"damage_taken":0.0,"relics_obtained":["Girya"]},{"damage_healed":0.0,"max_hp_gain":0.0,"max_hp_loss":0.0,"gold_gain":0.0,"event_name":"Duplicator","player_choice":"Copied","floor":22.0,"gold_loss":0.0,"damage_taken":0.0,"cards_obtained":["Backstab"]},{"damage_healed":0.0,"max_hp_gain":0.0,"max_hp_loss":0.0,"gold_gain":0.0,"event_name":"Mysterious Sphere","player_choice":"Fight","floor":38.0,"gold_loss":0.0,"damage_taken":0.0},{"damage_healed":0.0,"max_hp_gain":0.0,"max_hp_loss":0.0,"gold_gain":0.0,"cards_transformed":["Strike_G"],"event_name":"Transmorgrifier","player_choice":"Transformed","floor":39.0,"gold_loss":0.0,"damage_taken":0.0,"cards_obtained":["Predator"]},{"damage_healed":0.0,"max_hp_gain":0.0,"max_hp_loss":4.0,"gold_gain":0.0,"event_name":"Winding Halls","player_choice":"Max HP","floor":41.0,"gold_loss":0.0,"damage_taken":0.0},{"damage_healed":0.0,"max_hp_gain":0.0,"max_hp_loss":0.0,"gold_gain":0.0,"event_name":"Tomb of Lord Red Mask","player_choice":"Ignored","floor":46.0,"gold_loss":0.0,"damage_taken":0.0},{"cards_removed":["Dagger Throw"],"damage_healed":0.0,"max_hp_gain":0.0,"max_hp_loss":0.0,"gold_gain":0.0,"event_name":"Falling","player_choice":"Removed Attack","floor":47.0,"gold_loss":0.0,"damage_taken":0.0},{"damage_healed":0.0,"max_hp_gain":0.0,"max_hp_loss":0.0,"gold_gain":0.0,"event_name":"SensoryStone","player_choice":"Memory 1","floor":48.0,"gold_loss":0.0,"damage_taken":0.0}],"is_beta":false,"boss_relics":[{"not_picked":["Astrolabe","Snecko Eye"],"picked":"Runic Dome"},{"not_picked":["Coffee Dripper","Eternal Feather"],"picked":"Philosopher\u0027s Stone"}],"items_purged_floors":[],"is_endless":false,"potions_floor_spawned":[4,7,11,16,18,24,28,31,37],"killed_by":"The Heart","ascension_level":0}