{"gold_per_floor":[118,118,181,196,196,227,227,256,307,307,326,345,360,387,387,485,485,485,425,42,42,42,42,42,42,42,42,42,42,42,42,42,42],"floor_reached":33,"playtime":2559,"items_purged":[],"score":461,"play_id":"4d894eb2-4622-4d34-9ddb-fda5899a2b6e","local_time":"20190301130718","is_ascension_mode":true,"campfire_choices":[{"data":"Neutralize","floor":7,"key":"SMITH"},{"floor":10,"key":"REST"},{"floor":15,"key":"REST"},{"floor":32,"key":"REST"}],"neow_cost":"NONE","seed_source_timestamp":148727653776816,"circlet_count":0,"master_deck":["AscendersBane","Defend_G","Defend_G","Defend_G","Defend_G","Defend_G","Strike_G","Strike_G","Strike_G","Survivor","Neutralize+1","Choke","Masterful Stab","Leg Sweep","Masterful Stab","Backstab","Deadly Poison","Backflip","Deadly Poison","Envenom","Setup+1","Catalyst","Dagger Spray","Backstab","Acrobatics+1","Dagger Spray","A Thousand Cuts","Riddle With Holes+1","After Image+1"],"relics":["Ring of the Snake","Lantern","The Specimen","Snake Skull","Blood Vial","Ectoplasm","TheAbacus","Orichalcum","Torii","Boot","Frozen Egg 2","Old Coin"],"potions_floor_usage":[6,8,12,12,14,16,24,31,33],"damage_taken":[{"damage":1,"enemies":"Jaw Worm","floor":1,"turns":5},{"damage":3,"enemies":"2 Louse","floor":4,"turns":4},{"damage":32,"enemies":"3 Sentries","floor":6,"turns":11},{"damage":29,"enemies":"Lagavulin","floor":8,"turns":8},{"damage":0,"enemies":"Cultist","floor":11,"turns":2},{"damage":11,"enemies":"Large Slime","floor":12,"turns":5},{"damage":0,"enemies":"Lots of Slimes","floor":13,"turns":3},{"damage":10,"enemies":"3 Sentries","floor":14,"turns":6},{"damage":11,"enemies":"The Guardian","floor":16,"turns":13},{"damage":14,"enemies":"Shell Parasite","floor":18,"turns":3},{"damage":14,"enemies":"2 Thieves","floor":19,"turns":4},{"damage":18,"enemies":"Sentry and Sphere","floor":22,"turns":5},{"damage":18,"enemies":"Gremlin Leader","floor":23,"turns":5},{"damage":9,"enemies":"Centurion and Healer","floor":24,"turns":3},{"damage":20,"enemies":"Shelled Parasite and Fungi","floor":27,"turns":5},{"damage":8,"enemies":"Snecko","floor":30,"turns":4},{"damage":1,"enemies":"Book of Stabbing","floor":31,"turns":4},{"damage":71,"enemies":"Automaton","floor":33,"turns":6}],"seed_played":"-6629410902401276520","potions_obtained":[{"floor":1,"key":"Strength Potion"},{"floor":5,"key":"FearPotion"},{"floor":5,"key":"SteroidPotion"},{"floor":6,"key":"LiquidBronze"},{"floor":11,"key":"Weak Potion"},{"floor":12,"key":"Block Potion"},{"floor":22,"key":"Ancient Potion"},{"floor":23,"key":"Regen Potion"},{"floor":24,"key":"Dexterity Potion"}],"is_trial":false,"path_per_floor":["M","?","?","M","?","E","R","E","T","R","M","M","M","E","R","B",null,"M","M","$","?","M","E","M","?","T","M","?","$","M","E","R","B"],"character_chosen":"THE_SILENT","items_purchased":["TheAbacus","Dagger Spray","Orichalcum"],"campfire_rested":3,"item_purchase_floors":[20,20,20],"current_hp_per_floor":[69,69,69,66,66,34,34,5,5,28,28,17,17,7,30,21,63,51,39,39,39,23,7,12,37,37,19,19,19,13,14,37,0],"gold":42,"neow_bonus":"TEN_PERCENT_HP_BONUS","is_prod":false,"is_daily":false,"chose_seed":false,"campfire_upgraded":1,"win_rate":0,"timestamp":1551463638,"path_taken":["M","?","?","M","?","E","R","E","T","R","M","M","?","E","R","BOSS","M","M","$","?","?","E","M","?","T","M","?","?","?","E","R","BOSS"],"build_version":"2019-01-23","purchased_purges":0,"victory":false,"max_hp_per_floor":[77,77,77,77,77,77,77,77,77,77,77,77,77,77,77,77,77,77,77,77,77,77,77,77,77,77,77,77,77,77,77,77,77],"card_choices":[{"not_picked":["Flechettes","Slice"],"picked":"Choke","floor":1},{"not_picked":["Deadly Poison","Dagger Throw"],"picked":"Masterful Stab","floor":4},{"not_picked":["Skewer","Terror"],"picked":"Leg Sweep","floor":6},{"not_picked":["Distraction","Poisoned Stab"],"picked":"Masterful Stab","floor":8},{"not_picked":["Acrobatics","Blade Dance"],"picked":"Backstab","floor":11},{"not_picked":["Blur","Leg Sweep"],"picked":"Deadly Poison","floor":12},{"not_picked":["Predator","Sucker Punch"],"picked":"Backflip","floor":13},{"not_picked":["Outmaneuver","Infinite Blades"],"picked":"Deadly Poison","floor":14},{"not_picked":["Corpse Explosion","Doppelganger"],"picked":"Envenom","floor":16},{"not_picked":["Deadly Poison","Eviscerate+1"],"picked":"Setup+1","floor":18},{"not_picked":["Quick Slash+1","Finisher"],"picked":"Catalyst","floor":19},{"not_picked":["Underhanded Strike+1","Dodge and Roll"],"picked":"Backstab","floor":22},{"not_picked":["Flechettes","Slice"],"picked":"Acrobatics+1","floor":23},{"not_picked":["Poisoned Stab","Flying Knee"],"picked":"Dagger Spray","floor":24},{"not_picked":["Prepared","Dagger Throw"],"picked":"A Thousand Cuts","floor":27},{"not_picked":["Backflip","Terror"],"picked":"Riddle With Holes+1","floor":30},{"not_picked":["Die Die Die","Flying Knee"],"picked":"After Image+1","floor":31}],"player_experience":287640,"relics_obtained":[{"floor":6,"key":"Lantern"},{"floor":8,"key":"The Specimen"},{"floor":9,"key":"Snake Skull"},{"floor":14,"key":"Blood Vial"},{"floor":23,"key":"Torii"},{"floor":26,"key":"Boot"},{"floor":31,"key":"Old Coin"}],"event_choices":[{"cards_removed":["Strike_G"],"damage_healed":0,"gold_gain":0,"player_choice":"Forget","damage_taken":0,"max_hp_gain":0,"max_hp_loss":0,"event_name":"Living Wall","floor":2,"gold_loss":0},{"damage_healed":0,"gold_gain":63,"player_choice":"Gained Gold","damage_taken":0,"max_hp_gain":0,"max_hp_loss":0,"event_name":"Golden Wing","floor":3,"gold_loss":0},{"damage_healed":0,"gold_gain":0,"player_choice":"Got Potions","damage_taken":0,"max_hp_gain":0,"max_hp_loss":0,"event_name":"Lab","floor":5,"gold_loss":0},{"cards_removed":["Strike_G"],"damage_healed":0,"gold_gain":0,"player_choice":"Card Removal","damage_taken":0,"max_hp_gain":0,"max_hp_loss":0,"event_name":"Wheel of Change","floor":21,"gold_loss":0},{"damage_healed":25,"gold_gain":0,"player_choice":"Heal","damage_taken":0,"max_hp_gain":0,"max_hp_loss":0,"event_name":"The Library","floor":25,"gold_loss":0},{"damage_healed":0,"gold_gain":0,"player_choice":"Opened","damage_taken":0,"relics_obtained":["Frozen Egg 2"],"max_hp_gain":0,"max_hp_loss":0,"event_name":"The Mausoleum","floor":28,"gold_loss":0}],"is_beta":false,"boss_relics":[{"not_picked":["Tiny House","Lizard Tail"],"picked":"Ectoplasm"}],"items_purged_floors":[],"is_endless":false,"potions_floor_spawned":[1,6,11,12,22,23,24],"killed_by":"Automaton","ascension_level":10}