{"path_per_floor":["M","?","$","M","M","R","$","M","T","R","M","?","M","M","R","B",null,"M","$","$","?","$","T","$","R","T","R","M","M","$","M","R"],"character_chosen":"IRONCLAD","items_purchased":["Dual Wield","Shrug It Off","Heavy Blade","Heavy Blade","Shrug It Off"],"gold_per_floor":[109,109,34,53,64,64,64,83,138,138,156,156,167,187,187,283,283,283,208,116,116,64,64,19,19,19,19,19,19,19,19,19],"floor_reached":33,"campfire_rested":2,"playtime":1269,"current_hp_per_floor":[72,72,72,72,72,72,72,55,55,55,37,37,35,16,37,13,72,65,65,65,65,65,65,65,65,65,65,53,39,39,36,57],"items_purged":["Defend_R"],"gold":19,"score":284,"play_id":"05c68c81-49c1-4aaa-a5ba-4ee896e11af5","local_time":"20180317195841","is_prod":false,"is_daily":false,"is_ascension_mode":true,"campfire_upgraded":4,"timestamp":1521331121,"path_taken":["M","?","?","M","M","R","$","?","T","R","M","?","M","M","R","BOSS","M","?","$","?","?","?","?","R","T","R","M","M","$","M","R","BOSS"],"build_version":"2018-03-15v3","purchased_purges":2,"victory":false,"master_deck":["Strike_R","Strike_R","Strike_R","Strike_R","Strike_R","Defend_R","Defend_R","Defend_R","Bash","Perfected Strike+1","Limit Break+1","Wild Strike","Pommel Strike+1","Inflame","Wild Strike","Double Tap","Flex","Dual Wield","Shrug It Off","Heavy Blade+1","Heavy Blade+1","Shrug It Off","Pommel Strike+1","Dual Wield"],"max_hp_per_floor":[72,72,72,72,72,72,72,72,72,72,72,72,72,72,72,72,72,72,72,72,72,72,72,72,72,72,72,72,72,72,72,72],"relics":["Burning Blood","Sundial","Tiny Chest","Ectoplasm","Magic Flower","Blue Candle"],"card_choices":[{"not_picked":["Ghostly Armor","Headbutt"],"picked":"Perfected Strike"},{"not_picked":["Body Slam","Anger"],"picked":"Limit Break"},{"not_picked":["Iron Wave","Anger"],"picked":"Wild Strike"},{"not_picked":["Wild Strike","Thunderclap"],"picked":"Pommel Strike"},{"not_picked":["Headbutt","Seeing Red"],"picked":"Inflame"},{"not_picked":["Anger","Hemokinesis"],"picked":"Wild Strike"},{"not_picked":["Reaper","Fiend Fire"],"picked":"Double Tap"},{"not_picked":["Anger","Burning Pact"],"picked":"Flex"},{"not_picked":["Headbutt","Battle Trance"],"picked":"Pommel Strike"},{"not_picked":["Pummel","Clothesline"],"picked":"Dual Wield"}],"player_experience":284687,"potions_floor_usage":[16,16,33,33,33],"damage_taken":[{"damage":2,"enemies":"Small Slimes","floor":1,"turns":4},{"damage":6,"enemies":"Cultist","floor":4,"turns":3},{"damage":6,"enemies":"2 Louse","floor":5,"turns":3},{"damage":23,"enemies":"Exordium Thugs","floor":8,"turns":4},{"damage":24,"enemies":"Lots of Slimes","floor":11,"turns":4},{"damage":8,"enemies":"3 Louse","floor":13,"turns":3},{"damage":25,"enemies":"2 Fungi Beasts","floor":14,"turns":4},{"damage":45,"enemies":"The Guardian","floor":16,"turns":7},{"damage":13,"enemies":"3 Byrds","floor":18,"turns":6},{"damage":21,"enemies":"Shell Parasite","floor":28,"turns":4},{"damage":23,"enemies":"Centurion and Healer","floor":29,"turns":5},{"damage":12,"enemies":"3 Cultists","floor":31,"turns":4},{"damage":78,"enemies":"Automaton","floor":33,"turns":6}],"event_choices":[{"event_name":"The Lab","player_choice":"Got Potions","floor":2,"damage_taken":0},{"event_name":"Liars Game","player_choice":"disagreed","floor":12,"damage_taken":0},{"event_name":"Upgrade Shrine","player_choice":"Upgraded","floor":21,"damage_taken":0}],"boss_relics":[{"not_picked":["Pandora\u0027s Box","Eternal Feather"],"picked":"Ectoplasm"}],"potions_floor_spawned":[4,11,13,29,31],"seed_played":"-6040786153313895387","killed_by":"Automaton","ascension_level":4,"is_trial":false}