{"gold_per_floor":[117,117,46,46,62,62,93,93,93,93,104,123,143,157,157,157],"floor_reached":16,"playtime":1001,"items_purged":[],"score":102,"play_id":"63df1e41-0534-4c1d-a0c1-02650dab2c51","local_time":"20181015141902","is_ascension_mode":false,"campfire_choices":[{"data":"Neutralize","floor":6,"key":"SMITH"},{"data":"Backflip","floor":8,"key":"SMITH"},{"floor":15,"key":"REST"}],"neow_cost":"NONE","seed_source_timestamp":471167117173820,"circlet_count":0,"master_deck":["Defend_G","Defend_G","Defend_G","Defend_G","Defend_G","Strike_G","Strike_G","Strike_G","Strike_G","Survivor","Neutralize+1","Backflip+1","Heel Hook","After Image","Backstab+1"],"relics":["Ring of the Snake","Dead Branch","Ornamental Fan","Molten Egg 2"],"potions_floor_usage":[16,16,16],"damage_taken":[{"damage":0,"enemies":"Cultist","floor":1,"turns":4},{"damage":0,"enemies":"Jaw Worm","floor":5,"turns":5},{"damage":30,"enemies":"Gremlin Nob","floor":7,"turns":6},{"damage":0,"enemies":"2 Louse","floor":11,"turns":3},{"damage":4,"enemies":"Large Slime","floor":12,"turns":11},{"damage":11,"enemies":"3 Louse","floor":13,"turns":4},{"damage":0,"enemies":"Blue Slaver","floor":14,"turns":4},{"damage":51,"enemies":"Hexaghost","floor":16,"turns":16}],"seed_played":"-3349709233621150927","potions_obtained":[{"floor":5,"key":"Energy Potion"},{"floor":11,"key":"Energy Potion"},{"floor":12,"key":"Energy Potion"}],"is_trial":false,"path_per_floor":["M","?","$","?","M","R","E","R","T","?","M","M","M","M","R"],"character_chosen":"THE_SILENT","items_purchased":["Heel Hook"],"campfire_rested":1,"item_purchase_floors":[3],"current_hp_per_floor":[77,70,70,75,75,75,45,45,45,38,38,34,23,23,47,0],"gold":157,"neow_bonus":"TEN_PERCENT_HP_BONUS","is_prod":false,"is_daily":false,"chose_seed":false,"campfire_upgraded":2,"win_rate":0,"timestamp":1539627542,"path_taken":["M","?","$","?","?","R","E","R","T","?","?","M","M","M","R","BOSS"],"build_version":"2018-10-11","purchased_purges":0,"victory":false,"max_hp_per_floor":[77,77,77,82,82,82,82,82,82,82,82,82,82,82,82,82],"card_choices":[{"not_picked":["Bane","Poisoned Stab"],"picked":"Backflip","floor":1},{"not_picked":["Flying Knee","Bane","Blade Dance"],"picked":"SKIP","floor":5},{"not_picked":["Underhanded Strike","Deflect","Masterful Stab"],"picked":"SKIP","floor":7},{"not_picked":["Dagger Throw+1","Prepared"],"picked":"After Image","floor":11},{"not_picked":["Deadly Poison","Blur","Sucker Punch+1"],"picked":"SKIP","floor":12},{"not_picked":["Flying Knee+1","Tactician","Blade Dance"],"picked":"SKIP","floor":13},{"not_picked":["Terror","Distraction"],"picked":"Backstab+1","floor":14}],"player_experience":610328,"relics_obtained":[{"floor":7,"key":"Dead Branch"},{"floor":9,"key":"Ornamental Fan"}],"event_choices":[{"event_name":"Golden Wing","player_choice":"Card Removal","floor":2,"damage_taken":0},{"event_name":"Big Fish","player_choice":"Donut","floor":4,"damage_taken":0},{"event_name":"Scrap Ooze","player_choice":"success","floor":10,"damage_taken":7}],"is_beta":false,"boss_relics":[],"items_purged_floors":[],"is_endless":false,"potions_floor_spawned":[5,11,12],"killed_by":"Hexaghost","ascension_level":0}