{"path_per_floor":["M","?","?","$","M","E","R","?","T","M","E","M","M","E","R","B",null,"M","M","$","?","M","E","M","E","T","E","R","E","M","$","R","B",null,"M","$","?","?","M","E","M","E","T","$","M","?","R","?","R","B"],"character_chosen":"IRONCLAD","items_purchased":["Metallicize","Warcry","Feel No Pain","Battle Trance","Sentinel","Bottled Tornado","Bag of Preparation","Flame Barrier","Dexterity Potion","Swift Potion"],"gold_per_floor":[112,112,112,1,16,54,54,54,54,73,107,126,149,182,182,310,310,331,349,50,50,75,110,130,161,185,526,526,567,582,387,387,506,506,526,64,314,314,330,371,391,429,429,179,200,0,0,0,0,0],"floor_reached":51,"campfire_rested":2,"playtime":5394,"current_hp_per_floor":[70,63,63,63,69,38,38,38,38,44,26,41,39,39,39,45,70,72,62,62,62,68,52,58,64,64,38,61,46,49,49,49,46,58,54,54,54,54,56,49,51,49,49,49,46,46,62,62,62,60],"items_purged":["Defend_R","Strike_R","Strike_R","Strike_R"],"gold":0,"play_id":"3a1c0910-99eb-4e92-bc97-93236e975420","is_prod":false,"is_daily":false,"is_ascension_mode":true,"campfire_upgraded":4,"path_taken":["M","?","?","$","M","E","R","?","T","M","E","M","M","E","R","BOSS","M","M","$","?","?","E","M","E","T","E","R","E","M","$","R","BOSS","M","$","?","?","M","E","M","E","T","$","M","?","R","?","R","BOSS"],"build_version":"2018-02-01-PROD3","purchased_purges":4,"victory":true,"master_deck":["Strike_R","Defend_R","Defend_R","Defend_R+1","Bash+1","Shrug It Off+1","Metallicize","Combust","Inflame+1","Twin Strike","Flame Barrier+1","Entrench+1","Whirlwind+1","Body Slam+1","Barricade+1","Metallicize+1","Warcry+1","Warcry+1","Feel No Pain+1","Battle Trance+1","Battle Trance+1","Second Wind+1","Entrench+1","Sentinel+1","Offering+1","Flame Barrier+1","Offering+1","Intimidate+1","Havoc+1","Shrug It Off+1"],"max_hp_per_floor":[80,77,71,71,71,71,71,71,71,71,71,71,71,78,78,78,78,78,78,78,78,78,78,78,78,78,78,78,78,78,78,78,78,62,62,62,62,62,62,62,62,62,62,62,62,62,62,62,62,62],"relics":["Burning Blood","Golden Idol","Frozen Egg 2","Red Skull","Toxic Egg 2","Strawberry","Runic Dome","Art of War","Omamori","Oddly Smooth Stone","Old Coin","Juzu Bracelet","Runic Cube","Bottled Tornado","Bag of Preparation","Dream Catcher","Happy Flower","Champion Belt","Red Mask"],"card_choices":[{"not_picked":["Armaments","Thunderclap"],"picked":"Shrug It Off"},{"not_picked":["Armaments","Carnage"],"picked":"Combust"},{"not_picked":["Bludgeon","Cleave"],"picked":"Inflame"},{"not_picked":["Thunderclap","Wild Strike"],"picked":"Twin Strike"},{"not_picked":["Headbutt","Cleave"],"picked":"Flame Barrier"},{"not_picked":["Heavy Blade","Cleave"],"picked":"Entrench"},{"not_picked":["Warcry","Clothesline"],"picked":"Whirlwind"},{"not_picked":["Impervious","Battle Trance"],"picked":"Body Slam"},{"not_picked":["Double Tap","Impervious"],"picked":"Barricade"},{"not_picked":["Perfected Strike","Clash"],"picked":"Metallicize"},{"not_picked":["Sever Soul","Sword Boomerang"],"picked":"Warcry"},{"not_picked":["Armaments","Anger"],"picked":"Battle Trance"},{"not_picked":["Hemokinesis","Double Tap"],"picked":"Second Wind"},{"not_picked":["Whirlwind","Cleave"],"picked":"Entrench"},{"not_picked":["Barricade","Limit Break"],"picked":"Offering"},{"not_picked":["Whirlwind","Flex"],"picked":"Intimidate"},{"not_picked":["Uppercut","Wild Strike"],"picked":"Havoc"},{"not_picked":["Dropkick","Body Slam"],"picked":"Shrug It Off"}],"player_experience":544845,"potions_floor_usage":[12,23,23,25,27,27,50,50],"damage_taken":[{"damage":8,"enemies":"2 Louse","floor":1,"turns":3},{"damage":0,"enemies":"Jaw Worm","floor":5,"turns":5},{"damage":37,"enemies":"Lagavulin","floor":6,"turns":8},{"damage":0,"enemies":"Cultist","floor":10,"turns":4},{"damage":24,"enemies":"3 Sentries","floor":11,"turns":6},{"damage":0,"enemies":"Exordium Wildlife","floor":12,"turns":4},{"damage":8,"enemies":"Looter","floor":13,"turns":3},{"damage":13,"enemies":"Gremlin Nob","floor":14,"turns":3},{"damage":0,"enemies":"The Guardian","floor":16,"turns":8},{"damage":4,"enemies":"3 Byrds","floor":18,"turns":5},{"damage":16,"enemies":"Shell Parasite","floor":19,"turns":4},{"damage":0,"enemies":"Centurion and Healer","floor":22,"turns":7},{"damage":22,"enemies":"Gremlin Leader","floor":23,"turns":8},{"damage":0,"enemies":"Snake Plant","floor":24,"turns":5},{"damage":0,"enemies":"Book of Stabbing","floor":25,"turns":5},{"damage":32,"enemies":"Slavers","floor":27,"turns":5},{"damage":21,"enemies":"Gremlin Leader","floor":29,"turns":8},{"damage":3,"enemies":"3 Cultists","floor":30,"turns":5},{"damage":9,"enemies":"Champ","floor":33,"turns":10},{"damage":10,"enemies":"Orb Walker","floor":35,"turns":4},{"damage":4,"enemies":"3 Darklings","floor":39,"turns":6},{"damage":13,"enemies":"Nemesis","floor":40,"turns":7},{"damage":4,"enemies":"Sphere and 2 Shapes","floor":41,"turns":7},{"damage":8,"enemies":"2 Orb Walkers","floor":42,"turns":5},{"damage":9,"enemies":"Maw","floor":45,"turns":6},{"damage":8,"enemies":"Donu and Deca","floor":50,"turns":6}],"event_choices":[{"event_name":"Golden Wing","player_choice":"Card Removal","floor":2,"damage_taken":0},{"event_name":"Golden Idol","player_choice":"Lose Max HP","floor":3,"damage_taken":0},{"event_name":"Bonfire Elementals","player_choice":"BASIC","floor":8,"damage_taken":0},{"event_name":"The Lab","player_choice":"Got Potions","floor":21,"damage_taken":0},{"event_name":"Golden Shrine","player_choice":"Desecrate","floor":37,"damage_taken":0},{"event_name":"Duplicator","player_choice":"One dupe","floor":38,"damage_taken":0},{"event_name":"Tomb of Lord Red Mask","player_choice":"Paid","floor":46,"damage_taken":0},{"event_name":"Winding Halls","player_choice":"Writhe","floor":48,"damage_taken":0}],"boss_relics":[{"not_picked":["Question Card","Calling Bell"],"picked":"Runic Dome"},{"not_picked":["Pandora\u0027s Box","Eternal Feather"],"picked":"Runic Cube"}],"potions_floor_spawned":[11,12,13,14,23,24,27,30,41],"seed_played":"1010982884855737036","ascension_level":10,"is_trial":false}