{"gold_per_floor":[111,57,76,91,56,91,91,120,147,147,167,186,186,518,518,595,595,611,611,585,585,635,665,678,678,678,713,725,725],"floor_reached":29,"playtime":2763,"items_purged":[],"score":549,"play_id":"4ab96f75-89ff-4664-8964-9084c2a825ce","local_time":"20190124153327","is_ascension_mode":true,"campfire_choices":[{"data":"Caltrops","floor":7.0,"key":"SMITH"},{"floor":13.0,"key":"REST"},{"data":"Survivor","floor":15.0,"key":"SMITH"},{"floor":25.0,"key":"REST"}],"neow_cost":"NONE","seed_source_timestamp":692301558208693,"circlet_count":0,"master_deck":["AscendersBane","Defend_G","Defend_G","Defend_G","Defend_G","Defend_G","Survivor+1","Neutralize","Endless Agony","Dagger Throw","Caltrops+1","Quick Slash","Grand Finale","Backstab","Infinite Blades","Quick Slash","Tools of the Trade","Backflip","Crippling Poison","Bite","Bite","Bite","Bite","Bite","Predator"],"special_seed":0,"relics":["Ring of the Serpent","Pen Nib","Centennial Puzzle","Anchor","Old Coin","Ice Cream","Vajra","Dream Catcher","Bottled Lightning"],"potions_floor_usage":[27],"damage_taken":[{"damage":6.0,"enemies":"Cultist","floor":1.0,"turns":5.0},{"damage":4.0,"enemies":"Jaw Worm","floor":3.0,"turns":8.0},{"damage":0.0,"enemies":"2 Louse","floor":4.0,"turns":3.0},{"damage":10.0,"enemies":"3 Sentries","floor":6.0,"turns":8.0},{"damage":24.0,"enemies":"Gremlin Nob","floor":8.0,"turns":5.0},{"damage":9.0,"enemies":"Lots of Slimes","floor":11.0,"turns":3.0},{"damage":0.0,"enemies":"2 Fungi Beasts","floor":12.0,"turns":2.0},{"damage":10.0,"enemies":"3 Sentries","floor":14.0,"turns":7.0},{"damage":22.0,"enemies":"Hexaghost","floor":16.0,"turns":11.0},{"damage":2.0,"enemies":"3 Byrds","floor":18.0,"turns":2.0},{"damage":7.0,"enemies":"2 Thieves","floor":20.0,"turns":4.0},{"damage":52.0,"enemies":"Slavers","floor":23.0,"turns":8.0},{"damage":6.0,"enemies":"Snake Plant","floor":24.0,"turns":3.0},{"damage":25,"enemies":"Book of Stabbing","floor":27,"turns":3},{"damage":1,"enemies":"Chosen and Byrds","floor":28,"turns":4},{"damage":25,"enemies":"Slavers","floor":29,"turns":3}],"seed_played":"3987301564956669392","potions_obtained":[{"floor":1.0,"key":"SneckoOil"},{"floor":3.0,"key":"LiquidBronze"},{"floor":8.0,"key":"Ancient Potion"},{"floor":12.0,"key":"Energy Potion"},{"floor":14.0,"key":"Explosive Potion"},{"floor":23.0,"key":"GhostInAJar"},{"floor":24.0,"key":"FearPotion"},{"floor":27,"key":"GamblersBrew"}],"is_trial":false,"path_per_floor":["M","$","M","M","?","E","R","E","T","?","M","M","R","E","R","B",null,"M","?","M","?","?","E","M","R","T","E","M","E"],"character_chosen":"THE_SILENT","items_purchased":["Fire Potion"],"campfire_rested":2,"item_purchase_floors":[2],"current_hp_per_floor":[59,59,55,55,72,62,62,38,38,38,29,29,50,40,40,18,59,57,57,50,50,50,8,10,25,25,8,13,0],"gold":725,"neow_bonus":"TEN_PERCENT_HP_BONUS","is_prod":false,"is_daily":false,"chose_seed":false,"campfire_upgraded":2,"win_rate":0,"timestamp":1548336807,"path_taken":["M","$","M","?","?","E","R","E","T","?","M","?","R","E","R","BOSS","M","?","?","?","?","E","M","R","T","E","?","E"],"build_version":"2019-01-23","purchased_purges":0,"victory":false,"max_hp_per_floor":[72,72,72,72,72,72,72,72,72,72,72,72,72,72,72,72,72,72,72,72,50,50,50,50,50,50,50,50,50],"card_choices":[{"not_picked":["Quick Slash","Distraction"],"picked":"Endless Agony","floor":1.0},{"not_picked":["Acrobatics","Quick Slash"],"picked":"Dagger Throw","floor":3.0},{"not_picked":["Backflip","Bane"],"picked":"Caltrops","floor":4.0},{"not_picked":["Outmaneuver","Bullet Time"],"picked":"Quick Slash","floor":6.0},{"not_picked":["Slice","Acrobatics","Flying Knee"],"picked":"SKIP","floor":8.0},{"not_picked":["Slice","Deadly Poison"],"picked":"Backstab","floor":11.0},{"not_picked":["Tactician","Riddle With Holes"],"picked":"Infinite Blades","floor":12.0},{"not_picked":["Finisher","Underhanded Strike"],"picked":"Quick Slash","floor":14.0},{"not_picked":["Burst","Unload"],"picked":"Tools of the Trade","floor":16.0},{"not_picked":["PiercingWail","Slice"],"picked":"Backflip","floor":18.0},{"not_picked":["Backflip","Flechettes"],"picked":"Crippling Poison","floor":20.0},{"not_picked":["Masterful Stab","Prepared","Backflip"],"picked":"SKIP","floor":23.0},{"not_picked":["Bane","Prepared"],"picked":"Predator","floor":24.0},{"not_picked":["Expertise","Dagger Spray","Poisoned Stab"],"picked":"SKIP","floor":27},{"not_picked":["Accuracy","Riddle With Holes","Catalyst"],"picked":"SKIP","floor":28}],"player_experience":322542,"relics_obtained":[{"floor":6.0,"key":"Pen Nib"},{"floor":8.0,"key":"Centennial Puzzle"},{"floor":9.0,"key":"Anchor"},{"floor":14.0,"key":"Old Coin"},{"floor":19.0,"key":"Ice Cream"},{"floor":23.0,"key":"Vajra"},{"floor":26.0,"key":"Dream Catcher"},{"floor":27,"key":"Bottled Lightning"}],"event_choices":[{"damage_healed":18.0,"max_hp_gain":0.0,"max_hp_loss":0.0,"gold_gain":0.0,"event_name":"The Cleric","player_choice":"Healed","floor":5.0,"gold_loss":35.0,"damage_taken":0.0},{"damage_healed":0.0,"max_hp_gain":0.0,"max_hp_loss":0.0,"gold_gain":0.0,"cards_transformed":["Strike_G"],"event_name":"Transmorgrifier","player_choice":"Transformed","floor":10.0,"gold_loss":0.0,"damage_taken":0.0,"cards_obtained":["Grand Finale"]},{"damage_healed":0.0,"max_hp_gain":0.0,"max_hp_loss":0.0,"gold_gain":0.0,"event_name":"Wheel of Change","player_choice":"Relic","floor":19.0,"gold_loss":0.0,"damage_taken":0.0},{"damage_healed":0.0,"max_hp_gain":0.0,"max_hp_loss":22.0,"gold_gain":0.0,"event_name":"Vampires","player_choice":"Became a vampire","floor":21.0,"gold_loss":0.0,"damage_taken":0.0,"cards_obtained":["Bite","Bite","Bite","Bite","Bite"]},{"damage_healed":0.0,"max_hp_gain":0.0,"max_hp_loss":0.0,"gold_gain":100.0,"event_name":"The Joust","player_choice":"Bet on Murderer","floor":22.0,"gold_loss":50.0,"damage_taken":0.0}],"is_beta":false,"boss_relics":[{"not_picked":["Lizard Tail","Runic Dome"],"picked":"Ring of the Serpent"}],"items_purged_floors":[],"is_endless":false,"potions_floor_spawned":[1,3,8,12,14,23,24,27],"killed_by":"Slavers","ascension_level":17}