{"path_per_floor":["M","M","?","M","M","R","E","M","T","$","R","E","R","M","R","B",null,"M","M","?","?"],"character_chosen":"DEFECT","items_purchased":[],"gold_per_floor":[116,132,132,152,167,167,201,216,286,211,211,240,240,258,258,363,363,374,387,387,337,337],"floor_reached":22,"campfire_rested":0,"playtime":681,"item_purchase_floors":[],"current_hp_per_floor":[75,75,75,75,72,72,53,52,52,52,52,51,51,41,41,41,89,74,62,45,45,0],"items_purged":["Defend_B"],"gold":337,"score":271,"play_id":"a946cb44-77b4-4680-9d9c-963fbf74d1e2","local_time":"20180606022539","is_prod":false,"is_daily":false,"chose_seed":false,"is_ascension_mode":false,"campfire_upgraded":4,"win_rate":0,"timestamp":1528219539,"campfire_choices":[{"data":"Zap","floor":6,"key":"SMITH"},{"data":"Redo","floor":11,"key":"SMITH"},{"data":"Ball Lightning","floor":13,"key":"SMITH"},{"data":"Ball Lightning","floor":15,"key":"SMITH"}],"path_taken":["M","M","?","?","M","R","E","M","T","$","R","E","R","M","R","BOSS","M","M","?","?","?"],"build_version":"2018-05-31","seed_source_timestamp":1141249997446688,"purchased_purges":1,"victory":false,"master_deck":["Strike_B","Strike_B","Strike_B","Strike_B","Defend_B","Defend_B","Defend_B","Zap+1","Dualcast","Ball Lightning+1","Redo+1","Ball Lightning+1","Electrodynamics","BootSequence+1"],"max_hp_per_floor":[75,75,75,75,75,75,75,75,75,75,75,89,89,89,89,89,89,89,89,94,94,94],"relics":["Cracked Core","Omamori","Darkstone Periapt","Mango","Velvet Choker"],"card_choices":[{"not_picked":["Gash","Leap"],"picked":"Ball Lightning","floor":1},{"not_picked":["Steam","Ball Lightning"],"picked":"Redo","floor":2},{"not_picked":["Barrage","Force Field","Steam"],"picked":"SKIP","floor":4},{"not_picked":["Recycle","Steam Power","Turbo"],"picked":"SKIP","floor":5},{"not_picked":["Hologram","Sweeping Beam"],"picked":"Ball Lightning","floor":7},{"not_picked":["Doom and Gloom","Cold Snap","Compile Driver"],"picked":"SKIP","floor":8},{"not_picked":["Heatsinks","Compile Driver","Beam Cell"],"picked":"SKIP","floor":12},{"not_picked":["Meteor Strike","Leap","Beam Cell"],"picked":"SKIP","floor":14},{"not_picked":["Multi-Cast","Biased Cognition"],"picked":"Electrodynamics","floor":16},{"not_picked":["Rip and Tear","Beam Cell"],"picked":"BootSequence+1","floor":18},{"not_picked":["Streamline","Steam Power","Skim"],"picked":"SKIP","floor":19}],"player_experience":779031,"potions_floor_usage":[],"damage_taken":[{"damage":0,"enemies":"Small Slimes","floor":1,"turns":3},{"damage":0,"enemies":"Cultist","floor":2,"turns":3},{"damage":0,"enemies":"2 Louse","floor":4,"turns":2},{"damage":3,"enemies":"Red Slaver","floor":5,"turns":3},{"damage":19,"enemies":"3 Sentries","floor":7,"turns":6},{"damage":1,"enemies":"2 Fungi Beasts","floor":8,"turns":2},{"damage":15,"enemies":"Gremlin Nob","floor":12,"turns":3},{"damage":10,"enemies":"Large Slime","floor":14,"turns":4},{"damage":0,"enemies":"Slime Boss","floor":16,"turns":7},{"damage":15,"enemies":"2 Thieves","floor":18,"turns":2},{"damage":12,"enemies":"Shell Parasite","floor":19,"turns":3},{"damage":52,"enemies":"Cultist and Chosen","floor":22,"turns":4}],"relics_obtained":[{"floor":7,"key":"Omamori"},{"floor":9,"key":"Darkstone Periapt"},{"floor":12,"key":"Mango"}],"event_choices":[{"event_name":"Match and Keep!","player_choice":"0 cards matched","floor":3,"damage_taken":0},{"event_name":"Forgotten Altar","player_choice":"Shed Blood","floor":20,"damage_taken":0},{"event_name":"The Joust","player_choice":"Bet on Murderer","floor":21,"damage_taken":0}],"boss_relics":[{"not_picked":["Eternal Feather","Tiny House"],"picked":"Velvet Choker"}],"items_purged_floors":[10],"potions_floor_spawned":[5,14,16,18],"seed_played":"6243083416269701760","killed_by":"Cultist and Chosen","ascension_level":0,"potions_obtained":[{"floor":5,"key":"SteroidPotion"},{"floor":14,"key":"Dexterity Potion"},{"floor":16,"key":"EssenceOfSteel"},{"floor":18,"key":"Energy Potion"}],"is_trial":false}