{"path_per_floor":["M","?","M","M","$","?","R","E","T","E","M","R","$","M","R","B",null,"M","?","M","?","M","E","R","M","T","M","$","?","R","?","R","B",null,"M","?"],"character_chosen":"IRONCLAD","items_purchased":["Pantograph"],"gold_per_floor":[114,114,126,139,64,239,239,268,291,326,338,338,76,96,96,194,194,207,107,124,124,143,170,170,180,180,194,94,9,9,9,9,108,108,123,171],"floor_reached":37,"campfire_rested":3,"playtime":3669,"current_hp_per_floor":[80,80,80,80,80,80,80,64,64,35,39,39,39,28,52,34,80,80,80,72,56,59,13,37,30,30,11,11,11,35,61,61,9,80,50,18],"items_purged":["Regret","Doubt"],"gold":171,"score":347,"play_id":"5e05903b-5a51-403b-aadb-735ad2d39f8e","is_prod":false,"is_daily":false,"is_ascension_mode":false,"campfire_upgraded":3,"path_taken":["M","?","M","M","$","?","R","E","T","E","M","R","?","M","R","BOSS","M","?","M","?","M","E","R","M","T","M","?","?","R","?","R","BOSS","M","?","?"],"build_version":"2018-02-22-PROD2","purchased_purges":3,"victory":false,"master_deck":["Strike_R","Strike_R","Strike_R","Strike_R","Strike_R","Defend_R","Defend_R","Defend_R","Defend_R","Bash+1","Sever Soul","Battle Trance+1","Battle Trance+1","Cleave","Pommel Strike","Fiend Fire+1","Clumsy","Pain","Decay","Infernal Blade+1","J.A.X.+1","Battle Trance+1","Evolve+1","Armaments+1","Bloodletting+1","Limit Break+1","Demon Form","Thunderclap+1","Rupture"],"max_hp_per_floor":[80,80,80,80,80,80,80,80,80,80,80,80,80,80,80,80,80,80,80,80,80,80,80,80,80,80,80,80,80,80,80,80,80,80,80,80],"relics":["Burning Blood","Gremlin Horn","Vajra","Happy Flower","Toxic Egg 2","Pantograph","Calling Bell","Dead Branch","Bronze Scales","Gambling Chip","Enchiridion","Dodecahedron","Darkstone Periapt","Unceasing Top","Snecko Eye","Girya"],"card_choices":[{"not_picked":["Uppercut","Shrug It Off"],"picked":"Sever Soul"},{"not_picked":["Iron Wave","Warcry"],"picked":"Battle Trance"},{"not_picked":["Sentinel","Immolate"],"picked":"Battle Trance"},{"not_picked":["Sentinel","Havoc"],"picked":"Cleave"},{"not_picked":["Cleave","Body Slam"],"picked":"Pommel Strike"},{"not_picked":["Brutality","Exhume"],"picked":"Fiend Fire"},{"not_picked":["Havoc","Entrench"],"picked":"Infernal Blade"},{"not_picked":["True Grit","Fire Breathing"],"picked":"Battle Trance"},{"not_picked":["Cleave","Second Wind"],"picked":"Evolve"},{"not_picked":["Havoc","Second Wind"],"picked":"Armaments"},{"not_picked":["Wild Strike","Havoc"],"picked":"Bloodletting"},{"not_picked":["Fire Breathing","Heavy Blade"],"picked":"Limit Break"},{"not_picked":["Reaper","Feed"],"picked":"Demon Form"},{"not_picked":["Heavy Blade","Fire Breathing"],"picked":"Thunderclap"},{"not_picked":["Bloodletting","Warcry"],"picked":"Rupture"}],"player_experience":44257,"potions_floor_usage":[8,16,16,22,33,33,37],"damage_taken":[{"damage":0,"enemies":"2 Louse","floor":1,"turns":3},{"damage":0,"enemies":"Small Slimes","floor":3,"turns":3},{"damage":6,"enemies":"Jaw Worm","floor":4,"turns":4},{"damage":35,"enemies":"3 Sentries","floor":8,"turns":11},{"damage":35,"enemies":"Lagavulin","floor":10,"turns":8},{"damage":2,"enemies":"3 Louse","floor":11,"turns":6},{"damage":17,"enemies":"Large Slime","floor":14,"turns":4},{"damage":49,"enemies":"Slime Boss","floor":16,"turns":10},{"damage":2,"enemies":"3 Byrds","floor":18,"turns":4},{"damage":14,"enemies":"Spheric Guardian","floor":20,"turns":3},{"damage":3,"enemies":"Centurion and Healer","floor":22,"turns":2},{"damage":52,"enemies":"Gremlin Leader","floor":23,"turns":4},{"damage":13,"enemies":"3 Cultists","floor":25,"turns":4},{"damage":25,"enemies":"Sentry and Sphere","floor":27,"turns":3},{"damage":77,"enemies":"Champ","floor":33,"turns":8},{"damage":36,"enemies":"3 Shapes","floor":35,"turns":2},{"damage":38,"enemies":"Mysterious Sphere","floor":36,"turns":2},{"damage":19,"enemies":"3 Darklings","floor":37,"turns":1}],"event_choices":[{"event_name":"Big Fish","player_choice":"Box","floor":2,"damage_taken":0},{"event_name":"Liars Game","player_choice":"agreed","floor":6,"damage_taken":0},{"event_name":"Drug Dealer","player_choice":"Got JAXXED","floor":19,"damage_taken":0},{"event_name":"Cursed Tome","player_choice":"Obtained Book","floor":21,"damage_taken":0},{"event_name":"Addict","player_choice":"Obtained Relic","floor":29,"damage_taken":0},{"event_name":"The Library","player_choice":"Heal","floor":31,"damage_taken":0},{"event_name":"Mysterious Sphere","player_choice":"Fight","floor":36,"damage_taken":0}],"boss_relics":[{"not_picked":["Mark of Pain","White Beast Statue"],"picked":"Calling Bell"},{"not_picked":["Runic Pyramid","Runic Dome"],"picked":"Snecko Eye"}],"potions_floor_spawned":[1,11,14,18,23,25,35],"seed_played":"-4053485545846580502","killed_by":"3 Darklings","ascension_level":0,"is_trial":false}