{"path_per_floor":["M","M","?","?","?","R","$","R","T","$","?","M","M","M","R","B",null,"M","M","?","M","M","R","?","$","T","R","M","$","M","?","R","B",null,"M","?","?","M","M","R","$"],"character_chosen":"IRONCLAD","items_purchased":["Pommel Strike","Dramatic Entrance","Anger"],"gold_per_floor":[117,129,129,129,79,79,25,25,25,25,25,45,57,74,74,177,177,196,206,206,218,233,233,148,45,69,69,82,34,50,50,50,145,145,161,0,0,14,28,28,28],"floor_reached":42,"campfire_rested":2,"playtime":3228,"current_hp_per_floor":[82,81,81,81,81,81,81,81,95,95,95,89,88,97,97,57,109,92,73,57,31,38,71,71,71,71,71,32,32,14,51,84,28,112,93,93,93,92,76,76,76],"items_purged":[],"gold":28,"play_id":"ef9229ac-10d4-4fba-9e23-fba5ea8e6c80","is_prod":false,"is_daily":false,"is_ascension_mode":false,"campfire_upgraded":5,"path_taken":["M","M","?","?","?","R","?","R","T","$","?","M","?","M","R","BOSS","M","M","?","?","M","R","?","?","T","R","M","$","M","?","R","BOSS","M","?","?","M","M","R","$","E"],"build_version":"2018-02-01-PROD3","purchased_purges":0,"victory":false,"master_deck":["Strike_R","Defend_R","Defend_R","Defend_R","Defend_R","Bash","Feed","Fire Breathing+1","Anger+1","Battle Trance","Pommel Strike+1","Iron Wave","Shrug It Off","Demon Form+1","Pommel Strike","Anger","Battle Trance+1","Armaments+1","Dramatic Entrance","Anger","Pommel Strike","Impervious","Uppercut+1","Offering+1","Body Slam+1","Thunderclap+1","Pommel Strike+1","Heavy Blade"],"max_hp_per_floor":[83,86,86,86,86,86,86,86,100,100,100,100,103,106,106,109,109,112,112,112,112,112,112,112,112,112,112,112,112,112,112,112,112,112,115,115,115,115,115,115,115],"relics":["Black Blood","Oddly Smooth Stone","Mango","Nilry\u0027s Codex","Orichalcum","Bag of Preparation","Astrolabe","Red Mask"],"card_choices":[{"not_picked":["Twin Strike","Rampage"],"picked":"Fire Breathing"},{"not_picked":["Reckless Charge","Twin Strike"],"picked":"Anger"},{"not_picked":["Bloodletting","Rage"],"picked":"Iron Wave"},{"not_picked":["Whirlwind","Headbutt"],"picked":"Shrug It Off"},{"not_picked":["Body Slam","Blood for Blood"],"picked":"Perfected Strike"},{"not_picked":["Offering","Brutality"],"picked":"Demon Form"},{"not_picked":["Iron Wave","Body Slam"],"picked":"Pommel Strike"},{"not_picked":["Warcry","Clothesline"],"picked":"Anger"},{"not_picked":["Thunderclap","Blood for Blood"],"picked":"Battle Trance"},{"not_picked":["Power Through","Perfected Strike"],"picked":"Armaments"},{"not_picked":["Clash","True Grit"],"picked":"Headbutt"},{"not_picked":["Rupture","True Grit"],"picked":"Pommel Strike"},{"not_picked":["Double Tap","Offering"],"picked":"Impervious"},{"not_picked":["Pommel Strike","Body Slam"],"picked":"Thunderclap"},{"not_picked":["Perfected Strike","Armaments"],"picked":"Pommel Strike"},{"not_picked":["Seeing Red","Thunderclap"],"picked":"Heavy Blade"}],"player_experience":13644,"potions_floor_usage":[22,22,22,42],"damage_taken":[{"damage":7.0,"enemies":"Small Slimes","floor":1.0,"turns":3.0},{"damage":10.0,"enemies":"Jaw Worm","floor":2.0,"turns":5.0},{"damage":12.0,"enemies":"Blue Slaver","floor":12.0,"turns":4.0},{"damage":10.0,"enemies":"Looter","floor":13.0,"turns":2.0},{"damage":0.0,"enemies":"Exordium Wildlife","floor":14.0,"turns":4.0},{"damage":49.0,"enemies":"Slime Boss","floor":16.0,"turns":11.0},{"damage":30,"enemies":"3 Byrds","floor":18,"turns":7},{"damage":29,"enemies":"Shell Parasite","floor":19,"turns":6},{"damage":36,"enemies":"Snecko","floor":21,"turns":6},{"damage":3,"enemies":"3 Cultists","floor":22,"turns":4},{"damage":49,"enemies":"Centurion and Healer","floor":28,"turns":7},{"damage":28,"enemies":"Snake Plant","floor":30,"turns":5},{"damage":78,"enemies":"Collector","floor":33,"turns":9},{"damage":32,"enemies":"3 Shapes","floor":35,"turns":5},{"damage":11,"enemies":"Orb Walker","floor":38,"turns":4},{"damage":26,"enemies":"Maw","floor":39,"turns":8},{"damage":119,"enemies":"Giant Head","floor":42,"turns":9}],"event_choices":[{"event_name":"Big Fish","player_choice":"Box","floor":3.0,"damage_taken":0.0},{"event_name":"Living Wall","player_choice":"Change","floor":4.0,"damage_taken":0.0},{"event_name":"The Cleric","player_choice":"Card Removal","floor":5.0,"damage_taken":0.0},{"event_name":"Match and Keep!","player_choice":"0 cards matched","floor":11.0,"damage_taken":0.0},{"event_name":"Cursed Tome","player_choice":"Obtained Book","floor":20,"damage_taken":0},{"event_name":"Addict","player_choice":"Obtained Relic","floor":24,"damage_taken":0},{"event_name":"The Library","player_choice":"Heal","floor":31,"damage_taken":0},{"event_name":"Tomb of Lord Red Mask","player_choice":"Paid","floor":36,"damage_taken":0}],"boss_relics":[{"not_picked":["Lizard Tail","Cursed Key"],"picked":"Astrolabe"}],"potions_floor_spawned":[12,13,14,18,21,35,39],"seed_played":"-7461095824043869458","killed_by":"Giant Head","ascension_level":0,"is_trial":false}