{"gold_per_floor":[109,121,46,65,65,96,96,96,96,130,151,151,194,46,46,170,170,195,215,230,265,265,265,265],"floor_reached":24,"playtime":1288,"items_purged":["Doubt","Regret"],"score":303,"play_id":"11770942-1754-435f-ae9b-b068dcb4aff1","local_time":"20181225063648","is_ascension_mode":true,"campfire_choices":[{"floor":7.0,"key":"REST"},{"floor":12,"key":"REST"},{"floor":15,"key":"REST"},{"floor":23,"key":"REST"}],"neow_cost":"CURSE","seed_source_timestamp":30047180326801,"circlet_count":0,"master_deck":["Defend_G","Defend_G","Defend_G","Defend_G","Defend_G","Strike_G","Strike_G+1","Strike_G","Strike_G","Strike_G+1","Survivor","Neutralize","Dagger Spray","Bouncing Flask","Catalyst","Injury","Dagger Spray+1","Dagger Spray+1","Slice+1","Storm of Steel","Flying Knee+1","Dash+1","Dagger Spray+1","Deflect"],"special_seed":0,"relics":["Ring of the Snake","Unceasing Top","Molten Egg 2","Darkstone Periapt","Golden Idol","Gremlin Horn","Shuriken","Whetstone","Busted Crown","Red Mask"],"potions_floor_usage":[11,16,19,21],"damage_taken":[{"damage":0.0,"enemies":"Cultist","floor":1.0,"turns":5.0},{"damage":2.0,"enemies":"2 Louse","floor":2.0,"turns":3.0},{"damage":1.0,"enemies":"Jaw Worm","floor":4.0,"turns":3.0},{"damage":36.0,"enemies":"Gremlin Nob","floor":6.0,"turns":5.0},{"damage":31.0,"enemies":"3 Sentries","floor":10.0,"turns":8.0},{"damage":11,"enemies":"Large Slime","floor":11,"turns":5},{"damage":30,"enemies":"Lagavulin","floor":13,"turns":8},{"damage":31,"enemies":"Slime Boss","floor":16,"turns":7},{"damage":22,"enemies":"Spheric Guardian","floor":18,"turns":5},{"damage":8,"enemies":"Shell Parasite","floor":19,"turns":4},{"damage":19,"enemies":"Shelled Parasite and Fungi","floor":20,"turns":4},{"damage":0,"enemies":"Masked Bandits","floor":21,"turns":2},{"damage":36,"enemies":"Book of Stabbing","floor":24,"turns":4}],"seed_played":"8643451623099490892","potions_obtained":[{"floor":6.0,"key":"GamblersBrew"},{"floor":10.0,"key":"SteroidPotion"},{"floor":11,"key":"FairyPotion"},{"floor":18,"key":"Energy Potion"},{"floor":20,"key":"FearPotion"}],"is_trial":false,"path_per_floor":["M","M","$","M","?","E","R","?","T","E","M","R","E","$","R","B",null,"M","M","M","?","?","R","E"],"character_chosen":"THE_SILENT","items_purchased":["SkillPotion"],"campfire_rested":4,"item_purchase_floors":[14],"current_hp_per_floor":[63,61,61,60,60,24,45,51,51,20,9,31,1,1,23,7,59,37,29,10,10,10,32,0],"gold":265,"neow_bonus":"ONE_RARE_RELIC","is_prod":false,"is_daily":false,"chose_seed":false,"campfire_upgraded":0,"win_rate":0,"timestamp":1545712608,"path_taken":["M","?","$","M","?","E","R","?","T","E","M","R","E","$","R","BOSS","M","M","M","?","?","R","E"],"build_version":"2018-12-20","purchased_purges":2,"victory":false,"max_hp_per_floor":[70,70,70,70,70,70,70,76,76,76,76,76,76,76,76,76,76,76,76,76,76,76,76,76],"card_choices":[{"not_picked":["Dodge and Roll","Underhanded Strike"],"picked":"Dagger Spray","floor":1.0},{"not_picked":["Caltrops","Dagger Throw"],"picked":"Bouncing Flask","floor":2.0},{"not_picked":["Bane","Flechettes","Tactician"],"picked":"SKIP","floor":4.0},{"not_picked":["Cloak And Dagger","Acrobatics"],"picked":"Catalyst","floor":6.0},{"not_picked":["Blur","Acrobatics"],"picked":"Dagger Spray+1","floor":10.0},{"not_picked":["Reflex","Dodge and Roll"],"picked":"Dagger Spray+1","floor":11},{"not_picked":["Blade Dance","All Out Attack+1"],"picked":"Slice+1","floor":13},{"not_picked":["Malaise","Night Terror"],"picked":"Storm of Steel","floor":16},{"not_picked":[],"picked":"Flying Knee+1","floor":18},{"not_picked":[],"picked":"Dash+1","floor":19},{"not_picked":[],"picked":"Dagger Spray+1","floor":20}],"player_experience":159549,"relics_obtained":[{"floor":6.0,"key":"Darkstone Periapt"},{"floor":9.0,"key":"Gremlin Horn"},{"floor":10.0,"key":"Shuriken"},{"floor":13,"key":"Whetstone"},{"floor":21,"key":"Red Mask"}],"event_choices":[{"damage_healed":0.0,"max_hp_gain":0.0,"max_hp_loss":0.0,"gold_gain":0.0,"event_name":"Big Fish","player_choice":"Box","floor":5.0,"gold_loss":0.0,"damage_taken":0.0,"relics_obtained":["Molten Egg 2"],"cards_obtained":["Regret"]},{"damage_healed":0.0,"max_hp_gain":0.0,"max_hp_loss":0.0,"gold_gain":0.0,"event_name":"Golden Idol","player_choice":"Take Wound","floor":8.0,"gold_loss":0.0,"damage_taken":0.0,"relics_obtained":["Golden Idol"],"cards_obtained":["Injury"]},{"damage_healed":0,"gold_gain":0,"player_choice":"Fought Bandits","damage_taken":0,"max_hp_gain":0,"max_hp_loss":0,"event_name":"Masked Bandits","floor":21,"gold_loss":0},{"damage_healed":0,"gold_gain":0,"player_choice":"Read","damage_taken":0,"max_hp_gain":0,"max_hp_loss":0,"event_name":"The Library","floor":22,"gold_loss":0,"cards_obtained":["Deflect"]}],"is_beta":false,"boss_relics":[{"not_picked":["Coffee Dripper","Orrery"],"picked":"Busted Crown"}],"items_purged_floors":[3,14],"is_endless":false,"potions_floor_spawned":[6,10,11,18,20],"killed_by":"Book of Stabbing","ascension_level":6}