{"gold_per_floor":[112,112,112,131,150,150,164,66,66,241,258,276,130,145,145,145],"floor_reached":16,"playtime":851,"items_purged":["Doubt"],"score":94,"play_id":"b00eb9dc-0786-4ca5-86f5-71fbef57cc10","local_time":"20190211235818","is_ascension_mode":false,"campfire_choices":[{"data":"Armaments","floor":6,"key":"SMITH"},{"data":"Searing Blow","floor":15,"key":"SMITH"}],"neow_cost":"NONE","seed_source_timestamp":123606975003347,"circlet_count":0,"master_deck":["Strike_R","Strike_R","Strike_R","Strike_R","Strike_R+1","Defend_R","Defend_R+1","Defend_R","Defend_R","Bash","True Grit","Searing Blow+1","Armaments+1","Shrug It Off","Finesse","Armaments","Battle Trance","Dual Wield"],"relics":["Burning Blood","Red Skull","Dream Catcher"],"potions_floor_usage":[16,16,16,16,16,16],"damage_taken":[{"damage":7,"enemies":"Small Slimes","floor":1,"turns":4},{"damage":5,"enemies":"2 Louse","floor":4,"turns":3},{"damage":2,"enemies":"Cultist","floor":5,"turns":4},{"damage":0,"enemies":"Exordium Wildlife","floor":7,"turns":3},{"damage":15,"enemies":"3 Louse","floor":11,"turns":6},{"damage":11,"enemies":"2 Fungi Beasts","floor":12,"turns":4},{"damage":15,"enemies":"Large Slime","floor":14,"turns":8},{"damage":61,"enemies":"Slime Boss","floor":16,"turns":12}],"seed_played":"7370722218548328933","potions_obtained":[{"floor":4,"key":"EntropicBrew"},{"floor":5,"key":"Poison Potion"},{"floor":14,"key":"SteroidPotion"}],"is_trial":false,"path_per_floor":["M","?","?","M","M","R","M","$","T","?","M","M","$","M","R","B"],"character_chosen":"IRONCLAD","items_purchased":["Finesse","Battle Trance"],"campfire_rested":0,"item_purchase_floors":[8,13],"current_hp_per_floor":[79,63,63,64,68,68,74,74,74,74,65,60,60,51,51,0],"gold":145,"neow_bonus":"RANDOM_COMMON_RELIC","is_prod":false,"is_daily":false,"chose_seed":false,"campfire_upgraded":2,"win_rate":0,"timestamp":1549947498,"path_taken":["M","?","?","M","?","R","M","$","T","?","M","M","$","M","R","BOSS"],"build_version":"2019-01-23","purchased_purges":1,"victory":false,"max_hp_per_floor":[80,80,80,80,80,80,80,80,80,80,80,80,80,80,80,80],"card_choices":[{"not_picked":["Twin Strike","Anger"],"picked":"True Grit","floor":1},{"not_picked":["Sentinel","Havoc"],"picked":"Searing Blow","floor":4},{"not_picked":["Power Through","Flex"],"picked":"Armaments","floor":5},{"not_picked":["Exhume","Body Slam"],"picked":"Shrug It Off","floor":7},{"not_picked":["Warcry","Cleave"],"picked":"Armaments","floor":11},{"not_picked":["Perfected Strike","Juggernaut","Thunderclap"],"picked":"SKIP","floor":12},{"not_picked":["Heavy Blade","Shrug It Off"],"picked":"Dual Wield","floor":14}],"player_experience":1033253,"relics_obtained":[{"floor":9,"key":"Dream Catcher"}],"event_choices":[{"damage_healed":0,"gold_gain":0,"player_choice":"Entered Light","damage_taken":16,"max_hp_gain":0,"max_hp_loss":0,"event_name":"Shining Light","floor":2,"gold_loss":0,"cards_upgraded":["Strike_R","Defend_R"]},{"damage_healed":0,"gold_gain":0,"player_choice":"Leave","damage_taken":0,"max_hp_gain":0,"max_hp_loss":0,"event_name":"FaceTrader","floor":3,"gold_loss":0},{"damage_healed":0,"gold_gain":175,"player_choice":"AGREE","damage_taken":0,"max_hp_gain":0,"max_hp_loss":0,"event_name":"Liars Game","floor":10,"gold_loss":0,"cards_obtained":["Doubt"]}],"is_beta":false,"boss_relics":[],"items_purged_floors":[13],"is_endless":false,"potions_floor_spawned":[4,5,14],"killed_by":"Slime Boss","ascension_level":0}