{"gold_per_floor":[115,42,42,58,58,86,86,124,136,160,20,40,40,59,59,59],"floor_reached":16,"playtime":640,"items_purged":["Regret"],"score":135,"play_id":"6b8230b5-c18f-4724-b07d-b5e8e35dcda4","local_time":"20181110171036","is_ascension_mode":false,"campfire_choices":[{"data":"Thunder Strike","floor":15,"key":"SMITH"}],"neow_cost":"NONE","seed_source_timestamp":429974703284292,"circlet_count":0,"master_deck":["Strike_B","Strike_B","Strike_B","Strike_B","Defend_B","Zap","Dualcast","Beam Cell","Storm","White Noise","Thunder Strike+1","Redo","Core Surge","Melter","Multi-Cast","Ball Lightning","Force Field"],"relics":["Cracked Core","NeowsBlessing","Incense Burner","MawBank","Art of War","Dead Branch"],"potions_floor_usage":[12,16,16],"damage_taken":[{"damage":0,"enemies":"2 Louse","floor":1,"turns":1},{"damage":0,"enemies":"Cultist","floor":4,"turns":1},{"damage":0,"enemies":"3 Sentries","floor":6,"turns":1},{"damage":35,"enemies":"Lagavulin","floor":8,"turns":5},{"damage":1,"enemies":"Small Slimes","floor":10,"turns":2},{"damage":3,"enemies":"3 Louse","floor":12,"turns":2},{"damage":12,"enemies":"Blue Slaver","floor":14,"turns":2},{"damage":25,"enemies":"Hexaghost","floor":16,"turns":4}],"seed_played":"-9165230822482310457","potions_obtained":[{"floor":8,"key":"SpeedPotion"},{"floor":10,"key":"SpeedPotion"},{"floor":12,"key":"AttackPotion"}],"is_trial":false,"path_per_floor":["M","$","?","M","?","E","?","E","T","M","$","M","?","M","R","B"],"character_chosen":"DEFECT","items_purchased":["Storm","Multi-Cast"],"campfire_rested":0,"item_purchase_floors":[2,11],"current_hp_per_floor":[75,75,75,75,75,75,75,40,40,39,39,36,36,24,24,0],"gold":59,"neow_bonus":"THREE_ENEMY_KILL","is_prod":false,"is_daily":false,"chose_seed":false,"campfire_upgraded":1,"win_rate":0.0,"timestamp":1541887836,"path_taken":["M","$","?","?","?","E","?","E","T","M","?","M","?","M","R","BOSS"],"build_version":"2018-11-08","purchased_purges":1,"victory":false,"max_hp_per_floor":[75,75,75,75,75,75,75,75,75,75,75,75,75,75,75,75],"card_choices":[{"not_picked":["Conserve Battery","Coolheaded"],"picked":"Beam Cell","floor":1},{"not_picked":["Coolheaded","Sweeping Beam"],"picked":"White Noise","floor":4},{"not_picked":["Auto Shields","Recycle"],"picked":"Redo","floor":6},{"not_picked":["Doom and Gloom","Recycle"],"picked":"Core Surge","floor":8},{"not_picked":["Skim","Reprogram"],"picked":"Melter","floor":10},{"not_picked":["Stack","Undo"],"picked":"Ball Lightning","floor":12},{"not_picked":["Leap","Barrage"],"picked":"Force Field","floor":14}],"player_experience":157373,"relics_obtained":[{"floor":6,"key":"Incense Burner"},{"floor":8,"key":"Art of War"},{"floor":9,"key":"Dead Branch"}],"event_choices":[{"cards_removed":["Defend_B"],"damage_healed":0,"gold_gain":0,"player_choice":"Purged","damage_taken":0,"max_hp_gain":0,"max_hp_loss":0,"event_name":"Purifier","floor":3,"gold_loss":0},{"damage_healed":0,"gold_gain":0,"cards_transformed":["Defend_B"],"player_choice":"Change","damage_taken":0,"max_hp_gain":0,"max_hp_loss":0,"event_name":"Living Wall","floor":5,"gold_loss":0,"cards_obtained":["Thunder Strike"]},{"damage_healed":0,"gold_gain":0,"player_choice":"Box","damage_taken":0,"relics_obtained":["MawBank"],"max_hp_gain":0,"max_hp_loss":0,"event_name":"Big Fish","floor":7,"gold_loss":0,"cards_obtained":["Regret"]},{"cards_removed":["Defend_B"],"damage_healed":0,"gold_gain":0,"player_choice":"Offered Basic","damage_taken":0,"max_hp_gain":0,"max_hp_loss":0,"event_name":"Bonfire Elementals","floor":13,"gold_loss":0}],"is_beta":false,"boss_relics":[],"items_purged_floors":[11],"is_endless":false,"potions_floor_spawned":[8,10,12],"killed_by":"Hexaghost","ascension_level":0}