{"gold_per_floor":[214,214,229,240,240,265,265],"floor_reached":7,"playtime":404,"items_purged":[],"score":59,"play_id":"fb66c811-74e8-4b13-80d1-602aaea2f049","local_time":"20181201223107","is_ascension_mode":true,"campfire_choices":[],"neow_cost":"NONE","seed_source_timestamp":692941154807407,"circlet_count":0,"master_deck":["Defend_G","Defend_G","Defend_G+1","Defend_G","Defend_G+1","Strike_G","Strike_G","Strike_G","Strike_G","Survivor","Neutralize"],"relics":["Ring of the Snake","Bronze Scales"],"potions_floor_usage":[6,7],"damage_taken":[{"damage":5,"enemies":"Jaw Worm","floor":1,"turns":4},{"damage":3,"enemies":"Small Slimes","floor":3,"turns":4},{"damage":1,"enemies":"2 Louse","floor":4,"turns":4},{"damage":27,"enemies":"3 Sentries","floor":6,"turns":14},{"damage":14,"enemies":"Exordium Thugs","floor":7,"turns":4}],"seed_played":"-8283270742708564624","potions_obtained":[{"floor":3,"key":"GamblersBrew"},{"floor":4,"key":"SteroidPotion"},{"floor":6,"key":"GamblersBrew"}],"is_trial":false,"path_per_floor":["M","?","M","M","?","E","M"],"character_chosen":"THE_SILENT","items_purchased":[],"campfire_rested":0,"item_purchase_floors":[],"current_hp_per_floor":[65,51,48,47,40,13,0],"gold":265,"neow_bonus":"HUNDRED_GOLD","is_prod":false,"is_daily":false,"chose_seed":false,"campfire_upgraded":0,"win_rate":0,"timestamp":1543721467,"path_taken":["M","?","M","M","?","E","M"],"build_version":"2018-11-15","purchased_purges":0,"victory":false,"max_hp_per_floor":[70,70,70,70,70,70,70],"card_choices":[{"not_picked":["Dodge and Roll","Outmaneuver","Blade Dance"],"picked":"SKIP","floor":1},{"not_picked":["Outmaneuver","Dagger Throw","Reflex"],"picked":"SKIP","floor":3},{"not_picked":["Outmaneuver","Dagger Throw","Deflect"],"picked":"SKIP","floor":4},{"not_picked":["Endless Agony","Outmaneuver","Glass Knife"],"picked":"SKIP","floor":6}],"player_experience":231784,"relics_obtained":[{"floor":6,"key":"Bronze Scales"}],"event_choices":[{"damage_healed":0,"gold_gain":0,"player_choice":"Entered Light","damage_taken":14,"max_hp_gain":0,"max_hp_loss":0,"event_name":"Shining Light","floor":2,"gold_loss":0,"cards_upgraded":["Defend_G","Defend_G"]},{"cards_removed":["Strike_G"],"damage_healed":0,"gold_gain":0,"player_choice":"Card Removal","damage_taken":7,"max_hp_gain":0,"max_hp_loss":0,"event_name":"Golden Wing","floor":5,"gold_loss":0}],"is_beta":false,"boss_relics":[],"items_purged_floors":[],"is_endless":false,"potions_floor_spawned":[3,4,6],"killed_by":"Exordium Thugs","ascension_level":3}