{"gold_per_floor":[113,123,141,151,151,151,191,191,273,297,313,356,376,409,409,508,508,521,542,555,574,356,356,356,390,416,416,416,416,29,44,44,143,143,161,161,179,198,198,198,219,219,242,242,287,140,160,195,195,291,291,315,7,26,40,40,76,95,95,95,111,126,164,477,477,477,570,570,593,606,624,639,664,664,679,699,743,762,781,781,797,816,816,909,909,934,100,125,145,158,158,176,210,248,10,10,50,70,114,114,210,210,231,246,276,276],"floor_reached":106,"playtime":3770,"items_purged":["Steam Power+1"],"score":5003,"play_id":"743550e2-0c23-4f62-bf27-2b8d3b73727b","local_time":"20180808184809","daily_mods":["Draft","Diverse","Heirloom","Allstar","Time Dilation","Vintage"],"is_ascension_mode":true,"campfire_choices":[{"floor":6,"key":"REST"},{"data":"Double Energy","floor":8,"key":"SMITH"},{"data":"Accuracy","floor":15,"key":"SMITH"},{"data":"Loop+1","floor":23,"key":"PURGE"},{"data":"Blade Dance","floor":27,"key":"SMITH"},{"floor":32,"key":"REST"},{"data":"Acrobatics","floor":40,"key":"PURGE"},{"data":"Rage","floor":42,"key":"SMITH"},{"data":"Backstab","floor":49,"key":"SMITH"},{"floor":59,"key":"DIG"},{"floor":66,"key":"DIG"},{"floor":74,"key":"DIG"},{"floor":83,"key":"DIG"},{"floor":91,"key":"DIG"},{"floor":100,"key":"DIG"}],"neow_cost":"","seed_source_timestamp":308653359132859,"circlet_count":4,"master_deck":["AscendersBane","Infinite Blades","Accuracy+1","Underhanded Strike","Dropkick","Rage+1","Blade Dance+1","Pommel Strike+1","Beam Cell","Pommel Strike","Endless Agony","Double Energy+1","All For One","Genetic Algorithm+1","Flash of Steel+1","FTL","Escape Plan+1","Backstab+1","Flash of Steel+1","Accuracy+1","Blade Dance+1","Hyperbeam"],"relics":["Ring of the Snake","Du-Vu Doll","Dead Branch","Centennial Puzzle","Peace Pipe","Ninja Scroll","Golden Idol","Dream Catcher","Gremlin Horn","Bag of Marbles","Oddly Smooth Stone","Omamori","Mercury Hourglass","Odd Mushroom","Happy Flower","Astrolabe","Turnip","Pen Nib","Regal Pillow","Boot","Snake Skull","Juzu Bracelet","Blood Vial","MawBank","Blue Candle","The Courier","Sozu","Vajra","Tough Bandages","Whetstone","Orichalcum","Ancient Tea Set","Tiny Chest","Singing Bowl","Bottled Flame","Strawberry","Philosopher\u0027s Stone","Kunai","DollysMirror","Lantern","Toxic Egg 2","Shovel","Torii","Bag of Preparation","Sundial","Bronze Scales","Dodecahedron","Old Coin","War Paint","Art of War","Orrery","Paper Crane","Matryoshka","Meat on the Bone","Anchor","Bottled Tornado","Smiling Mask","Darkstone Periapt","Bottled Lightning","Unceasing Top","Gambling Chip","Prayer Wheel","Mummified Hand","Frozen Egg 2","Shuriken","Fusion Hammer","Ornamental Fan","Letter Opener","Pear","Tingsha","Chemical X","StoneCalendar","Bird Faced Urn","Nunchaku","Mango","Ice Cream","Thread and Needle","Circlet","Black Star","Molten Egg 2","Potion Belt"],"potions_floor_usage":[],"damage_taken":[{"damage":0,"enemies":"Small Slimes","floor":1,"turns":2},{"damage":2,"enemies":"2 Louse","floor":2,"turns":2},{"damage":0,"enemies":"Cultist","floor":3,"turns":2},{"damage":0,"enemies":"Blue Slaver","floor":4,"turns":2},{"damage":0,"enemies":"Lagavulin","floor":7,"turns":2},{"damage":0,"enemies":"Looter","floor":10,"turns":1},{"damage":0,"enemies":"3 Louse","floor":11,"turns":1},{"damage":0,"enemies":"Gremlin Nob","floor":12,"turns":1},{"damage":0,"enemies":"Exordium Thugs","floor":13,"turns":1},{"damage":0,"floor":14,"turns":1},{"damage":0,"enemies":"Slime Boss","floor":16,"turns":3},{"damage":0,"enemies":"3 Byrds","floor":18,"turns":1},{"damage":0,"enemies":"2 Thieves","floor":19,"turns":1},{"damage":0,"enemies":"Centurion and Healer","floor":20,"turns":2},{"damage":0,"enemies":"3 Cultists","floor":21,"turns":1},{"damage":0,"enemies":"Slavers","floor":25,"turns":1},{"damage":0,"enemies":"Snecko","floor":31,"turns":1},{"damage":15,"enemies":"Champ","floor":33,"turns":3},{"damage":0,"enemies":"3 Shapes","floor":35,"turns":1},{"damage":0,"enemies":"3 Darklings","floor":37,"turns":1},{"damage":2,"enemies":"4 Shapes","floor":38,"turns":1},{"damage":0,"enemies":"Spire Growth","floor":41,"turns":1},{"damage":0,"enemies":"Flame Bruiser 2 Orb","floor":45,"turns":1},{"damage":0,"enemies":"Maw","floor":47,"turns":2},{"damage":0,"enemies":"Nemesis","floor":48,"turns":1},{"damage":3,"enemies":"Time Eater","floor":50,"turns":3},{"damage":0,"enemies":"Small Slimes","floor":52,"turns":1},{"damage":0,"enemies":"Jaw Worm","floor":54,"turns":1},{"damage":0,"enemies":"2 Louse","floor":55,"turns":1},{"damage":0,"enemies":"Gremlin Nob","floor":57,"turns":1},{"damage":0,"enemies":"Blue Slaver","floor":58,"turns":1},{"damage":0,"enemies":"Large Slime","floor":61,"turns":1},{"damage":0,"enemies":"2 Fungi Beasts","floor":62,"turns":1},{"damage":0,"enemies":"3 Sentries","floor":63,"turns":1},{"damage":0,"enemies":"Exordium Wildlife","floor":64,"turns":1},{"damage":0,"enemies":"The Guardian","floor":67,"turns":1},{"damage":0,"enemies":"2 Thieves","floor":69,"turns":1},{"damage":0,"enemies":"3 Byrds","floor":70,"turns":1},{"damage":0,"enemies":"Snecko","floor":71,"turns":1},{"damage":0,"enemies":"Snake Plant","floor":72,"turns":1},{"damage":0,"enemies":"Centurion and Healer","floor":73,"turns":1},{"damage":0,"enemies":"Snecko","floor":75,"turns":1},{"damage":0,"enemies":"Cultist and Chosen","floor":76,"turns":1},{"damage":0,"enemies":"Gremlin Leader","floor":77,"turns":1},{"damage":0,"enemies":"3 Cultists","floor":78,"turns":1},{"damage":0,"enemies":"Centurion and Healer","floor":79,"turns":1},{"damage":0,"enemies":"Snecko","floor":81,"turns":1},{"damage":0,"enemies":"Cultist and Chosen","floor":82,"turns":1},{"damage":0,"enemies":"Collector","floor":84,"turns":1},{"damage":0,"enemies":"Flame Bruiser 1 Orb","floor":86,"turns":1},{"damage":0,"enemies":"3 Shapes","floor":88,"turns":1},{"damage":0,"enemies":"Sphere and 2 Shapes","floor":89,"turns":1},{"damage":0,"enemies":"3 Darklings","floor":90,"turns":1},{"damage":0,"enemies":"Maw","floor":92,"turns":1},{"damage":0,"enemies":"Nemesis","floor":93,"turns":1},{"damage":0,"enemies":"2 Orb Walkers","floor":94,"turns":1},{"damage":0,"floor":96,"turns":1},{"damage":0,"enemies":"Giant Head","floor":97,"turns":1},{"damage":0,"enemies":"Transient","floor":98,"turns":1},{"damage":0,"enemies":"Nemesis","floor":99,"turns":1},{"damage":0,"enemies":"Awakened One","floor":101,"turns":3},{"damage":21,"enemies":"Small Slimes","floor":103,"turns":6},{"damage":0,"enemies":"2 Louse","floor":104,"turns":1},{"damage":168,"enemies":"Jaw Worm","floor":106,"turns":11}],"seed_played":"3774706645449148956","potions_obtained":[{"floor":1,"key":"SpeedPotion"},{"floor":2,"key":"SpeedPotion"},{"floor":10,"key":"Swift Potion"},{"floor":11,"key":"Weak Potion"},{"floor":33,"key":"SkillPotion"}],"is_trial":true,"path_per_floor":["M","M","M","M","?","R","E","R","T","M","M","E","M","?","R","B",null,"M","M","M","M","$","R","?","E","T","R","?","?","$","M","R","B",null,"M","$","M","M","?","R","M","R","T","?","M","$","M","E","R","B",null,"M","$","M","M","?","E","M","R","T","M","M","E","M","?","R","B",null,"M","M","M","M","M","R","M","M","E","M","M","?","M","M","R","B",null,"M","$","M","M","M","R","M","E","E","$","?","E","M","E","R","B",null,"M","M","?"],"character_chosen":"THE_SILENT","items_purchased":["Flash of Steel","FTL","Blood Vial","MawBank","Swift Strike","Backstab","Flash of Steel","DollysMirror","Lantern","Letter Opener","Pear","Tingsha","Chemical X","Thread and Needle"],"campfire_rested":2,"item_purchase_floors":[22,22,30,30,30,46,46,53,53,87,87,87,87,95],"current_hp_per_floor":[59,57,57,57,34,53,53,53,53,53,53,53,53,53,53,53,63,63,63,63,63,63,63,63,63,63,63,63,45,45,47,71,56,67,69,69,71,69,71,71,71,71,71,71,71,71,74,76,76,82,84,85,85,85,85,85,87,87,87,87,87,87,89,89,89,89,91,99,99,99,99,99,99,99,99,99,101,101,101,101,101,101,101,101,101,101,111,111,111,111,125,125,127,129,129,131,133,133,135,135,137,137,122,126,126,0],"gold":276,"neow_bonus":"","is_prod":false,"is_daily":false,"chose_seed":false,"campfire_upgraded":5,"win_rate":0,"timestamp":1533743289,"path_taken":["M","M","M","M","?","R","E","R","T","M","M","E","M","?","R","BOSS","M","M","M","M","$","R","?","E","T","R","?","?","$","M","R","BOSS","M","$","M","M","?","R","M","R","T","?","M","$","M","E","R","BOSS","M","$","M","M","?","E","M","R","T","M","M","E","M","?","R","BOSS","M","M","M","M","M","R","M","M","E","M","M","?","M","M","R","BOSS","M","$","M","M","M","R","M","E","E","$","?","E","M","E","R","BOSS","M","M","?","M"],"build_version":"2018-08-02","purchased_purges":1,"victory":false,"max_hp_per_floor":[66,66,66,66,66,66,66,66,66,66,66,66,66,66,66,66,66,66,66,66,66,66,66,66,66,66,66,66,71,71,71,71,71,71,71,71,71,71,71,71,71,71,71,71,71,71,74,76,76,85,85,85,85,85,85,85,87,87,87,87,87,87,89,89,89,89,91,99,99,99,99,99,99,99,99,99,101,101,101,101,101,101,101,101,101,101,111,111,111,111,125,125,127,129,129,131,133,133,135,135,137,137,137,137,137,137],"card_choices":[{"not_picked":["Power Through","Well Laid Plans"],"picked":"Infinite Blades","floor":0},{"not_picked":["Concentrate","Poisoned Stab"],"picked":"Acrobatics","floor":0},{"not_picked":["Flechettes","Static Discharge"],"picked":"Accuracy","floor":0},{"not_picked":["Bane","Hologram"],"picked":"Capacitor","floor":0},{"not_picked":["Hemokinesis","Rip and Tear"],"picked":"Underhanded Strike","floor":0},{"not_picked":["Second Wind","Turbo"],"picked":"Dropkick","floor":0},{"not_picked":["True Grit","Underhanded Strike"],"picked":"Rage","floor":0},{"not_picked":["Reckless Charge","Poisoned Stab"],"picked":"Blade Dance","floor":0},{"not_picked":["Consume","True Grit"],"picked":"Leap","floor":0},{"not_picked":["Underhanded Strike","True Grit"],"picked":"Iron Wave","floor":0},{"not_picked":["Sweeping Beam","Flex"],"picked":"Pommel Strike","floor":0},{"not_picked":["Rebound","Acrobatics"],"picked":"Beam Cell","floor":0},{"not_picked":["Skewer","Redo"],"picked":"Pommel Strike","floor":0},{"not_picked":["Havoc","Sword Boomerang"],"picked":"Endless Agony","floor":0},{"not_picked":["Acrobatics","Underhanded Strike"],"picked":"Double Energy","floor":0},{"not_picked":["Warcry","Heavy Blade","Choke"],"picked":"SKIP","floor":7},{"not_picked":["Catalyst","Spot Weakness","Rebound"],"picked":"SKIP","floor":12},{"not_picked":["Demon Form","Impervious"],"picked":"All For One","floor":16},{"not_picked":["Flex","Go for the Eyes"],"picked":"Escape Plan+1","floor":25},{"not_picked":["Cloak And Dagger+1","Echo Form","Blood for Blood"],"picked":"Singing Bowl","floor":48},{"not_picked":["Burst","Exhume","Double Tap"],"picked":"Singing Bowl","floor":50},{"not_picked":["Seek+1","Skewer","Cloak And Dagger+1"],"picked":"Singing Bowl","floor":57},{"not_picked":["Escape Plan+1","Shrug It Off+1","Fission+1"],"picked":"Singing Bowl","floor":63},{"not_picked":["Fission+1","Phantasmal Killer+1","Rainbow+1"],"picked":"Singing Bowl","floor":67},{"not_picked":["Intimidate+1","Pummel","Carnage"],"picked":"Singing Bowl","floor":68},{"not_picked":["Predator","Footwork","Calculated Gamble+1"],"picked":"Singing Bowl","floor":68},{"not_picked":["Headbutt","Rampage","FTL"],"picked":"Singing Bowl","floor":68},{"not_picked":["Melter","Hologram+1"],"picked":"Blade Dance+1","floor":68},{"not_picked":["Blur+1","Perfected Strike","Reprogram+1"],"picked":"Singing Bowl","floor":68},{"not_picked":["Immolate","Clash","Thunderclap"],"picked":"Singing Bowl","floor":77},{"not_picked":["Phantasmal Killer+1","Venomology+1"],"picked":"Hyperbeam","floor":84},{"not_picked":["Cloak And Dagger+1","FTL+1","Distraction+1"],"picked":"Singing Bowl","floor":93},{"not_picked":["Warcry+1","Outmaneuver+1","Hemokinesis+1"],"picked":"Singing Bowl","floor":94},{"not_picked":["Rebound+1","Dagger Spray","Deadly Poison+1"],"picked":"Singing Bowl","floor":96},{"not_picked":["Creative AI+1","Redo+1","Compile Driver+1"],"picked":"Singing Bowl","floor":97},{"not_picked":["Flex+1","Blood for Blood","Aggregate+1"],"picked":"Singing Bowl","floor":99},{"not_picked":["Wraith Form v2+1","Machine Learning+1","Limit Break+1"],"picked":"Singing Bowl","floor":101}],"player_experience":44448,"relics_obtained":[{"floor":1,"key":"Dead Branch"},{"floor":2,"key":"Centennial Puzzle"},{"floor":3,"key":"Peace Pipe"},{"floor":4,"key":"Ninja Scroll"},{"floor":7,"key":"Dream Catcher"},{"floor":9,"key":"Gremlin Horn"},{"floor":10,"key":"Bag of Marbles"},{"floor":11,"key":"Oddly Smooth Stone"},{"floor":12,"key":"Omamori"},{"floor":13,"key":"Mercury Hourglass"},{"floor":14,"key":"Odd Mushroom"},{"floor":16,"key":"Happy Flower"},{"floor":18,"key":"Turnip"},{"floor":19,"key":"Pen Nib"},{"floor":20,"key":"Regal Pillow"},{"floor":21,"key":"Boot"},{"floor":25,"key":"Snake Skull"},{"floor":26,"key":"Juzu Bracelet"},{"floor":31,"key":"Blue Candle"},{"floor":33,"key":"The Courier"},{"floor":35,"key":"Vajra"},{"floor":37,"key":"Tough Bandages"},{"floor":38,"key":"Whetstone"},{"floor":41,"key":"Orichalcum"},{"floor":43,"key":"Ancient Tea Set"},{"floor":45,"key":"Tiny Chest"},{"floor":47,"key":"Singing Bowl"},{"floor":48,"key":"Bottled Flame"},{"floor":50,"key":"Strawberry"},{"floor":52,"key":"Kunai"},{"floor":54,"key":"Toxic Egg 2"},{"floor":55,"key":"Shovel"},{"floor":58,"key":"Torii"},{"floor":59,"key":"Bag of Preparation"},{"floor":60,"key":"Sundial"},{"floor":61,"key":"Bronze Scales"},{"floor":62,"key":"Dodecahedron"},{"floor":64,"key":"Old Coin"},{"floor":66,"key":"War Paint"},{"floor":67,"key":"Art of War"},{"floor":69,"key":"Paper Crane"},{"floor":70,"key":"Matryoshka"},{"floor":71,"key":"Meat on the Bone"},{"floor":72,"key":"Anchor"},{"floor":73,"key":"Bottled Tornado"},{"floor":74,"key":"Smiling Mask"},{"floor":75,"key":"Darkstone Periapt"},{"floor":76,"key":"Bottled Lightning"},{"floor":78,"key":"Unceasing Top"},{"floor":79,"key":"Gambling Chip"},{"floor":81,"key":"Prayer Wheel"},{"floor":82,"key":"Mummified Hand"},{"floor":83,"key":"Frozen Egg 2"},{"floor":84,"key":"Shuriken"},{"floor":86,"key":"Ornamental Fan"},{"floor":88,"key":"StoneCalendar"},{"floor":89,"key":"Bird Faced Urn"},{"floor":90,"key":"Nunchaku"},{"floor":91,"key":"Mango"},{"floor":92,"key":"Ice Cream"},{"floor":96,"key":"Circlet"},{"floor":98,"key":"Circlet"},{"floor":100,"key":"Circlet"},{"floor":101,"key":"Circlet"},{"floor":103,"key":"Molten Egg 2"},{"floor":104,"key":"Potion Belt"}],"event_choices":[{"event_name":"Golden Idol","player_choice":"Take Damage","floor":5,"damage_taken":0},{"event_name":"Mushrooms","player_choice":"Fought Mushrooms","floor":14,"damage_taken":0},{"event_name":"Vampires","player_choice":"Ignored","floor":24,"damage_taken":0},{"event_name":"Transmorgrifier","player_choice":"Skipped","floor":28,"damage_taken":0},{"event_name":"Forgotten Altar","player_choice":"Shed Blood","floor":29,"damage_taken":0},{"event_name":"Winding Halls","player_choice":"Writhe","floor":39,"damage_taken":0},{"event_name":"Falling","player_choice":"Removed Attack","floor":44,"damage_taken":0},{"event_name":"Living Wall","player_choice":"Grow","floor":56,"damage_taken":0},{"event_name":"Liars Game","player_choice":"disagreed","floor":65,"damage_taken":0},{"event_name":"Upgrade Shrine","player_choice":"Upgraded","floor":80,"damage_taken":0},{"event_name":"MindBloom","player_choice":"Fight","floor":96,"damage_taken":0},{"event_name":"Dead Adventurer","player_choice":"Searched \u00271\u0027 times","floor":105,"damage_taken":0}],"is_beta":false,"boss_relics":[{"not_picked":["Fusion Hammer","HoveringKite"],"picked":"Astrolabe"},{"not_picked":["Pandora\u0027s Box","Snecko Eye"],"picked":"Sozu"},{"not_picked":["Runic Pyramid","Busted Crown"],"picked":"Philosopher\u0027s Stone"},{"not_picked":["Coffee Dripper","Empty Cage"],"picked":"Orrery"},{"not_picked":["Calling Bell","Runic Dome"],"picked":"Fusion Hammer"},{"not_picked":["Busted Crown","White Beast Statue"],"picked":"Black Star"}],"items_purged_floors":[22],"is_endless":true,"potions_floor_spawned":[1,2,10,11,13,14,16,18,21,33,37,38,50,54,61,62,64,69,70,71,82,84,89,93,94,96,101],"killed_by":"Jaw Worm","ascension_level":15}