{"path_per_floor":["M","?","M","M","$","R","?","?","T","?","M","R","?","M","R","B",null,"M","$","?","?","$","R","M","M","T","M","M","?","R","?","R","B",null,"M","?","M","M","M","R","?","M","T","R","?","M","M","$","R"],"character_chosen":"THE_SILENT","items_purchased":["Deadly Poison","Deadly Poison","Infinite Blades","Finesse","Backflip","Oddly Smooth Stone","Footwork","Bouncing Flask","Prepared","Mind Blast"],"gold_per_floor":[118,118,130,146,123,123,223,223,223,223,234,234,293,313,313,417,417,427,21,21,21,21,21,34,47,100,115,126,126,126,126,126,222,222,242,242,253,264,280,280,280,295,347,347,347,360,378,101,101],"floor_reached":50,"campfire_rested":5,"playtime":3704,"current_hp_per_floor":[69,62,62,45,45,66,66,66,66,59,53,53,26,16,37,16,70,55,55,55,55,55,55,33,20,20,19,17,27,51,51,51,18,80,52,52,52,43,31,55,55,64,64,64,64,48,46,46,70],"items_purged":[],"gold":101,"score":435,"play_id":"04a9927a-9488-4e93-b2e6-024f1444df2e","is_prod":false,"is_daily":false,"is_ascension_mode":false,"campfire_upgraded":4,"path_taken":["M","?","M","M","$","R","?","?","T","?","M","R","?","M","R","BOSS","M","$","?","?","?","R","M","M","T","M","M","?","R","?","R","BOSS","M","?","M","M","M","R","?","M","T","R","?","M","M","?","R","BOSS"],"build_version":"2018-02-08-PROD1","purchased_purges":0,"victory":false,"master_deck":["Defend_G+1","Defend_G+1","Defend_G+1","Defend_G+1","Defend_G+1","Strike_G+1","Strike_G+1","Strike_G+1","Strike_G+1","Survivor","Neutralize+1","Prepared","Noxious Fumes+1","Deadly Poison","Prepared","Leg Sweep","Well Laid Plans","Die Die Die+1","Deadly Poison+1","Deadly Poison","Infinite Blades","Finesse","Backflip","Poisoned Stab","A Thousand Cuts+1","Deadly Poison","After Image","Writhe","A Thousand Cuts+1","Blur","Infinite Blades","Envenom","Envenom","Escape Plan","Bane","Footwork","Bouncing Flask","Prepared","Mind Blast"],"max_hp_per_floor":[70,70,70,70,70,70,70,70,70,70,70,70,70,70,70,70,70,70,70,70,70,70,70,70,70,70,70,70,80,80,80,80,80,80,80,80,80,80,80,80,80,80,80,80,80,80,80,80,80],"relics":["Ring of the Snake","Juzu Bracelet","Bird Faced Urn","Anchor","Oddly Smooth Stone","Nloth\u0027s Gift","Happy Flower","Pear","White Beast Statue","Bag of Preparation","Whetstone"],"card_choices":[{"not_picked":["Bane","Dagger Spray"],"picked":"Prepared"},{"not_picked":["Choke","PiercingWail"],"picked":"Eviscerate"},{"not_picked":["Prepared","Sucker Punch"],"picked":"Noxious Fumes"},{"not_picked":["Acrobatics","Quick Slash"],"picked":"Prepared"},{"not_picked":["Flying Knee","Backflip"],"picked":"Leg Sweep"},{"not_picked":["Flying Knee","Die Die Die"],"picked":"Well Laid Plans"},{"not_picked":["Phantasmal Killer","Venomology"],"picked":"Die Die Die"},{"not_picked":["Dodge and Roll","Crippling Poison"],"picked":"Deadly Poison"},{"not_picked":["Underhanded Strike","Quick Slash"],"picked":"Poisoned Stab"},{"not_picked":["Cloak And Dagger","Finisher"],"picked":"A Thousand Cuts"},{"not_picked":["Dodge and Roll","Phantasmal Killer"],"picked":"Deadly Poison"},{"not_picked":["Dash","Outmaneuver"],"picked":"After Image"},{"not_picked":["Burst","Night Terror"],"picked":"A Thousand Cuts"},{"not_picked":["Dodge and Roll","Backflip"],"picked":"Blur"},{"not_picked":["Eviscerate","All Out Attack"],"picked":"Infinite Blades"},{"not_picked":["Deadly Poison","Masterful Stab"],"picked":"Envenom"},{"not_picked":["Underhanded Strike","Flechettes"],"picked":"Envenom"},{"not_picked":["Outmaneuver","Quick Slash"],"picked":"Escape Plan"},{"not_picked":["Deflect","Unload"],"picked":"Bane"}],"player_experience":89169,"potions_floor_usage":[42,46,47,50,50,50],"damage_taken":[{"damage":1.0,"enemies":"Cultist","floor":1.0,"turns":4.0},{"damage":0.0,"enemies":"2 Louse","floor":3.0,"turns":3.0},{"damage":17.0,"enemies":"Exordium Wildlife","floor":4.0,"turns":4.0},{"damage":8.0,"enemies":"Large Slime","floor":11.0,"turns":7.0},{"damage":29.0,"enemies":"Lagavulin Event","floor":13.0,"turns":7.0},{"damage":12.0,"enemies":"Exordium Thugs","floor":14.0,"turns":6.0},{"damage":25.0,"enemies":"Slime Boss","floor":16.0,"turns":14.0},{"damage":15.0,"enemies":"Shell Parasite","floor":18.0,"turns":7.0},{"damage":28.0,"enemies":"Chosen","floor":24.0,"turns":6.0},{"damage":13.0,"enemies":"Snake Plant","floor":25.0,"turns":4.0},{"damage":9.0,"enemies":"Snecko","floor":27.0,"turns":5.0},{"damage":10.0,"enemies":"Centurion and Healer","floor":28.0,"turns":7.0},{"damage":43.0,"enemies":"Champ","floor":33.0,"turns":13.0},{"damage":32.0,"enemies":"3 Darklings","floor":35.0,"turns":6.0},{"damage":12.0,"enemies":"Orb Walker","floor":37.0,"turns":5.0},{"damage":19.0,"enemies":"4 Shapes","floor":38.0,"turns":6.0},{"damage":24,"enemies":"3 Darklings","floor":39,"turns":5},{"damage":20,"enemies":"Maw","floor":42,"turns":7},{"damage":26,"enemies":"Sphere and 2 Shapes","floor":46,"turns":7},{"damage":28,"enemies":"3 Darklings","floor":47,"turns":5},{"damage":110,"enemies":"Donu and Deca","floor":50,"turns":8}],"event_choices":[{"event_name":"Scrap Ooze","player_choice":"success","floor":2.0,"damage_taken":7.0},{"event_name":"Golden Shrine","player_choice":"Pray","floor":7.0,"damage_taken":0.0},{"event_name":"Purifier","player_choice":"One Purge","floor":8.0,"damage_taken":0.0},{"event_name":"Wheel of Change","player_choice":"Damage","floor":10.0,"damage_taken":0.0},{"event_name":"Dead Adventurer","player_choice":"Searched \u00272\u0027 times","floor":13.0,"damage_taken":0.0},{"event_name":"Addict","player_choice":"Ignored","floor":20.0,"damage_taken":0.0},{"event_name":"N\u0027loth","player_choice":"Traded a Black Star","floor":21.0,"damage_taken":0.0},{"event_name":"The Mausoleum","player_choice":"Yes","floor":29.0,"damage_taken":0.0},{"event_name":"Back to Basics","player_choice":"Simplicity","floor":31.0,"damage_taken":0.0},{"event_name":"Wheel of Change","player_choice":"Relic","floor":36.0,"damage_taken":0.0},{"event_name":"Mysterious Sphere","player_choice":"Ignore","floor":41,"damage_taken":0}],"boss_relics":[],"potions_floor_spawned":[11,13,14,18,28,35,37,38,39,42,46,47],"seed_played":"-8621576073561730251","killed_by":"Donu and Deca","ascension_level":0,"is_trial":false}