{"gold_per_floor":[109,128,203,222,65,65,65,65,92,144,144,218,242,96,96,217,217,237,260,260,260,276,276,291,291,315,315,113,113,62,74,74,174,174,190,204,47,66,77,77,77,96,123,141,152,169,19,31,31,31],"floor_reached":51,"playtime":2643,"items_purged":["Strike_G","Strike_G","Strike_G","Neutralize"],"score":666,"play_id":"c6186290-60c9-4b88-8683-b7fa40f9cd16","local_time":"20190129144137","is_ascension_mode":false,"campfire_choices":[{"data":"Die Die Die","floor":6.0,"key":"SMITH"},{"data":"Catalyst","floor":11.0,"key":"SMITH"},{"floor":15.0,"key":"REST"},{"floor":23.0,"key":"REST"},{"floor":27.0,"key":"REST"},{"floor":32.0,"key":"REST"},{"data":"After Image","floor":41,"key":"SMITH"},{"floor":49,"key":"REST"}],"neow_cost":"NONE","seed_source_timestamp":0,"circlet_count":0,"master_deck":["Defend_G","Defend_G","Defend_G","Defend_G","Defend_G","Survivor","Deadly Poison","Backflip","Catalyst+1","Die Die Die+1","Accuracy","Footwork","Cloak And Dagger","Corpse Explosion","Backflip","Deadly Poison","Burst","Bouncing Flask","Backstab+1","Deadly Poison","Escape Plan","Dodge and Roll","Corpse Explosion","Escape Plan+1","After Image+1","Leg Sweep+1","Catalyst+1","After Image"],"special_seed":0,"relics":["Ring of the Serpent","Bloody Idol","Art of War","Snake Skull","Ice Cream","Lizard Tail","PreservedInsect"],"potions_floor_usage":[50,50,50],"damage_taken":[{"damage":0.0,"enemies":"2 Louse","floor":1.0,"turns":3.0},{"damage":0.0,"enemies":"Small Slimes","floor":2.0,"turns":4.0},{"damage":0.0,"enemies":"Jaw Worm","floor":4.0,"turns":4.0},{"damage":30.0,"enemies":"3 Sentries","floor":12.0,"turns":10.0},{"damage":0.0,"enemies":"Looter","floor":13.0,"turns":3.0},{"damage":22.0,"enemies":"Slime Boss","floor":16.0,"turns":12.0},{"damage":25.0,"enemies":"Spheric Guardian","floor":18.0,"turns":7.0},{"damage":9.0,"enemies":"Shell Parasite","floor":19.0,"turns":4.0},{"damage":24.0,"enemies":"Sentry and Sphere","floor":22.0,"turns":7.0},{"damage":18.0,"enemies":"3 Cultists","floor":24.0,"turns":3.0},{"damage":22.0,"enemies":"Centurion and Healer","floor":31.0,"turns":4.0},{"damage":21.0,"enemies":"Champ","floor":33.0,"turns":7.0},{"damage":31.0,"enemies":"Orb Walker","floor":35.0,"turns":6.0},{"damage":5,"enemies":"3 Shapes","floor":36,"turns":3},{"damage":2,"enemies":"Transient","floor":38,"turns":5},{"damage":11,"enemies":"Maw","floor":39,"turns":6},{"damage":11,"enemies":"Spire Growth","floor":42,"turns":4},{"damage":34,"enemies":"3 Darklings","floor":44,"turns":4},{"damage":5,"enemies":"Jaw Worm Horde","floor":45,"turns":3},{"damage":6,"enemies":"Spire Growth","floor":46,"turns":5},{"damage":0,"enemies":"4 Shapes","floor":48,"turns":7},{"damage":45,"enemies":"Time Eater","floor":50,"turns":5}],"seed_played":"-5706088626005181897","potions_obtained":[{"floor":1.0,"key":"Poison Potion"},{"floor":2.0,"key":"SpeedPotion"},{"floor":12.0,"key":"AttackPotion"},{"floor":18.0,"key":"SkillPotion"},{"floor":19.0,"key":"Energy Potion"},{"floor":31.0,"key":"LiquidBronze"},{"floor":35,"key":"Strength Potion"},{"floor":45,"key":"LiquidBronze"},{"floor":48,"key":"PowerPotion"}],"is_trial":false,"path_per_floor":["M","M","?","M","$","R","?","?","T","T","R","?","M","$","R","B",null,"M","M","?","?","M","R","M","?","T","R","$","?","$","M","R","B",null,"M","M","$","M","M","?","R","M","T","M","M","M","$","M","R","B",null],"character_chosen":"THE_SILENT","items_purchased":["Accuracy","Cloak And Dagger","Escape Plan","Dodge and Roll","After Image"],"campfire_rested":5,"item_purchase_floors":[5,14,28,30,37],"current_hp_per_floor":[70,70,59,59,59,59,42,42,42,42,42,12,12,12,33,11,70,45,36,36,36,12,33,15,15,15,36,36,36,36,19,40,24,70,44,44,44,47,41,41,41,35,40,11,11,10,10,15,36,35],"gold":31,"neow_bonus":"THREE_CARDS","is_prod":false,"is_daily":false,"chose_seed":false,"campfire_upgraded":3,"win_rate":0,"timestamp":1548790897,"path_taken":["M","M","?","M","$","R","?","?","T","?","R","?","M","$","R","BOSS","M","M","?","?","M","R","M","?","T","R","$","?","$","M","R","BOSS","M","M","$","M","M","?","R","M","T","M","M","M","$","M","R","BOSS"],"build_version":"2019-01-23","purchased_purges":4,"victory":true,"max_hp_per_floor":[70,70,70,70,70,70,70,70,70,70,70,70,70,70,70,70,70,70,70,70,70,70,70,70,70,70,70,70,70,70,70,70,70,70,70,70,70,70,70,70,70,70,70,70,70,70,70,70,70,70],"card_choices":[{"not_picked":["PiercingWail","Underhanded Strike"],"picked":"Deadly Poison","floor":0.0},{"not_picked":["Endless Agony","Calculated Gamble"],"picked":"Backflip","floor":1.0},{"not_picked":["Deadly Poison","Acrobatics"],"picked":"Catalyst","floor":2.0},{"not_picked":["Cloak And Dagger","Deflect"],"picked":"Die Die Die","floor":4.0},{"not_picked":["Reflex","Bane"],"picked":"Footwork","floor":13.0},{"not_picked":["Burst","Bullet Time"],"picked":"Corpse Explosion","floor":16.0},{"not_picked":["Dagger Spray","Outmaneuver+1"],"picked":"Backflip","floor":18.0},{"not_picked":["All Out Attack","Dash"],"picked":"Deadly Poison","floor":19.0},{"not_picked":["Dagger Throw+1","Distraction","Sucker Punch"],"picked":"SKIP","floor":22.0},{"not_picked":["Flying Knee+1","Prepared"],"picked":"Backstab+1","floor":24.0},{"not_picked":["Underhanded Strike","Predator+1","Outmaneuver"],"picked":"SKIP","floor":31.0},{"not_picked":["Phantasmal Killer","Wraith Form v2"],"picked":"Corpse Explosion","floor":33.0},{"not_picked":["Outmaneuver+1","Cloak And Dagger"],"picked":"Escape Plan+1","floor":35},{"not_picked":["Sucker Punch+1","Accuracy","PiercingWail"],"picked":"SKIP","floor":36},{"not_picked":["Backflip+1","Tactician"],"picked":"Leg Sweep+1","floor":38},{"not_picked":["PiercingWail","Outmaneuver","Calculated Gamble+1"],"picked":"SKIP","floor":39},{"not_picked":["Blade Dance","Caltrops+1","Dodge and Roll+1"],"picked":"SKIP","floor":42},{"not_picked":["Flying Knee+1","Expertise+1"],"picked":"After Image","floor":44},{"not_picked":["Concentrate+1","Dodge and Roll","Escape Plan+1"],"picked":"SKIP","floor":45},{"not_picked":["Slice+1","Deflect+1","Tactician"],"picked":"SKIP","floor":46},{"not_picked":["Choke+1","Escape Plan","Underhanded Strike"],"picked":"SKIP","floor":48}],"player_experience":964461,"relics_obtained":[{"floor":9.0,"key":"Art of War"},{"floor":10.0,"key":"Snake Skull"},{"floor":12.0,"key":"Ice Cream"},{"floor":43,"key":"PreservedInsect"}],"event_choices":[{"damage_healed":0.0,"max_hp_gain":0.0,"max_hp_loss":0.0,"gold_gain":75.0,"event_name":"World of Goop","player_choice":"Gather Gold","floor":3.0,"gold_loss":0.0,"damage_taken":11.0},{"damage_healed":0.0,"max_hp_gain":0.0,"max_hp_loss":0.0,"gold_gain":0.0,"event_name":"Golden Idol","player_choice":"Take Damage","floor":7.0,"gold_loss":0.0,"damage_taken":17.0,"relics_obtained":["Golden Idol"]},{"damage_healed":0.0,"max_hp_gain":0.0,"max_hp_loss":0.0,"gold_gain":0.0,"event_name":"Liars Game","player_choice":"Ignored","floor":8.0,"gold_loss":0.0,"damage_taken":0.0},{"damage_healed":0.0,"max_hp_gain":0.0,"max_hp_loss":0.0,"gold_gain":0.0,"event_name":"Dead Adventurer","player_choice":"Searched \u00271\u0027 times","floor":12.0,"gold_loss":0.0,"damage_taken":0.0},{"damage_healed":0.0,"max_hp_gain":0.0,"max_hp_loss":0.0,"gold_gain":0.0,"event_name":"Vampires","player_choice":"Ignored","floor":20.0,"gold_loss":0.0,"damage_taken":0.0},{"damage_healed":0.0,"max_hp_gain":0.0,"max_hp_loss":0.0,"gold_gain":0.0,"cards_transformed":["Strike_G","Strike_G"],"event_name":"Drug Dealer","player_choice":"Became Test Subject","floor":21.0,"gold_loss":0.0,"damage_taken":0.0,"cards_obtained":["Burst","Bouncing Flask"]},{"damage_healed":0.0,"max_hp_gain":0.0,"max_hp_loss":0.0,"gold_gain":0.0,"event_name":"The Library","player_choice":"Read","floor":25.0,"gold_loss":0.0,"damage_taken":0.0,"cards_obtained":["Deadly Poison"]},{"damage_healed":0.0,"max_hp_gain":0.0,"max_hp_loss":0.0,"gold_gain":0.0,"event_name":"Forgotten Altar","player_choice":"Gave Idol","floor":29.0,"relics_lost":["Golden Idol"],"gold_loss":0.0,"damage_taken":0.0,"relics_obtained":["Bloody Idol"]},{"damage_healed":0,"gold_gain":0,"player_choice":"Copied","damage_taken":0,"max_hp_gain":0,"max_hp_loss":0,"event_name":"Duplicator","floor":40,"gold_loss":0,"cards_obtained":["Catalyst"]}],"is_beta":false,"boss_relics":[{"not_picked":["Black Star","Busted Crown"],"picked":"Lizard Tail"},{"not_picked":["WristBlade","Eternal Feather"],"picked":"Ring of the Serpent"}],"items_purged_floors":[5,14,28,47],"is_endless":false,"potions_floor_spawned":[1,2,12,18,19,31,35,39,45,48],"ascension_level":0}