{"gold_per_floor":[211,261,53,63,78,78,113,113,113,132,132,147,147,161,161,232,232,251,232,247,247,247],"floor_reached":22,"playtime":1730,"items_purged":[],"score":329,"play_id":"a714d4a4-5f93-4814-a6e7-351636dcc568","local_time":"20190301150710","is_ascension_mode":true,"campfire_choices":[{"data":"True Grit","floor":6,"key":"SMITH"},{"data":"Sword Boomerang","floor":8,"key":"SMITH"},{"data":"Metallicize","floor":11,"key":"SMITH"},{"data":"Metallicize","floor":13,"key":"SMITH"},{"floor":15,"key":"REST"}],"neow_cost":"NONE","seed_source_timestamp":65301162040400,"circlet_count":0,"master_deck":["AscendersBane","Strike_R","Strike_R","Strike_R","Strike_R","Strike_R","Defend_R","Defend_R","Defend_R","Defend_R","Bash","Sword Boomerang+1","Metallicize+1","True Grit+1","Demon Form","Metallicize+1","Spot Weakness","Limit Break","Heavy Blade","Heavy Blade+1","Whirlwind","Decay"],"relics":["Burning Blood","Chemical X","Dodecahedron","Art of War","Mark of Pain"],"potions_floor_usage":[7,12,16,22],"damage_taken":[{"damage":1,"enemies":"Cultist","floor":1,"turns":4},{"damage":8,"enemies":"Jaw Worm","floor":4,"turns":4},{"damage":5,"enemies":"2 Louse","floor":5,"turns":3},{"damage":26,"enemies":"Gremlin Nob","floor":7,"turns":4},{"damage":7,"enemies":"2 Fungi Beasts","floor":10,"turns":5},{"damage":4,"enemies":"Gremlin Gang","floor":12,"turns":5},{"damage":11,"enemies":"Looter","floor":14,"turns":4},{"damage":25,"enemies":"The Guardian","floor":16,"turns":12},{"damage":22,"enemies":"Spheric Guardian","floor":18,"turns":6},{"damage":30,"enemies":"2 Thieves","floor":19,"turns":4},{"damage":8,"enemies":"Snecko","floor":20,"turns":6},{"damage":27,"enemies":"Sentry and Sphere","floor":22,"turns":3}],"seed_played":"-4329169859518605168","potions_obtained":[{"floor":4,"key":"Poison Potion"},{"floor":10,"key":"Explosive Potion"},{"floor":12,"key":"AttackPotion"},{"floor":19,"key":"Swift Potion"}],"is_trial":false,"path_per_floor":["M","?","$","M","M","R","E","R","T","M","R","M","R","M","R","B",null,"M","M","M","?","M"],"character_chosen":"IRONCLAD","items_purchased":["Chemical X"],"campfire_rested":1,"item_purchase_floors":[3],"current_hp_per_floor":[73,66,66,64,65,65,45,45,45,44,44,46,46,41,63,44,67,51,27,25,25,0],"gold":247,"neow_bonus":"HUNDRED_GOLD","is_prod":false,"is_daily":false,"chose_seed":false,"campfire_upgraded":4,"win_rate":0,"timestamp":1551470830,"path_taken":["M","?","$","M","M","R","E","R","T","M","R","M","R","M","R","BOSS","M","M","M","?","M"],"build_version":"2019-01-23","purchased_purges":0,"victory":false,"max_hp_per_floor":[75,75,75,75,75,75,75,75,75,75,75,75,75,75,75,75,75,75,75,75,75,75],"card_choices":[{"not_picked":["Cleave","Hemokinesis"],"picked":"Sword Boomerang","floor":1},{"not_picked":["Perfected Strike","Disarm"],"picked":"Metallicize","floor":4},{"not_picked":["Seeing Red","Berserk"],"picked":"True Grit","floor":5},{"not_picked":["Sword Boomerang","Rage"],"picked":"Demon Form","floor":7},{"not_picked":["Thunderclap","Hemokinesis"],"picked":"Metallicize","floor":10},{"not_picked":["Rage","Warcry","Sentinel"],"picked":"SKIP","floor":12},{"not_picked":["Heavy Blade","Fire Breathing"],"picked":"Spot Weakness","floor":14},{"not_picked":["Offering","Impervious"],"picked":"Limit Break","floor":16},{"not_picked":["True Grit+1","Battle Trance"],"picked":"Heavy Blade","floor":18},{"not_picked":["Seeing Red+1","Clothesline"],"picked":"Heavy Blade+1","floor":19},{"not_picked":["Reckless Charge","Pommel Strike"],"picked":"Whirlwind","floor":20}],"player_experience":1431550,"relics_obtained":[{"floor":7,"key":"Dodecahedron"},{"floor":9,"key":"Art of War"}],"event_choices":[{"damage_healed":0,"gold_gain":50,"player_choice":"Touch","damage_taken":7,"max_hp_gain":0,"max_hp_loss":0,"event_name":"FaceTrader","floor":2,"gold_loss":0},{"damage_healed":0,"gold_gain":0,"player_choice":"Smashed Altar","damage_taken":0,"max_hp_gain":0,"max_hp_loss":0,"event_name":"Forgotten Altar","floor":21,"gold_loss":0,"cards_obtained":["Decay"]}],"is_beta":false,"boss_relics":[{"not_picked":["Busted Crown","Orrery"],"picked":"Mark of Pain"}],"items_purged_floors":[],"is_endless":false,"potions_floor_spawned":[4,10,12,19],"killed_by":"Sentry and Sphere","ascension_level":15}