{"gold_per_floor":[116,127,302,302,132,132,43,43,43,43,43,67,67,67,67,187,187,212,227,227,227,243,243,243,243,243,243,42,42,61,81,81,81],"floor_reached":33,"playtime":911,"items_purged":["Doubt"],"score":231,"play_id":"7376641c-94bb-40e3-8c1f-84148cf70284","local_time":"20190302011858","is_ascension_mode":false,"campfire_choices":[{"data":"Defragment","floor":6,"key":"SMITH"},{"data":"Darkness","floor":8,"key":"SMITH"},{"data":"Redo","floor":10,"key":"SMITH"},{"data":"Defragment","floor":15,"key":"SMITH"},{"floor":23,"key":"REST"},{"floor":25,"key":"REST"},{"data":"Dualcast","floor":29,"key":"SMITH"},{"floor":32,"key":"REST"}],"neow_cost":"NONE","seed_source_timestamp":75098168434432,"circlet_count":0,"master_deck":["Strike_B","Strike_B","Defend_B","Defend_B","Defend_B","Defend_B","Zap","Dualcast+1","Defragment+1","Turbo","Defragment+1","Redo+1","Darkness+1","Redo+1","BootSequence","Finesse","Injury","Normality","Conserve Battery+1","Echo Form"],"relics":["Cracked Core","Golden Idol","PreservedInsect","Orichalcum","Cursed Key","Toxic Egg 2","Happy Flower","Medical Kit"],"potions_floor_usage":[22,33,33],"damage_taken":[{"damage":1,"enemies":"Cultist","floor":1,"turns":3},{"damage":2,"enemies":"Small Slimes","floor":2,"turns":3},{"damage":1,"enemies":"Jaw Worm","floor":12,"turns":2},{"damage":10,"enemies":"The Guardian","floor":16,"turns":6},{"damage":5,"enemies":"Spheric Guardian","floor":18,"turns":3},{"damage":25,"enemies":"2 Thieves","floor":19,"turns":4},{"damage":14,"enemies":"Cultist and Chosen","floor":22,"turns":6},{"damage":20,"enemies":"Snake Plant","floor":30,"turns":4},{"damage":17,"enemies":"Centurion and Healer","floor":31,"turns":7},{"damage":53,"enemies":"Collector","floor":33,"turns":3}],"seed_played":"-1726477426525415806","potions_obtained":[{"floor":2,"key":"Strength Potion"},{"floor":12,"key":"GamblersBrew"},{"floor":16,"key":"SteroidPotion"},{"floor":22,"key":"SkillPotion"}],"is_trial":false,"path_per_floor":["M","M","?","?","$","R","$","R","T","R","?","M","?","?","R","B",null,"M","M","?","?","M","R","?","R","T","T","$","R","M","M","R","B"],"character_chosen":"DEFECT","items_purchased":["Defragment","Redo","Darkness","Redo","Medical Kit"],"campfire_rested":3,"item_purchase_floors":[5,5,7,7,28],"current_hp_per_floor":[74,72,72,54,54,54,54,54,54,54,54,53,50,43,43,33,75,70,45,45,31,17,39,39,61,61,61,61,61,41,24,46,0],"gold":81,"neow_bonus":"REMOVE_CARD","is_prod":false,"is_daily":false,"chose_seed":false,"campfire_upgraded":5,"win_rate":0,"timestamp":1551507538,"path_taken":["M","M","?","?","?","R","$","R","T","R","?","?","?","?","R","BOSS","M","M","?","?","?","R","?","R","T","?","$","R","?","M","R","BOSS"],"build_version":"2019-01-23","purchased_purges":1,"victory":false,"max_hp_per_floor":[75,75,75,75,75,75,75,75,75,75,75,75,75,75,75,75,75,75,75,75,75,75,75,75,75,75,75,75,75,75,75,75,75],"card_choices":[{"not_picked":["Go for the Eyes","Conserve Battery"],"picked":"Defragment","floor":1},{"not_picked":["Leap","Streamline"],"picked":"Turbo","floor":2},{"not_picked":["Compile Driver","Barrage","Coolheaded"],"picked":"SKIP","floor":12},{"not_picked":["Streamline+1","Ball Lightning+1","Rebound"],"picked":"SKIP","floor":18},{"not_picked":["Recycle","Gash"],"picked":"BootSequence","floor":19},{"not_picked":["Skim+1","Sweeping Beam","Ball Lightning"],"picked":"SKIP","floor":22},{"not_picked":["Double Energy+1","Ball Lightning+1"],"picked":"Conserve Battery+1","floor":30},{"not_picked":["Static Discharge","Lockon"],"picked":"Echo Form","floor":31}],"player_experience":1119898,"relics_obtained":[{"floor":9,"key":"PreservedInsect"},{"floor":26,"key":"Toxic Egg 2"},{"floor":27,"key":"Happy Flower"}],"event_choices":[{"damage_healed":0,"gold_gain":175,"player_choice":"AGREE","damage_taken":0,"max_hp_gain":0,"max_hp_loss":0,"event_name":"Liars Game","floor":3,"gold_loss":0,"cards_obtained":["Doubt"]},{"damage_healed":0,"gold_gain":0,"player_choice":"Take Damage","damage_taken":18,"relics_obtained":["Golden Idol"],"max_hp_gain":0,"max_hp_loss":0,"event_name":"Golden Idol","floor":4,"gold_loss":0},{"damage_healed":0,"gold_gain":0,"player_choice":"Forge","damage_taken":0,"max_hp_gain":0,"max_hp_loss":0,"event_name":"Accursed Blacksmith","floor":11,"gold_loss":0,"cards_upgraded":["Redo"]},{"damage_healed":0,"gold_gain":0,"player_choice":"Success","damage_taken":3,"relics_obtained":["Orichalcum"],"max_hp_gain":0,"max_hp_loss":0,"event_name":"Scrap Ooze","floor":13,"gold_loss":0},{"cards_removed":["Strike_B"],"damage_healed":0,"gold_gain":0,"player_choice":"Card Removal","damage_taken":7,"max_hp_gain":0,"max_hp_loss":0,"event_name":"Golden Wing","floor":14,"gold_loss":0},{"damage_healed":0,"gold_gain":0,"player_choice":"Ignored","damage_taken":0,"max_hp_gain":0,"max_hp_loss":0,"event_name":"Ghosts","floor":20,"gold_loss":0},{"damage_healed":0,"gold_gain":0,"player_choice":"CARD ","damage_taken":14,"max_hp_gain":0,"max_hp_loss":0,"event_name":"Knowing Skull","floor":21,"potions_obtained":[],"gold_loss":0,"cards_obtained":["Finesse"]},{"damage_healed":0,"gold_gain":0,"player_choice":"Ignored","damage_taken":0,"max_hp_gain":0,"max_hp_loss":0,"event_name":"Cursed Tome","floor":24,"gold_loss":0}],"is_beta":false,"boss_relics":[{"not_picked":["Busted Crown","Coffee Dripper"],"picked":"Cursed Key"}],"items_purged_floors":[5],"is_endless":false,"potions_floor_spawned":[2,12,16,22,31],"killed_by":"Collector","ascension_level":0}