{"gold_per_floor":[116,116,135,147,159,191,203,203,203,203,303,303,332,23,23,98,98,114,134,134,44,59,59,158,158,158,158,188,208,37,37],"floor_reached":31,"playtime":2315,"items_purged":["Strike_B"],"score":447,"play_id":"6c98e104-f55a-4988-ba35-2c43f6e33d3e","local_time":"20190227202851","is_ascension_mode":true,"campfire_choices":[{"floor":8,"key":"REST"},{"data":"Zap","floor":10,"key":"SMITH"},{"data":"Beam Cell","floor":12,"key":"SMITH"},{"floor":15,"key":"REST"},{"floor":23,"key":"REST"},{"data":"Go for the Eyes","floor":25,"key":"SMITH"}],"neow_cost":"NONE","seed_source_timestamp":208114282728200,"circlet_count":0,"master_deck":["AscendersBane","Strike_B","Strike_B","Strike_B","Defend_B","Defend_B+1","Defend_B","Defend_B","Zap+1","Dualcast","Coolheaded","Compile Driver","Genetic Algorithm","BootSequence","Beam Cell+1","All For One","Doom and Gloom","Meteor Strike","Doubt","Parasite","Undo","Conserve Battery","Go for the Eyes+1","Go for the Eyes","Chill","Echo Form"],"relics":["Cracked Core","NeowsBlessing","Ornamental Fan","Regal Pillow","Sundial","Dead Branch","Prayer Wheel","Calling Bell","DataDisk","Darkstone Periapt","Unceasing Top","Gremlin Horn","PreservedInsect"],"potions_floor_usage":[6,19,22,29,31],"damage_taken":[{"damage":0,"enemies":"Cultist","floor":1,"turns":1},{"damage":0,"enemies":"Jaw Worm","floor":3,"turns":1},{"damage":0,"enemies":"2 Louse","floor":4,"turns":1},{"damage":17,"enemies":"Gremlin Gang","floor":5,"turns":7},{"damage":64,"enemies":"Gremlin Nob","floor":6,"turns":5},{"damage":0,"enemies":"3 Louse","floor":7,"turns":3},{"damage":13,"enemies":"3 Sentries","floor":13,"turns":8},{"damage":39,"enemies":"Slime Boss","floor":16,"turns":8},{"damage":25,"enemies":"Shell Parasite","floor":18,"turns":6},{"damage":5,"enemies":"Spheric Guardian","floor":19,"turns":3},{"damage":33,"enemies":"Cultist and Chosen","floor":22,"turns":6},{"damage":27,"enemies":"Gremlin Leader","floor":28,"turns":8},{"damage":6,"enemies":"Sentry and Sphere","floor":29,"turns":5},{"damage":11,"enemies":"Centurion and Healer","floor":31,"turns":3}],"seed_played":"-3333058197114413233","potions_obtained":[{"floor":3,"key":"FocusPotion"},{"floor":5,"key":"FairyPotion"},{"floor":13,"key":"SteroidPotion"},{"floor":18,"key":"GamblersBrew"},{"floor":22,"key":"SpeedPotion"}],"is_trial":false,"path_per_floor":["M","?","M","M","M","E","M","R","T","R","?","R","E","$","R","B",null,"M","M","?","?","M","R","?","R","T","?","E","M","$","M"],"character_chosen":"DEFECT","items_purchased":["Prayer Wheel","Dexterity Potion","PowerPotion"],"campfire_rested":3,"item_purchase_floors":[14,30,30],"current_hp_per_floor":[64,57,57,57,40,7,7,43,43,43,43,43,30,30,66,27,60,35,30,53,53,20,56,56,56,56,43,16,10,10,0],"gold":37,"neow_bonus":"THREE_ENEMY_KILL","is_prod":false,"is_daily":false,"chose_seed":false,"campfire_upgraded":3,"win_rate":0,"timestamp":1551317331,"path_taken":["M","?","M","M","M","E","M","R","T","R","?","R","E","$","R","BOSS","M","?","?","?","?","R","?","R","T","?","E","?","$","M"],"build_version":"2019-01-23","purchased_purges":1,"victory":false,"max_hp_per_floor":[71,71,71,71,71,71,71,71,71,71,71,71,71,71,71,71,71,71,71,71,71,71,71,71,71,71,76,76,76,76,76],"card_choices":[{"not_picked":["Barrage","Hologram"],"picked":"Coolheaded","floor":1},{"not_picked":["Coolheaded","Stack"],"picked":"Compile Driver","floor":3},{"not_picked":["Storm","Cold Snap"],"picked":"Genetic Algorithm","floor":4},{"not_picked":["Beam Cell","Recycle"],"picked":"BootSequence","floor":5},{"not_picked":["Reprogram","Leap"],"picked":"Beam Cell","floor":6},{"not_picked":["Force Field","Defragment"],"picked":"All For One","floor":7},{"not_picked":["Rebound","Hello World"],"picked":"Doom and Gloom","floor":13},{"not_picked":["Multi-Cast","Rainbow"],"picked":"Meteor Strike","floor":16},{"not_picked":["Coolheaded","Cold Snap","Steam"],"picked":"SKIP","floor":18},{"not_picked":["Melter","Ball Lightning","Sweeping Beam"],"picked":"SKIP","floor":18},{"not_picked":["Storm","Barrage"],"picked":"Undo","floor":19},{"not_picked":["Beam Cell","Capacitor"],"picked":"Conserve Battery","floor":19},{"not_picked":["Barrage","FTL"],"picked":"Go for the Eyes","floor":22},{"not_picked":["Coolheaded","Fusion"],"picked":"Go for the Eyes","floor":22},{"not_picked":["FTL","Streamline"],"picked":"Chill","floor":28},{"not_picked":["Consume+1","Coolheaded+1"],"picked":"Echo Form","floor":29},{"not_picked":["Barrage","Steam Power","Hello World"],"picked":"SKIP","floor":29}],"player_experience":1396079,"relics_obtained":[{"floor":6,"key":"Regal Pillow"},{"floor":9,"key":"Sundial"},{"floor":13,"key":"Dead Branch"},{"floor":17,"key":"DataDisk"},{"floor":17,"key":"Darkstone Periapt"},{"floor":17,"key":"Unceasing Top"},{"floor":26,"key":"Gremlin Horn"},{"floor":28,"key":"PreservedInsect"}],"event_choices":[{"damage_healed":0,"gold_gain":0,"player_choice":"Success","damage_taken":7,"relics_obtained":["Ornamental Fan"],"max_hp_gain":0,"max_hp_loss":0,"event_name":"Scrap Ooze","floor":2,"gold_loss":0},{"damage_healed":0,"gold_gain":100,"player_choice":"Pray","damage_taken":0,"max_hp_gain":0,"max_hp_loss":0,"event_name":"Golden Shrine","floor":11,"gold_loss":0},{"damage_healed":23,"gold_gain":0,"player_choice":"Heal","damage_taken":0,"max_hp_gain":0,"max_hp_loss":0,"event_name":"The Library","floor":20,"gold_loss":0},{"cards_removed":["Pain"],"damage_healed":0,"gold_gain":0,"player_choice":"Upgrade and Remove","damage_taken":0,"max_hp_gain":0,"max_hp_loss":0,"event_name":"Designer","floor":21,"gold_loss":90,"cards_upgraded":["Defend_B"]},{"damage_healed":0,"gold_gain":99,"player_choice":"Stole From Cult","damage_taken":0,"max_hp_gain":0,"max_hp_loss":0,"event_name":"Nest","floor":24,"gold_loss":0},{"damage_healed":0,"gold_gain":0,"player_choice":"Shed Blood","damage_taken":18,"max_hp_gain":5,"max_hp_loss":0,"event_name":"Forgotten Altar","floor":27,"gold_loss":0}],"is_beta":false,"boss_relics":[{"not_picked":["Lizard Tail","Empty Cage"],"picked":"Calling Bell"}],"items_purged_floors":[30],"is_endless":false,"potions_floor_spawned":[3,5,13,18,22],"killed_by":"Centurion and Healer","ascension_level":14}