{"path_per_floor":["M","$","M","M","M","E","M","E","T","R","?","E","?","M","R","B",null,"M","$","?","?","M","E","R","E","T","R","M","M","M","M","R","B",null,"M","?","M","?","M","R","E","M","T","M","$","M","E","M","R","B"],"character_chosen":"IRONCLAD","items_purchased":["Kunai","Whirlwind","Havoc","Pear","Second Wind","Warcry","Bandage Up"],"gold_per_floor":[109,34,46,66,81,115,125,157,239,239,239,272,272,285,285,384,384,408,41,41,77,93,137,137,176,199,199,214,228,249,263,263,356,356,371,371,387,387,406,406,449,468,523,537,24,38,78,97,97,97],"floor_reached":51,"campfire_rested":0,"playtime":6038,"current_hp_per_floor":[66,66,67,72,68,58,58,63,63,63,63,60,60,65,65,65,65,62,62,62,61,65,62,62,41,48,48,49,55,52,58,58,72,72,72,68,70,70,68,68,55,54,54,50,60,66,72,82,82,39],"items_purged":["Parasite","Armaments"],"gold":97,"score":1090,"play_id":"de083a97-162e-42cf-b652-0539ab9d7ab0","is_prod":false,"is_daily":false,"is_ascension_mode":true,"campfire_upgraded":7,"path_taken":["M","$","M","M","M","E","M","E","T","R","?","E","?","?","R","BOSS","M","$","?","?","M","E","R","E","T","R","M","?","M","M","R","BOSS","M","?","M","?","M","R","E","M","T","M","$","?","E","M","R","BOSS"],"build_version":"2018-02-21-BETA5","purchased_purges":2,"victory":true,"master_deck":["Bash","Inflame","Pommel Strike","Metallicize","Shrug It Off","Armaments+1","Iron Wave","Ghostly Armor","Pommel Strike+1","Whirlwind+1","Barricade","Whirlwind+1","Havoc+1","Metallicize","Demon Form+1","Pummel+1","Inflame+1","Offering+1","Iron Wave","Anger","Evolve","True Grit","Power Through","Hemokinesis","Burning Pact","Metallicize","Feel No Pain+1","Shockwave","Second Wind","Warcry","Bandage Up","Entrench+1","Fiend Fire"],"max_hp_per_floor":[75,72,72,72,72,72,72,72,72,72,65,65,65,65,65,65,65,65,65,65,65,65,65,65,65,72,72,72,72,72,72,72,72,72,72,72,72,72,72,72,72,72,72,72,82,82,82,82,82,82],"relics":["Burning Blood","Bag of Preparation","Pantograph","Mummified Hand","Golden Idol","Centennial Puzzle","Runic Dome","Kunai","Red Mask","Smiling Mask","Matryoshka","Pen Nib","Strawberry","Pandora\u0027s Box","Shuriken","Tiny Chest","Regal Pillow","Pear","Lantern"],"card_choices":[{"not_picked":["Flex","Reaper"],"picked":"Inflame"},{"not_picked":["Rage","Bloodletting"],"picked":"Pommel Strike"},{"not_picked":["Fire Breathing","Cleave"],"picked":"Metallicize"},{"not_picked":["Armaments","Seeing Red"],"picked":"Shrug It Off"},{"not_picked":["Twin Strike","Dark Embrace"],"picked":"Armaments"},{"not_picked":["Wild Strike","Anger"],"picked":"Iron Wave"},{"not_picked":["Perfected Strike","Fiend Fire"],"picked":"Ghostly Armor"},{"not_picked":["Burning Pact","Rage"],"picked":"Pommel Strike"},{"not_picked":["Thunderclap","Pommel Strike"],"picked":"Whirlwind"},{"not_picked":["Brutality","Fiend Fire"],"picked":"Barricade"},{"not_picked":["True Grit","Pommel Strike"],"picked":"Metallicize"},{"not_picked":["Flex","Armaments"],"picked":"Demon Form"},{"not_picked":["Intimidate","Sword Boomerang"],"picked":"Pummel"},{"not_picked":["Flex","Heavy Blade"],"picked":"Inflame"},{"not_picked":["Immolate","Exhume"],"picked":"Offering"},{"not_picked":["Pommel Strike","Burning Pact"],"picked":"Feel No Pain"},{"not_picked":["Feed","Hemokinesis"],"picked":"Shockwave"},{"not_picked":["Bloodletting","Combust"],"picked":"Entrench"},{"not_picked":["Bloodletting","Thunderclap"],"picked":"Fiend Fire"}],"player_experience":157629,"potions_floor_usage":[4,6,21,25,30,31,50,50],"damage_taken":[{"damage":8,"enemies":"Jaw Worm","floor":1,"turns":4},{"damage":5,"enemies":"Small Slimes","floor":3,"turns":4},{"damage":0,"enemies":"2 Louse","floor":4,"turns":3},{"damage":10,"enemies":"2 Fungi Beasts","floor":5,"turns":3},{"damage":16,"enemies":"Lagavulin","floor":6,"turns":8},{"damage":6,"enemies":"Exordium Wildlife","floor":7,"turns":4},{"damage":1,"enemies":"3 Sentries","floor":8,"turns":9},{"damage":9,"enemies":"Lagavulin","floor":12,"turns":8},{"damage":0,"enemies":"Blue Slaver","floor":14,"turns":5},{"damage":0,"enemies":"The Guardian","floor":16,"turns":15},{"damage":9,"enemies":"Shell Parasite","floor":18,"turns":5},{"damage":7,"enemies":"Masked Bandits","floor":21,"turns":3},{"damage":0,"enemies":"3 Byrds","floor":22,"turns":3},{"damage":9,"enemies":"Slavers","floor":23,"turns":4},{"damage":27,"enemies":"Book of Stabbing","floor":25,"turns":6},{"damage":5,"enemies":"Snake Plant","floor":28,"turns":3},{"damage":0,"enemies":"Snecko","floor":29,"turns":3},{"damage":9,"enemies":"Slaver and Parasite","floor":30,"turns":4},{"damage":9,"enemies":"Cultist and Chosen","floor":31,"turns":4},{"damage":1,"enemies":"Collector","floor":33,"turns":7},{"damage":6,"enemies":"Flame Bruiser 1 Orb","floor":35,"turns":3},{"damage":4,"enemies":"3 Darklings","floor":37,"turns":3},{"damage":8,"enemies":"Spire Growth","floor":39,"turns":3},{"damage":19,"enemies":"2 Orb Walkers","floor":41,"turns":5},{"damage":7,"enemies":"Maw","floor":42,"turns":4},{"damage":10,"enemies":"3 Darklings","floor":44,"turns":4},{"damage":4,"enemies":"Spire Growth","floor":46,"turns":3},{"damage":4,"enemies":"Giant Head","floor":47,"turns":5},{"damage":0,"enemies":"Sphere and 2 Shapes","floor":48,"turns":4},{"damage":67,"enemies":"Awakened One","floor":50,"turns":12}],"event_choices":[{"event_name":"Golden Idol","player_choice":"Lose Max HP","floor":11,"damage_taken":0},{"event_name":"Living Wall","player_choice":"Grow","floor":13,"damage_taken":0},{"event_name":"Beggar","player_choice":"Ignored","floor":20,"damage_taken":0},{"event_name":"Masked Bandits","player_choice":"Fought over 41 gold","floor":21,"damage_taken":0},{"event_name":"The Woman in Blue","player_choice":"Bought 0 Potions","floor":36,"damage_taken":0},{"event_name":"The Lab","player_choice":"Got Potions","floor":38,"damage_taken":0}],"boss_relics":[{"not_picked":["Black Star","Runic Pyramid"],"picked":"Runic Dome"},{"not_picked":["Runic Cube","Orrery"],"picked":"Pandora\u0027s Box"}],"potions_floor_spawned":[3,8,12,14,16,21,29,30,33,35,37,42,44,48],"seed_played":"-3912297450160652033","ascension_level":15,"is_trial":false}