{"gold_per_floor":[111,36,51,51,70,95,95,95,95,108,108,128,128,83],"floor_reached":14,"playtime":539,"items_purged":["Normality"],"score":90,"play_id":"64ebf22e-46c0-4aac-bd86-7b6569c56cfd","local_time":"20190224150242","is_ascension_mode":false,"campfire_choices":[{"data":"Bash","floor":8,"key":"SMITH"},{"data":"Strike_R","floor":11,"key":"SMITH"},{"data":"Defend_R","floor":13,"key":"SMITH"}],"neow_cost":"NONE","seed_source_timestamp":762960835188620,"circlet_count":0,"master_deck":["Strike_R","Strike_R","Strike_R","Strike_R+1","Strike_R","Defend_R+1","Defend_R","Defend_R","Defend_R","Bash+1","Clumsy"],"relics":["Calling Bell","Lantern","Matryoshka","Turnip","Letter Opener","PreservedInsect","Juzu Bracelet"],"potions_floor_usage":[12,14,14],"damage_taken":[{"damage":0,"enemies":"2 Louse","floor":1,"turns":4},{"damage":14,"enemies":"Jaw Worm","floor":3,"turns":5},{"damage":4,"enemies":"Cultist","floor":5,"turns":4},{"damage":48,"enemies":"Gremlin Nob","floor":6,"turns":6},{"damage":7,"enemies":"2 Fungi Beasts","floor":10,"turns":4},{"damage":0,"enemies":"Large Slime","floor":12,"turns":4},{"damage":20,"enemies":"Exordium Thugs","floor":14,"turns":3}],"seed_played":"2259253757274837859","potions_obtained":[{"floor":1,"key":"BloodPotion"},{"floor":5,"key":"Swift Potion"},{"floor":6,"key":"AttackPotion"}],"is_trial":false,"path_per_floor":["M","$","M","?","M","E","?","R","T","M","R","M","R","M"],"character_chosen":"IRONCLAD","items_purchased":[],"campfire_rested":0,"item_purchase_floors":[],"current_hp_per_floor":[80,80,66,66,62,14,14,14,14,7,7,7,7,0],"gold":83,"neow_bonus":"BOSS_RELIC","is_prod":false,"is_daily":false,"chose_seed":false,"campfire_upgraded":3,"win_rate":0,"timestamp":1550988162,"path_taken":["M","$","M","?","M","E","?","R","T","M","R","M","R","M"],"build_version":"2019-01-23","purchased_purges":1,"victory":false,"max_hp_per_floor":[80,80,80,80,80,80,80,80,80,80,80,80,80,80],"card_choices":[{"not_picked":["Sword Boomerang","Armaments","Carnage"],"picked":"SKIP","floor":1},{"not_picked":["Twin Strike","Intimidate","Cleave"],"picked":"SKIP","floor":3},{"not_picked":["Metallicize","Second Wind","Pommel Strike"],"picked":"SKIP","floor":5},{"not_picked":["Metallicize","Wild Strike","Havoc"],"picked":"SKIP","floor":6},{"not_picked":["Shrug It Off","Havoc","Rage"],"picked":"SKIP","floor":10},{"not_picked":["Whirlwind","True Grit","Fire Breathing"],"picked":"SKIP","floor":12}],"player_experience":907263,"relics_obtained":[{"floor":0,"key":"Lantern"},{"floor":0,"key":"Matryoshka"},{"floor":0,"key":"Turnip"},{"floor":6,"key":"Letter Opener"},{"floor":9,"key":"PreservedInsect"},{"floor":9,"key":"Juzu Bracelet"}],"event_choices":[{"cards_removed":["Normality"],"damage_healed":0,"gold_gain":0,"player_choice":"Forget","damage_taken":0,"max_hp_gain":0,"max_hp_loss":0,"event_name":"Living Wall","floor":4,"gold_loss":0},{"damage_healed":0,"gold_gain":0,"player_choice":"Ignored","damage_taken":0,"max_hp_gain":0,"max_hp_loss":0,"event_name":"Liars Game","floor":7,"gold_loss":0}],"is_beta":false,"boss_relics":[],"items_purged_floors":[2],"is_endless":false,"potions_floor_spawned":[1,5,6,10],"killed_by":"Exordium Thugs","ascension_level":0}