{"path_per_floor":["M","$","?","?","$","R","M","?","T","M","M","R","M","M","R","B",null,"M","?","$","T","M","R","$","R","T","E","M","?"],"character_chosen":"THE_SILENT","items_purchased":["Noxious Fumes","Backstab","Acrobatics","Accuracy","Bag of Marbles","Cloak And Dagger","Infinite Blades","Blind"],"gold_per_floor":[119,44,294,469,72,72,90,110,160,175,191,191,208,221,221,324,324,342,342,27,27,40,40,40,40,40,66,81,181,181],"floor_reached":30,"campfire_rested":1,"playtime":1362,"current_hp_per_floor":[69,69,69,69,69,69,69,55,55,55,55,55,55,55,55,33,61,39,39,39,39,31,52,52,52,52,15,1,1,0],"items_purged":["Regret","Doubt"],"gold":181,"score":298,"play_id":"089872da-d74d-49c4-875c-30362d18ed8e","local_time":"20180331232540","is_prod":false,"is_daily":false,"is_ascension_mode":true,"campfire_upgraded":4,"timestamp":1522553140,"path_taken":["M","$","?","?","$","R","M","?","T","M","M","R","M","M","R","BOSS","M","?","$","?","M","R","?","R","T","E","?","?","M"],"build_version":"2018-03-29v2","purchased_purges":2,"victory":false,"master_deck":["Defend_G","Defend_G","Defend_G","Defend_G","Defend_G","Strike_G","Strike_G","Strike_G","Strike_G","Strike_G","Survivor","Neutralize","Escape Plan","Quick Slash","Noxious Fumes+1","Backstab","Acrobatics","Accuracy","Dagger Throw","Escape Plan","Cloak And Dagger+1","Calculated Gamble+1","Accuracy+1","Slice","Adrenaline","Calculated Gamble","Cloak And Dagger","Infinite Blades","Blind","Accuracy+1","Backflip"],"max_hp_per_floor":[70,70,70,70,70,70,70,70,70,70,70,70,70,70,70,70,70,70,70,70,70,70,70,70,70,70,70,70,70,70],"relics":["Ring of the Snake","Bag of Marbles","Odd Mushroom","Anchor","The Specimen","Unceasing Top","Gambling Chip","Du-Vu Doll"],"card_choices":[{"not_picked":["Sucker Punch","Poisoned Stab"],"picked":"Escape Plan","floor":0.0},{"not_picked":["Masterful Stab","Bullet Time"],"picked":"Quick Slash","floor":1.0},{"not_picked":["Eviscerate","Expertise"],"picked":"Dagger Throw","floor":7.0},{"not_picked":["Distraction","Sucker Punch"],"picked":"Escape Plan","floor":8.0},{"not_picked":["Dagger Throw","Flying Knee"],"picked":"Cloak And Dagger","floor":10.0},{"not_picked":["Deflect","Outmaneuver"],"picked":"Calculated Gamble","floor":11.0},{"not_picked":["Cloak And Dagger","Dodge and Roll"],"picked":"Accuracy","floor":13.0},{"not_picked":["Dagger Spray","Malaise"],"picked":"Slice","floor":14},{"not_picked":["Tools of the Trade","Burst"],"picked":"Adrenaline","floor":16},{"not_picked":["Underhanded Strike","Deadly Poison"],"picked":"Calculated Gamble","floor":18},{"not_picked":["Bane","Sucker Punch"],"picked":"Accuracy","floor":22},{"not_picked":["Deadly Poison","Eviscerate"],"picked":"Backflip","floor":27}],"player_experience":375647,"potions_floor_usage":[16,18,28,28,30],"damage_taken":[{"damage":1.0,"enemies":"Small Slimes","floor":1.0,"turns":3.0},{"damage":0.0,"enemies":"Cultist","floor":7.0,"turns":3.0},{"damage":14.0,"enemies":"The Mushroom Lair","floor":8.0,"turns":4.0},{"damage":0.0,"enemies":"2 Louse","floor":10.0,"turns":1.0},{"damage":0.0,"enemies":"Blue Slaver","floor":11.0,"turns":2.0},{"damage":0.0,"enemies":"Looter","floor":13.0,"turns":1.0},{"damage":0,"enemies":"Gremlin Gang","floor":14,"turns":4},{"damage":22,"enemies":"Slime Boss","floor":16,"turns":9},{"damage":22,"enemies":"Spheric Guardian","floor":18,"turns":4},{"damage":8,"enemies":"2 Thieves","floor":22,"turns":4},{"damage":37,"enemies":"Book of Stabbing","floor":27,"turns":5},{"damage":14,"enemies":"Sentry and Sphere","floor":28,"turns":5},{"damage":5,"enemies":"Centurion and Healer","floor":30,"turns":3}],"event_choices":[{"event_name":"Golden Shrine","player_choice":"Desecrate","floor":3.0,"damage_taken":0.0},{"event_name":"Liars Game","player_choice":"agreed","floor":4.0,"damage_taken":0.0},{"event_name":"Mushrooms","player_choice":"Fought Mushrooms","floor":8.0,"damage_taken":0.0},{"event_name":"Ghosts","player_choice":"Ignored","floor":19,"damage_taken":0},{"event_name":"Golden Shrine","player_choice":"Pray","floor":29,"damage_taken":0}],"boss_relics":[{"not_picked":["Lizard Tail","Runic Pyramid"],"picked":"The Specimen"}],"potions_floor_spawned":[7,10,13,16,22,27],"seed_played":"-9045219146729883661","killed_by":"Centurion and Healer","ascension_level":5,"is_trial":false}