{"gold_per_floor":[116,116,26,26,36,63,13,40,40,68,83,99,99,111,111,215,215,231,156,187,187,115,148,160,188,200,212,253,265,277,309,321,434,446,472,363,375,63,63,63,75,75,75,75,75,90,105,118,118,118],"floor_reached":51,"playtime":4418,"items_purged":[],"score":935,"play_id":"59402737-2525-48d1-9c38-90666e3a9bef","local_time":"20190226203128","is_ascension_mode":true,"campfire_choices":[{"data":"Shrug It Off","floor":13.0,"key":"SMITH"},{"data":"Carnage","floor":15.0,"key":"SMITH"},{"floor":24,"key":"REST"},{"floor":32,"key":"REST"},{"data":"Corruption","floor":40,"key":"SMITH"},{"data":"True Grit","floor":42,"key":"SMITH"},{"data":"Burning Pact","floor":49,"key":"SMITH"}],"neow_cost":"NONE","seed_source_timestamp":249211700723120,"circlet_count":0,"master_deck":["Defend_R","Defend_R","Defend_R","Bash+1","Reckless Charge","Spot Weakness","Sword Boomerang","Iron Wave","Carnage+1","Immolate","Offering","Shrug It Off+1","Cleave","Feed","Dark Embrace+1","Dark Embrace+1","Flex+1","Shrug It Off","Thunderclap+1","Burning Pact+1","Clothesline+1","True Grit+1","Juggernaut","Blood for Blood","Feel No Pain+1","Exhume","Body Slam+1","Metallicize","True Grit+1","Corruption+1","Exhume","Shockwave+1","Seeing Red+1"],"special_seed":0,"relics":["Burning Blood","PreservedInsect","Torii","Omamori","Dead Branch","Gremlin Horn","Astrolabe","Red Mask","MawBank","Blood Vial","Enchiridion","Matryoshka","Sozu","Bottled Tornado","Oddly Smooth Stone","Darkstone Periapt"],"potions_floor_usage":[23,28,50],"damage_taken":[{"damage":7.0,"enemies":"Jaw Worm","floor":1.0,"turns":3.0},{"damage":15.0,"enemies":"Small Slimes","floor":5.0,"turns":3.0},{"damage":5.0,"enemies":"3 Sentries","floor":6.0,"turns":6.0},{"damage":30.0,"enemies":"Lagavulin","floor":8.0,"turns":4.0},{"damage":11.0,"enemies":"Gremlin Nob","floor":10.0,"turns":3.0},{"damage":0.0,"enemies":"2 Louse","floor":11.0,"turns":2.0},{"damage":0.0,"enemies":"2 Fungi Beasts","floor":12.0,"turns":2.0},{"damage":1.0,"enemies":"Blue Slaver","floor":14.0,"turns":4.0},{"damage":49.0,"enemies":"The Guardian","floor":16.0,"turns":11.0},{"damage":6.0,"enemies":"Spheric Guardian","floor":18.0,"turns":1.0},{"damage":1.0,"enemies":"Masked Bandits","floor":20.0,"turns":3.0},{"damage":23,"enemies":"Book of Stabbing","floor":23,"turns":4},{"damage":6,"enemies":"3 Byrds","floor":25,"turns":4},{"damage":6,"enemies":"Gremlin Leader","floor":28,"turns":3},{"damage":6,"enemies":"3 Cultists","floor":31,"turns":3},{"damage":73,"enemies":"Automaton","floor":33,"turns":10},{"damage":0,"enemies":"3 Shapes","floor":35,"turns":5},{"damage":13,"enemies":"Orb Walker","floor":37,"turns":4},{"damage":0,"enemies":"Sphere and 2 Shapes","floor":41,"turns":2},{"damage":0,"enemies":"4 Shapes","floor":46,"turns":1},{"damage":9,"enemies":"Transient","floor":47,"turns":5},{"damage":6,"enemies":"Jaw Worm Horde","floor":48,"turns":2},{"damage":0,"enemies":"Time Eater","floor":50,"turns":7}],"seed_played":"-1549151490938018633","potions_obtained":[{"floor":5.0,"key":"AttackPotion"},{"floor":6.0,"key":"Regen Potion"},{"floor":8.0,"key":"Weak Potion"},{"floor":10.0,"key":"Strength Potion"},{"floor":16.0,"key":"Explosive Potion"},{"floor":20.0,"key":"EssenceOfSteel"},{"floor":25,"key":"SkillPotion"},{"floor":33,"key":"EssenceOfSteel"}],"is_trial":false,"path_per_floor":["M","?","$","?","M","E","?","E","T","E","M","M","R","M","R","B",null,"M","?","?","?","$","E","R","M","T","?","E","$","?","M","R","B",null,"M","$","M","$","?","R","M","R","T","$","?","M","M","M","R","B",null],"character_chosen":"IRONCLAD","items_purchased":["Spot Weakness","Sword Boomerang","Burning Pact","Metallicize","True Grit","Corruption","Bottled Tornado"],"campfire_rested":2,"item_purchase_floors":[3,3,22,36,36,38,38],"current_hp_per_floor":[79,79,79,79,70,71,71,56,56,51,57,63,63,68,68,25,66,66,66,74,58,58,41,67,70,70,54,59,59,59,64,93,28,80,91,91,89,89,89,89,97,97,97,97,97,103,100,105,105,106],"gold":118,"neow_bonus":"RANDOM_COMMON_RELIC","is_prod":false,"is_daily":false,"chose_seed":false,"campfire_upgraded":5,"win_rate":0,"timestamp":1551213088,"path_taken":["M","?","$","?","M","E","?","E","T","E","M","M","R","M","R","BOSS","M","?","?","?","$","E","R","M","T","?","E","$","?","?","R","BOSS","M","$","M","$","?","R","M","R","T","?","?","?","M","M","R","BOSS"],"build_version":"2019-01-23","purchased_purges":0,"victory":true,"max_hp_per_floor":[80,80,80,80,80,80,80,80,80,80,80,80,80,80,80,80,80,80,80,83,88,88,88,88,91,91,91,94,94,94,97,97,97,97,100,100,103,103,103,103,103,103,103,103,103,103,103,106,106,106],"card_choices":[{"not_picked":["Wild Strike","Havoc"],"picked":"Reckless Charge","floor":1.0},{"not_picked":["Wild Strike","Rupture"],"picked":"Iron Wave","floor":5.0},{"not_picked":["Fiend Fire","Warcry"],"picked":"Carnage","floor":6.0},{"not_picked":["Disarm","Iron Wave"],"picked":"Immolate","floor":8.0},{"not_picked":["Power Through","True Grit"],"picked":"Offering","floor":10.0},{"not_picked":["Clash","Pommel Strike"],"picked":"Shrug It Off","floor":11.0},{"not_picked":["Headbutt","True Grit"],"picked":"Inflame","floor":12.0},{"not_picked":["Clothesline","Demon Form"],"picked":"Cleave","floor":14.0},{"not_picked":["Berserk","Double Tap"],"picked":"Feed","floor":16.0},{"not_picked":["Heavy Blade","Anger"],"picked":"Shrug It Off","floor":18.0},{"not_picked":["Dual Wield","Clash"],"picked":"Thunderclap+1","floor":20.0},{"not_picked":["Pummel","Double Tap"],"picked":"Clothesline+1","floor":23},{"not_picked":["Iron Wave","Flex","Dual Wield"],"picked":"SKIP","floor":25},{"not_picked":["Battle Trance+1","Rage"],"picked":"True Grit+1","floor":28},{"not_picked":["Sentinel","Warcry"],"picked":"Feel No Pain+1","floor":31},{"not_picked":["Feed","Double Tap"],"picked":"Exhume","floor":33},{"not_picked":["Sword Boomerang","Iron Wave"],"picked":"Body Slam+1","floor":35},{"not_picked":["Flex+1","Heavy Blade+1","Power Through+1"],"picked":"SKIP","floor":37},{"not_picked":["Perfected Strike+1","Power Through"],"picked":"Shockwave+1","floor":41},{"not_picked":["Cleave+1","Headbutt","Twin Strike"],"picked":"SKIP","floor":46},{"not_picked":["Shockwave+1","Twin Strike"],"picked":"Seeing Red+1","floor":47},{"not_picked":["Havoc","Bloodletting+1","Rampage+1"],"picked":"SKIP","floor":48}],"player_experience":557316,"relics_obtained":[{"floor":6.0,"key":"Torii"},{"floor":8.0,"key":"Omamori"},{"floor":9.0,"key":"Dead Branch"},{"floor":10.0,"key":"Gremlin Horn"},{"floor":20.0,"key":"Red Mask"},{"floor":23,"key":"MawBank"},{"floor":26,"key":"Blood Vial"},{"floor":27,"key":"Enchiridion"},{"floor":28,"key":"Matryoshka"},{"floor":43,"key":"Oddly Smooth Stone"},{"floor":43,"key":"Darkstone Periapt"}],"event_choices":[{"damage_healed":0.0,"max_hp_gain":0.0,"max_hp_loss":0.0,"gold_gain":0.0,"event_name":"Living Wall","player_choice":"Grow","floor":2.0,"gold_loss":0.0,"damage_taken":0.0,"cards_upgraded":["Bash"]},{"damage_healed":0.0,"max_hp_gain":0.0,"max_hp_loss":0.0,"gold_gain":0.0,"event_name":"Liars Game","player_choice":"Ignored","floor":4.0,"gold_loss":0.0,"damage_taken":0.0},{"cards_removed":["Strike_R"],"damage_healed":0.0,"max_hp_gain":0.0,"max_hp_loss":0.0,"gold_gain":0.0,"event_name":"The Cleric","player_choice":"Card Removal","floor":7.0,"gold_loss":50.0,"damage_taken":0.0},{"cards_removed":["Strike_R"],"damage_healed":0.0,"max_hp_gain":0.0,"max_hp_loss":0.0,"gold_gain":0.0,"event_name":"Beggar","player_choice":"Gave Gold","floor":19.0,"gold_loss":75.0,"damage_taken":0.0},{"damage_healed":0.0,"max_hp_gain":0.0,"max_hp_loss":0.0,"gold_gain":0.0,"event_name":"Masked Bandits","player_choice":"Fought Bandits","floor":20.0,"gold_loss":0.0,"damage_taken":0.0},{"damage_healed":0.0,"max_hp_gain":5.0,"max_hp_loss":0.0,"gold_gain":0.0,"event_name":"Forgotten Altar","player_choice":"Shed Blood","floor":21.0,"gold_loss":0.0,"damage_taken":21.0},{"damage_healed":0,"gold_gain":0,"player_choice":"Obtained Book","damage_taken":16,"max_hp_gain":0,"max_hp_loss":0,"event_name":"Cursed Tome","floor":27,"gold_loss":0},{"damage_healed":0,"gold_gain":0,"cards_transformed":["Defend_R","Strike_R"],"player_choice":"Became Test Subject","damage_taken":0,"max_hp_gain":0,"max_hp_loss":0,"event_name":"Drug Dealer","floor":30,"gold_loss":0,"cards_obtained":["Juggernaut","Blood for Blood"]},{"damage_healed":0,"gold_gain":0,"player_choice":"Copied","damage_taken":0,"max_hp_gain":0,"max_hp_loss":0,"event_name":"Duplicator","floor":39,"gold_loss":0,"cards_obtained":["Exhume"]},{"damage_healed":0,"gold_gain":0,"player_choice":"Bought 0 Potions","damage_taken":0,"max_hp_gain":0,"max_hp_loss":0,"event_name":"The Woman in Blue","floor":45,"gold_loss":0}],"is_beta":false,"boss_relics":[{"not_picked":["Empty Cage","Black Star"],"picked":"Astrolabe"},{"not_picked":["Fusion Hammer","White Beast Statue"],"picked":"Sozu"}],"items_purged_floors":[],"is_endless":false,"potions_floor_spawned":[5,6,8,10,16,20,25,33,41,47,48],"ascension_level":5}