{"gold_per_floor":[116,139,139,153,163,163,13,31,31,41,70,93,93,112,112,189,189,199,124,7,7,22,22,22,57,83,83,96,123,23,37,37,109,109,127,127,144,64,78,78,112,112,137,148,167,179,46,62,62,62,62,62,62,7,33,33],"floor_reached":57,"playtime":4262,"items_purged":["Strike_G","Dagger Spray"],"score":2758,"play_id":"a385751b-1e85-466d-aea6-46adf759459f","local_time":"20181220141527","is_ascension_mode":true,"campfire_choices":[{"data":"Bouncing Flask","floor":6,"key":"SMITH"},{"data":"Crippling Poison","floor":13,"key":"SMITH"},{"data":"Noxious Fumes","floor":15,"key":"SMITH"},{"data":"Footwork","floor":24,"key":"SMITH"},{"floor":27,"key":"REST"},{"data":"Well Laid Plans","floor":32,"key":"SMITH"},{"floor":40,"key":"REST"},{"floor":42,"key":"RECALL"},{"floor":49,"key":"REST"},{"floor":53,"key":"REST"}],"neow_cost":"NONE","seed_source_timestamp":499068639893099,"circlet_count":0,"master_deck":["AscendersBane","Defend_G","Defend_G+1","Defend_G","Defend_G","Survivor+1","Neutralize","Bouncing Flask+1","Footwork+1","Crippling Poison+1","Noxious Fumes+1","Dodge and Roll+1","PiercingWail+1","Doppelganger+1","Backflip+1","Well Laid Plans+1","Poisoned Stab","Deadly Poison+1","Deflect+1","Escape Plan+1","Wraith Form v2+1","PiercingWail+1","Catalyst+1","Leg Sweep+1","Doppelganger+1","PiercingWail+1","Well Laid Plans+1","Calculated Gamble+1","Night Terror+1","PiercingWail+1","Deadly Poison+1","Burst+1","Prepared+1","Acrobatics+1","Calculated Gamble+1"],"relics":["Ring of the Snake","War Paint","Toxic Egg 2","Dream Catcher","Odd Mushroom","Empty Cage","Frozen Egg 2","Happy Flower","Tough Bandages","Fusion Hammer","Paper Crane","Centennial Puzzle","Pen Nib"],"potions_floor_usage":[11,12,33,56],"damage_taken":[{"damage":0,"enemies":"Cultist","floor":1,"turns":4},{"damage":4,"enemies":"Jaw Worm","floor":4,"turns":4},{"damage":1,"enemies":"2 Louse","floor":5,"turns":3},{"damage":6,"enemies":"Blue Slaver","floor":8,"turns":5},{"damage":7,"enemies":"Exordium Thugs","floor":10,"turns":7},{"damage":25,"enemies":"Gremlin Nob","floor":11,"turns":4},{"damage":0,"enemies":"The Mushroom Lair","floor":12,"turns":5},{"damage":0,"enemies":"Looter","floor":14,"turns":4},{"damage":10,"enemies":"Hexaghost","floor":16,"turns":10},{"damage":0,"enemies":"3 Byrds","floor":18,"turns":4},{"damage":0,"enemies":"Spheric Guardian","floor":22,"turns":3},{"damage":16,"enemies":"Slavers","floor":25,"turns":5},{"damage":0,"enemies":"3 Cultists","floor":28,"turns":6},{"damage":0,"enemies":"Book of Stabbing","floor":29,"turns":6},{"damage":0,"enemies":"Snecko","floor":31,"turns":4},{"damage":23,"enemies":"Collector","floor":33,"turns":7},{"damage":1,"enemies":"3 Darklings","floor":35,"turns":6},{"damage":2,"enemies":"Orb Walker","floor":37,"turns":3},{"damage":7,"enemies":"Maw","floor":39,"turns":6},{"damage":3,"enemies":"Reptomancer","floor":41,"turns":7},{"damage":1,"enemies":"Writhing Mass","floor":44,"turns":6},{"damage":0,"enemies":"3 Darklings","floor":45,"turns":6},{"damage":6,"enemies":"4 Shapes","floor":46,"turns":6},{"damage":10,"enemies":"Spire Growth","floor":48,"turns":2},{"damage":5,"enemies":"Time Eater","floor":50,"turns":9},{"damage":11,"enemies":"Awakened One","floor":51,"turns":15},{"damage":26,"enemies":"Shield and Spear","floor":55,"turns":6},{"damage":6,"enemies":"The Heart","floor":56,"turns":8}],"seed_played":"4029348325923063675","potions_obtained":[{"floor":1,"key":"PowerPotion"},{"floor":8,"key":"AttackPotion"},{"floor":10,"key":"Regen Potion"},{"floor":14,"key":"SpeedPotion"},{"floor":16,"key":"FearPotion"},{"floor":25,"key":"Poison Potion"},{"floor":55,"key":"GhostInAJar"}],"is_trial":false,"path_per_floor":["M","T","?","M","M","R","$","M","T","M","E","?","R","M","R","B",null,"M","?","$","?","M","?","R","E","T","R","M","E","$","M","R","B",null,"M","?","M","$","M","R","E","R","T","M","M","M","$","M","R","B","B",null,"R","$","E","B",null],"character_chosen":"THE_SILENT","items_purchased":["Crippling Poison","Well Laid Plans","Poisoned Stab","GhostInAJar","GhostInAJar","Deadly Poison+1","Acrobatics+1"],"campfire_rested":4,"item_purchase_floors":[7,20,20,38,47,47,54],"current_hp_per_floor":[65,65,65,61,60,60,60,54,54,47,22,37,37,37,37,27,61,61,61,61,61,61,61,61,45,45,66,66,66,66,66,66,43,65,64,64,62,62,55,72,69,69,69,68,68,62,62,52,72,67,56,68,72,72,46,40],"gold":33,"neow_bonus":"TEN_PERCENT_HP_BONUS","is_prod":false,"is_daily":false,"chose_seed":false,"campfire_upgraded":5,"win_rate":0,"timestamp":1545344127,"path_taken":["M","?","?","M","?","R","$","?","T","M","E","?","R","M","R","BOSS","M","?","$","?","?","?","R","E","T","R","M","E","?","M","R","BOSS","M","?","M","?","M","R","E","R","T","M","M","?","$","M","R","BOSS","BOSS","R","$","E","BOSS"],"build_version":"2018-12-19","purchased_purges":2,"victory":true,"max_hp_per_floor":[72,72,72,72,72,72,72,72,72,72,72,72,72,72,72,72,72,72,72,72,72,72,72,72,72,72,72,72,72,72,72,72,72,72,72,72,72,72,72,72,72,72,72,72,72,72,72,72,72,72,72,72,72,72,72,72],"card_choices":[{"not_picked":["Flechettes","Setup"],"picked":"Bouncing Flask","floor":1},{"not_picked":["PiercingWail","Underhanded Strike"],"picked":"Dagger Spray","floor":4},{"not_picked":["Deflect","Dodge and Roll"],"picked":"Footwork","floor":5},{"not_picked":["Deadly Poison","Flying Knee"],"picked":"Noxious Fumes","floor":8},{"not_picked":["Acrobatics+1","Outmaneuver+1","Dagger Throw"],"picked":"SKIP","floor":10},{"not_picked":["Sucker Punch","Doppelganger+1"],"picked":"Dodge and Roll+1","floor":11},{"not_picked":["Underhanded Strike","Riddle With Holes"],"picked":"PiercingWail+1","floor":12},{"not_picked":["Deflect+1","Cloak And Dagger+1","Blade Dance+1"],"picked":"SKIP","floor":14},{"not_picked":["Unload","A Thousand Cuts"],"picked":"Doppelganger+1","floor":16},{"not_picked":["All Out Attack","Underhanded Strike"],"picked":"Backflip+1","floor":18},{"not_picked":["Masterful Stab","Backflip+1"],"picked":"Deflect+1","floor":22},{"not_picked":["Flying Knee","Riddle With Holes"],"picked":"Wraith Form v2","floor":25},{"not_picked":["Acrobatics+1","Sucker Punch"],"picked":"PiercingWail+1","floor":27},{"not_picked":["Terror+1","Bane"],"picked":"Concentrate+1","floor":28},{"not_picked":["Slice","Predator"],"picked":"Catalyst+1","floor":29},{"not_picked":["Outmaneuver+1","Infinite Blades+1"],"picked":"Leg Sweep+1","floor":31},{"not_picked":["Venomology+1","Bullet Time+1"],"picked":"Doppelganger+1","floor":33},{"not_picked":["Accuracy+1","Sucker Punch"],"picked":"PiercingWail+1","floor":35},{"not_picked":["Eviscerate","Expertise+1","Choke+1"],"picked":"SKIP","floor":37},{"not_picked":["Infinite Blades+1","Crippling Poison+1"],"picked":"Well Laid Plans+1","floor":39},{"not_picked":["Bane","Dagger Throw+1"],"picked":"Calculated Gamble+1","floor":40},{"not_picked":["Prepared+1","Eviscerate"],"picked":"Night Terror+1","floor":41},{"not_picked":["Backstab+1","Outmaneuver+1"],"picked":"PiercingWail+1","floor":44},{"not_picked":["Caltrops+1","Reflex+1","Dash+1"],"picked":"SKIP","floor":45},{"not_picked":["Blade Dance+1","Quick Slash","Bane+1"],"picked":"SKIP","floor":46},{"not_picked":["Dagger Throw+1","Slice"],"picked":"Burst+1","floor":48},{"not_picked":["Dagger Throw","Setup+1"],"picked":"Prepared+1","floor":53},{"not_picked":["Outmaneuver+1","Terror+1"],"picked":"Calculated Gamble+1","floor":55}],"player_experience":3937350,"relics_obtained":[{"floor":2,"key":"War Paint"},{"floor":9,"key":"Toxic Egg 2"},{"floor":11,"key":"Dream Catcher"},{"floor":12,"key":"Odd Mushroom"},{"floor":25,"key":"Frozen Egg 2"},{"floor":26,"key":"Happy Flower"},{"floor":29,"key":"Tough Bandages"},{"floor":41,"key":"Centennial Puzzle"},{"floor":55,"key":"Pen Nib"}],"event_choices":[{"cards_removed":["Strike_G"],"damage_healed":0,"gold_gain":0,"player_choice":"Purged","damage_taken":0,"max_hp_gain":0,"max_hp_loss":0,"event_name":"Purifier","floor":3,"gold_loss":0},{"damage_healed":0,"gold_gain":0,"player_choice":"Fought Mushrooms","damage_taken":0,"max_hp_gain":0,"max_hp_loss":0,"event_name":"Mushrooms","floor":12,"gold_loss":0},{"cards_removed":["Defend_G"],"damage_healed":0,"gold_gain":0,"player_choice":"Gave Gold","damage_taken":0,"max_hp_gain":0,"max_hp_loss":0,"event_name":"Beggar","floor":19,"gold_loss":75},{"damage_healed":0,"gold_gain":0,"cards_transformed":["Strike_G"],"player_choice":"Transformed","damage_taken":0,"max_hp_gain":0,"max_hp_loss":0,"event_name":"Transmorgrifier","floor":21,"gold_loss":0,"cards_obtained":["Deadly Poison"]},{"damage_healed":0,"gold_gain":0,"player_choice":"Read","damage_taken":0,"max_hp_gain":0,"max_hp_loss":0,"event_name":"The Library","floor":23,"gold_loss":0,"cards_obtained":["Escape Plan"]},{"cards_removed":["Concentrate"],"damage_healed":0,"gold_gain":0,"player_choice":"Gave Card","damage_taken":0,"relics_obtained":["Paper Crane"],"max_hp_gain":0,"max_hp_loss":0,"event_name":"WeMeetAgain","floor":36,"gold_loss":0}],"is_beta":true,"boss_relics":[{"not_picked":["Black Star","Runic Dome"],"picked":"Empty Cage"},{"not_picked":["Eternal Feather","Sozu"],"picked":"Fusion Hammer"}],"items_purged_floors":[7,30],"is_endless":false,"potions_floor_spawned":[1,8,10,14,16,25,28,31,41,48,55],"ascension_level":20}