{"gold_per_floor":[148,148,166,45,62,62,76,76,101,113,127,27,44,58,58,160,160,180,250,160,30,40,40,52,63,90,90,105,117,117,132,132,230,230,241,255,255,267,348,348,348],"floor_reached":41,"playtime":1532,"items_purged":["Strike_B","Strike_B"],"score":391,"play_id":"6fd374eb-8042-4230-8211-b0c5bb7e585d","local_time":"20190303155846","is_ascension_mode":false,"campfire_choices":[{"data":"Darkness","floor":6,"key":"SMITH"},{"data":"Doom and Gloom","floor":15,"key":"SMITH"},{"data":"Doom and Gloom","floor":23,"key":"SMITH"},{"data":"Loop","floor":27,"key":"SMITH"},{"floor":32,"key":"REST"},{"data":"Loop","floor":40,"key":"SMITH"}],"neow_cost":"NONE","seed_source_timestamp":213663338916608,"circlet_count":0,"master_deck":["Defend_B","Defend_B","Defend_B+1","Defend_B","Zap","Dualcast","Doom and Gloom+1","Redo+1","Conserve Battery","Darkness+1","BootSequence+1","Conserve Battery","Steam","Machine Learning","Loop+1","Doom and Gloom+1","Steam","Leap+1","Turbo","Loop+1","Conserve Battery","Multi-Cast","Hologram+1","Lockon","Shame"],"relics":["Cracked Core","Tiny Chest","War Paint","Philosopher\u0027s Stone","Symbiotic Virus","Ancient Tea Set","Cursed Key","Letter Opener"],"potions_floor_usage":[16,31,33],"damage_taken":[{"damage":0,"enemies":"Small Slimes","floor":1,"turns":2},{"damage":4,"enemies":"Cultist","floor":3,"turns":4},{"damage":0,"enemies":"Jaw Worm","floor":5,"turns":3},{"damage":0,"enemies":"2 Fungi Beasts","floor":7,"turns":3},{"damage":10,"enemies":"Looter","floor":10,"turns":2},{"damage":7,"enemies":"Blue Slaver","floor":11,"turns":3},{"damage":0,"enemies":"2 Fungi Beasts","floor":13,"turns":3},{"damage":8,"enemies":"Exordium Thugs","floor":14,"turns":4},{"damage":6,"enemies":"Hexaghost","floor":16,"turns":7},{"damage":0,"enemies":"Shell Parasite","floor":18,"turns":5},{"damage":2,"enemies":"2 Thieves","floor":22,"turns":4},{"damage":0,"enemies":"3 Cultists","floor":24,"turns":5},{"damage":9,"enemies":"Snake Plant","floor":25,"turns":3},{"damage":0,"enemies":"Snecko","floor":28,"turns":3},{"damage":0,"enemies":"Cultist and Chosen","floor":29,"turns":4},{"damage":18,"enemies":"Snake Plant","floor":31,"turns":4},{"damage":39,"enemies":"Collector","floor":33,"turns":9},{"damage":1,"enemies":"3 Darklings","floor":35,"turns":4},{"damage":6,"enemies":"3 Shapes","floor":36,"turns":2},{"damage":26,"enemies":"Jaw Worm Horde","floor":38,"turns":5},{"damage":49,"enemies":"4 Shapes","floor":41,"turns":3}],"seed_played":"1824554705845484747","potions_obtained":[{"floor":3,"key":"Weak Potion"},{"floor":11,"key":"PowerPotion"},{"floor":13,"key":"Block Potion"},{"floor":18,"key":"Dexterity Potion"},{"floor":35,"key":"Poison Potion"}],"is_trial":false,"path_per_floor":["M","?","M","$","M","R","M","$","T","M","M","$","M","M","R","B",null,"M","T","?","$","M","R","M","M","T","R","M","M","$","M","R","B",null,"M","M","?","M","T","R","M"],"character_chosen":"DEFECT","items_purchased":["Conserve Battery","Doom and Gloom","Steam"],"campfire_rested":1,"item_purchase_floors":[4,21,21],"current_hp_per_floor":[75,75,71,71,71,71,71,71,71,61,54,54,54,46,46,40,75,75,75,75,75,73,73,73,64,64,64,64,64,64,46,68,29,75,74,68,68,42,42,42,0],"gold":348,"neow_bonus":"RANDOM_COMMON_RELIC","is_prod":false,"is_daily":false,"chose_seed":false,"campfire_upgraded":5,"win_rate":0,"timestamp":1551646726,"path_taken":["M","?","M","$","M","R","M","$","T","M","M","$","M","M","R","BOSS","M","?","?","$","M","R","M","?","T","R","M","M","$","M","R","BOSS","M","?","?","M","?","R","M"],"build_version":"2019-01-23","purchased_purges":2,"victory":false,"max_hp_per_floor":[75,75,75,75,75,75,75,75,75,75,75,75,75,75,75,75,75,75,75,75,75,75,75,75,75,75,75,75,75,75,75,75,75,75,75,75,75,75,75,75,75],"card_choices":[{"not_picked":["Conserve Battery","Reprogram"],"picked":"Doom and Gloom","floor":1},{"not_picked":["Ball Lightning","FTL"],"picked":"Redo","floor":3},{"not_picked":["Go for the Eyes","Reinforced Body"],"picked":"Darkness","floor":5},{"not_picked":["Sweeping Beam","Force Field","Beam Cell"],"picked":"SKIP","floor":7},{"not_picked":["Stack","Turbo"],"picked":"BootSequence","floor":10},{"not_picked":["Amplify","Streamline","Rip and Tear"],"picked":"SKIP","floor":11},{"not_picked":["Go for the Eyes","FTL"],"picked":"Conserve Battery","floor":13},{"not_picked":["Coolheaded","Go for the Eyes"],"picked":"Steam","floor":14},{"not_picked":["Biased Cognition","Meteor Strike"],"picked":"Machine Learning","floor":16},{"not_picked":["Gash","Ball Lightning+1"],"picked":"Loop","floor":18},{"not_picked":["Stack","Gash"],"picked":"Leap+1","floor":22},{"not_picked":["Melter+1","Rebound","Force Field+1"],"picked":"SKIP","floor":24},{"not_picked":["Aggregate","Gash","Ball Lightning"],"picked":"SKIP","floor":25},{"not_picked":["Hello World","Blizzard"],"picked":"Turbo","floor":28},{"not_picked":["Scrape","Rebound"],"picked":"Loop","floor":29},{"not_picked":["Ball Lightning+1","Storm"],"picked":"Conserve Battery","floor":31},{"not_picked":["Meteor Strike","Seek"],"picked":"Multi-Cast","floor":33},{"not_picked":["Beam Cell","Rebound"],"picked":"Hologram+1","floor":35},{"not_picked":["Hologram+1","Reinforced Body+1"],"picked":"Lockon","floor":36},{"not_picked":["Leap","Turbo+1","Steam"],"picked":"SKIP","floor":38}],"player_experience":1127025,"relics_obtained":[{"floor":9,"key":"War Paint"},{"floor":19,"key":"Symbiotic Virus"},{"floor":26,"key":"Ancient Tea Set"},{"floor":39,"key":"Letter Opener"}],"event_choices":[{"cards_removed":["Strike_B"],"damage_healed":0,"gold_gain":0,"player_choice":"Purged","damage_taken":0,"max_hp_gain":0,"max_hp_loss":0,"event_name":"Purifier","floor":2,"gold_loss":0},{"cards_removed":["Strike_B"],"damage_healed":0,"gold_gain":0,"player_choice":"Upgrade and Remove","damage_taken":0,"max_hp_gain":0,"max_hp_loss":0,"event_name":"Designer","floor":20,"gold_loss":90,"cards_upgraded":["BootSequence"]},{"damage_healed":0,"gold_gain":0,"player_choice":"Ignored","damage_taken":0,"max_hp_gain":0,"max_hp_loss":0,"event_name":"Mysterious Sphere","floor":37,"gold_loss":0}],"is_beta":false,"boss_relics":[{"not_picked":["Astrolabe","FrozenCore"],"picked":"Philosopher\u0027s Stone"},{"not_picked":["Inserter","Calling Bell"],"picked":"Cursed Key"}],"items_purged_floors":[4,12],"is_endless":false,"potions_floor_spawned":[3,11,13,14,18,22,28,35],"killed_by":"4 Shapes","ascension_level":0}