{"gold_per_floor":[115,130,130,130,149,149,179,197,197,225,245,305,305,66,66,162,162,178,158,32,48,48,78,78,78,78,88,88,88,98,117,117,214,214,234,234,13,0,20,20,20,48,48,48,48,48,48],"floor_reached":47,"playtime":4866,"items_purged":["Regret","Clumsy"],"score":504,"play_id":"47f1cb8c-bec2-47c5-9f7e-a83db6d994fc","local_time":"20181110195830","is_ascension_mode":false,"campfire_choices":[{"data":"Hello World","floor":6,"key":"SMITH"},{"data":"Electrodynamics","floor":13,"key":"SMITH"},{"data":"Biased Cognition","floor":15,"key":"SMITH"},{"data":"Rainbow","floor":28,"key":"SMITH"},{"floor":32,"key":"REST"},{"data":"Biased Cognition","floor":41,"key":"SMITH"}],"neow_cost":"NONE","seed_source_timestamp":435826729437559,"circlet_count":0,"master_deck":["Strike_B","Strike_B","Strike_B","Strike_B","Zap","Dualcast","Genetic Algorithm","Hello World+1","Electrodynamics+1","Rebound","Lockon","Ball Lightning","Biased Cognition+1","Rainbow+1","Sweeping Beam+1","Fusion","Thunder Strike+1","Barrage+1","Ball Lightning+1","Biased Cognition+1","Aggregate+1","Reboot+1","Streamline+1","Storm","Capacitor","Lockon+1","Coolheaded+1","White Noise+1","Doubt","Madness","Madness"],"relics":["Cracked Core","NeowsBlessing","Pantograph","Meat on the Bone","Singing Bowl","PreservedInsect","Juzu Bracelet","Dodecahedron","Molten Egg 2","Anchor","Nloth\u0027s Gift","Nilry\u0027s Codex","Ornamental Fan","Astrolabe","Red Mask","Letter Opener","Darkstone Periapt"],"potions_floor_usage":[7,7,16,23,30,42],"damage_taken":[{"damage":0,"enemies":"Cultist","floor":1,"turns":1},{"damage":0,"enemies":"Jaw Worm","floor":2,"turns":1},{"damage":0,"enemies":"2 Louse","floor":5,"turns":1},{"damage":27,"enemies":"Lagavulin","floor":7,"turns":8},{"damage":15,"enemies":"2 Fungi Beasts","floor":8,"turns":3},{"damage":29,"enemies":"3 Sentries","floor":10,"turns":5},{"damage":6,"enemies":"Red Slaver","floor":11,"turns":3},{"damage":13,"enemies":"3 Sentries","floor":12,"turns":3},{"damage":25,"enemies":"Hexaghost","floor":16,"turns":6},{"damage":0,"enemies":"Shell Parasite","floor":18,"turns":3},{"damage":0,"enemies":"3 Byrds","floor":21,"turns":3},{"damage":20,"enemies":"Slavers","floor":23,"turns":2},{"damage":10,"enemies":"Sentry and Sphere","floor":27,"turns":4},{"damage":6,"enemies":"Cultist and Chosen","floor":30,"turns":5},{"damage":16,"enemies":"3 Cultists","floor":31,"turns":4},{"damage":99,"enemies":"Collector","floor":33,"turns":10},{"damage":22,"enemies":"Orb Walker","floor":35,"turns":4},{"damage":58,"enemies":"3 Darklings","floor":39,"turns":6},{"damage":18,"enemies":"Nemesis","floor":42,"turns":5},{"damage":89,"enemies":"4 Shapes","floor":47,"turns":3}],"seed_played":"-8031673008824582633","potions_obtained":[{"floor":2,"key":"FocusPotion"},{"floor":5,"key":"SkillPotion"},{"floor":10,"key":"SteroidPotion"},{"floor":11,"key":"Fire Potion"},{"floor":16,"key":"PowerPotion"},{"floor":18,"key":"AttackPotion"},{"floor":19,"key":"FairyPotion"},{"floor":27,"key":"EntropicBrew"},{"floor":33,"key":"SpeedPotion"},{"floor":39,"key":"SneckoOil"}],"is_trial":false,"path_per_floor":["M","M","?","?","M","R","E","M","T","E","M","?","R","$","R","B",null,"M","?","?","M","?","E","?","?","T","M","R","?","M","M","R","B",null,"M","?","$","?","M","?","R","E","T","?","?","?","M"],"character_chosen":"DEFECT","items_purchased":["Biased Cognition","Capacitor","Lockon+1"],"campfire_rested":1,"item_purchase_floors":[14,37,37],"current_hp_per_floor":[75,75,68,68,68,68,41,38,38,21,27,28,28,28,28,40,77,77,77,77,77,77,57,57,41,41,45,45,30,36,32,57,20,84,62,62,62,62,16,73,73,55,55,79,69,69,0],"gold":48,"neow_bonus":"THREE_ENEMY_KILL","is_prod":false,"is_daily":false,"chose_seed":false,"campfire_upgraded":5,"win_rate":0.0,"timestamp":1541897910,"path_taken":["M","?","?","?","M","R","E","M","T","E","M","?","R","$","R","BOSS","M","?","?","M","?","E","?","?","T","M","R","?","M","M","R","BOSS","M","?","$","?","M","?","R","E","T","?","?","?","M"],"build_version":"2018-11-08","purchased_purges":2,"victory":false,"max_hp_per_floor":[75,75,75,75,75,75,75,75,75,75,75,77,77,77,77,77,77,77,77,77,77,77,77,77,77,77,79,79,84,84,84,84,84,84,84,84,84,84,84,73,73,73,73,79,79,79,79],"card_choices":[{"not_picked":["Redo","Conserve Battery"],"picked":"Genetic Algorithm","floor":1},{"not_picked":["Reprogram","Beam Cell"],"picked":"Compile Driver","floor":2},{"not_picked":["Sweeping Beam","Go for the Eyes"],"picked":"Hello World","floor":5},{"not_picked":["Aggregate","Loop"],"picked":"Electrodynamics","floor":7},{"not_picked":["Steam","Redo"],"picked":"Rebound","floor":8},{"not_picked":["Gash","Compile Driver"],"picked":"Lockon","floor":10},{"not_picked":["Genetic Algorithm","Hello World"],"picked":"Ball Lightning","floor":11},{"not_picked":["Compile Driver","Steam Power","Conserve Battery"],"picked":"Singing Bowl","floor":12},{"not_picked":["Electrodynamics","Reboot"],"picked":"Rainbow","floor":16},{"not_picked":["Conserve Battery","Redo"],"picked":"Sweeping Beam+1","floor":18},{"not_picked":["Hologram","Conserve Battery+1"],"picked":"Fusion","floor":21},{"not_picked":["Streamline+1","Go for the Eyes+1"],"picked":"Thunder Strike+1","floor":23},{"not_picked":["Genetic Algorithm","Recycle","Coolheaded"],"picked":"Singing Bowl","floor":27},{"not_picked":["Genetic Algorithm","Streamline+1"],"picked":"Barrage+1","floor":30},{"not_picked":["Electrodynamics","Cold Snap+1"],"picked":"Ball Lightning+1","floor":31},{"not_picked":["Fission","Hyperbeam+1"],"picked":"Biased Cognition","floor":33},{"not_picked":["Cold Snap+1","Hologram+1"],"picked":"Streamline+1","floor":35},{"not_picked":["Gash+1","Stack+1"],"picked":"Coolheaded+1","floor":39},{"not_picked":["Coolheaded","Steam+1"],"picked":"White Noise+1","floor":42}],"player_experience":163167,"relics_obtained":[{"floor":7,"key":"Meat on the Bone"},{"floor":9,"key":"Singing Bowl"},{"floor":10,"key":"PreservedInsect"},{"floor":12,"key":"Juzu Bracelet"},{"floor":23,"key":"Anchor"},{"floor":25,"key":"Nilry\u0027s Codex"},{"floor":26,"key":"Ornamental Fan"},{"floor":42,"key":"Letter Opener"},{"floor":43,"key":"Darkstone Periapt"}],"event_choices":[{"cards_removed":["Defend_B"],"damage_healed":0,"gold_gain":0,"player_choice":"Card Removal","damage_taken":7,"max_hp_gain":0,"max_hp_loss":0,"event_name":"Golden Wing","floor":3,"gold_loss":0},{"damage_healed":0,"gold_gain":0,"player_choice":"Box","damage_taken":0,"relics_obtained":["Pantograph"],"max_hp_gain":0,"max_hp_loss":0,"event_name":"Big Fish","floor":4,"gold_loss":0,"cards_obtained":["Regret"]},{"damage_healed":0,"gold_gain":30,"player_choice":"Searched \u00272\u0027 times","damage_taken":0,"max_hp_gain":0,"max_hp_loss":0,"event_name":"Dead Adventurer","floor":12,"gold_loss":0},{"damage_healed":0,"gold_gain":0,"player_choice":"Bought 1 Potion","damage_taken":0,"max_hp_gain":0,"max_hp_loss":0,"event_name":"The Woman in Blue","floor":19,"gold_loss":0},{"damage_healed":0,"gold_gain":0,"player_choice":"Paid Gold","damage_taken":0,"relics_obtained":["Dodecahedron"],"max_hp_gain":0,"max_hp_loss":0,"event_name":"WeMeetAgain","floor":20,"gold_loss":126},{"damage_healed":0,"gold_gain":0,"player_choice":"Opened","damage_taken":0,"relics_obtained":["Molten Egg 2"],"max_hp_gain":0,"max_hp_loss":0,"event_name":"The Mausoleum","floor":22,"gold_loss":0,"cards_obtained":["Writhe"]},{"damage_healed":0,"gold_gain":0,"player_choice":"Traded Relic","damage_taken":0,"relics_obtained":["Nloth\u0027s Gift"],"max_hp_gain":0,"max_hp_loss":0,"event_name":"N\u0027loth","floor":24,"relics_lost":["Snecko Eye"],"gold_loss":0},{"damage_healed":0,"gold_gain":0,"player_choice":"Obtained Book","damage_taken":16,"max_hp_gain":0,"max_hp_loss":0,"event_name":"Cursed Tome","floor":25,"gold_loss":0},{"damage_healed":0,"gold_gain":0,"player_choice":"Shed Blood","damage_taken":20,"max_hp_gain":5,"max_hp_loss":0,"event_name":"Forgotten Altar","floor":29,"gold_loss":0},{"damage_healed":0,"gold_gain":0,"cards_transformed":["Defend_B"],"player_choice":"Transformed","damage_taken":0,"max_hp_gain":0,"max_hp_loss":0,"event_name":"Transmorgrifier","floor":36,"gold_loss":0,"cards_obtained":["Storm"]},{"damage_healed":0,"gold_gain":0,"player_choice":"Paid","damage_taken":0,"relics_obtained":["Red Mask"],"max_hp_gain":0,"max_hp_loss":0,"event_name":"Tomb of Lord Red Mask","floor":38,"gold_loss":13},{"damage_healed":73,"gold_gain":0,"player_choice":"Heal","damage_taken":0,"max_hp_gain":0,"max_hp_loss":11,"event_name":"The Moai Head","floor":40,"gold_loss":0},{"damage_healed":18,"gold_gain":0,"player_choice":"Heal","damage_taken":0,"max_hp_gain":0,"max_hp_loss":0,"event_name":"MindBloom","floor":44,"gold_loss":0,"cards_obtained":["Doubt"]},{"damage_healed":0,"gold_gain":0,"player_choice":"Embrace Madness","damage_taken":10,"max_hp_gain":0,"max_hp_loss":0,"event_name":"Winding Halls","floor":45,"gold_loss":0,"cards_obtained":["Madness","Madness"]},{"cards_removed":["Compile Driver"],"damage_healed":0,"gold_gain":0,"player_choice":"Removed Attack","damage_taken":0,"max_hp_gain":0,"max_hp_loss":0,"event_name":"Falling","floor":46,"gold_loss":0}],"is_beta":false,"boss_relics":[{"not_picked":["FrozenCore","Velvet Choker"],"picked":"Snecko Eye"},{"not_picked":["Cursed Key","Orrery"],"picked":"Astrolabe"}],"items_purged_floors":[14,37],"is_endless":false,"potions_floor_spawned":[2,5,10,11,16,18,27,33,39],"killed_by":"4 Shapes","ascension_level":0}