{"gold_per_floor":[214,65,82,82,100,131,144,144,144,174,174,190,190,217,217,313,313,332,332,332,332,345,345,62,62,62,77,77,77,127,146,146,243,243,253,353,364,94,112,112,141,161,161,173,173,192,192,192,192,192,192,192,10,37,37],"floor_reached":56,"playtime":3145,"items_purged":["Decay"],"score":1245,"play_id":"b6ef4328-1108-4fc3-9d03-8238583b67ef","local_time":"20190227232943","is_ascension_mode":false,"campfire_choices":[{"data":"Perfected Strike","floor":8.0,"key":"SMITH"},{"data":"Corruption","floor":11.0,"key":"SMITH"},{"data":"Bash","floor":15.0,"key":"SMITH"},{"data":"Offering","floor":23.0,"key":"SMITH"},{"data":"Spot Weakness","floor":25.0,"key":"SMITH"},{"floor":32.0,"key":"REST"},{"floor":40,"key":"RECALL"},{"floor":47,"key":"REST"},{"data":"Feel No Pain","floor":49,"key":"SMITH"},{"data":"Battle Trance","floor":52,"key":"SMITH"}],"neow_cost":"NONE","seed_source_timestamp":109414431262343,"circlet_count":0,"master_deck":["Strike_R","Strike_R","Defend_R","Defend_R","Defend_R","Defend_R","Bash+1","Perfected Strike+1","Corruption+1","Sentinel","Battle Trance+1","Impervious","Sentinel","Shockwave","Offering+1","Second Wind+1","Spot Weakness+1","Offering+1","Shrug It Off","Disarm","Exhume","Sentinel+1","Rage+1","Armaments+1","Feel No Pain+1","Shrug It Off","Entrench","Whirlwind+1","Exhume","Feel No Pain","Offering"],"special_seed":0,"relics":["Burning Blood","WingedGreaves","Gremlin Horn","Shuriken","Ancient Tea Set","Philosopher\u0027s Stone","DollysMirror","Girya","Nilry\u0027s Codex","Juzu Bracelet","Empty Cage","Dead Branch","Bag of Preparation","Red Skull","Anchor","Unceasing Top"],"potions_floor_usage":[33,33,55,55,55],"damage_taken":[{"damage":8.0,"enemies":"Jaw Worm","floor":1.0,"turns":4.0},{"damage":1.0,"enemies":"Cultist","floor":3.0,"turns":3.0},{"damage":7.0,"enemies":"Small Slimes","floor":5.0,"turns":3.0},{"damage":43.0,"enemies":"3 Sentries","floor":6.0,"turns":10.0},{"damage":3.0,"enemies":"2 Fungi Beasts","floor":7.0,"turns":4.0},{"damage":37.0,"enemies":"Gremlin Nob","floor":10.0,"turns":5.0},{"damage":0.0,"enemies":"Blue Slaver","floor":12.0,"turns":3.0},{"damage":12.0,"enemies":"3 Sentries","floor":14.0,"turns":8.0},{"damage":21.0,"enemies":"Slime Boss","floor":16.0,"turns":8.0},{"damage":20.0,"enemies":"Shell Parasite","floor":18.0,"turns":4.0},{"damage":16.0,"enemies":"Chosen","floor":22.0,"turns":4.0},{"damage":12.0,"enemies":"Centurion and Healer","floor":27.0,"turns":3.0},{"damage":11.0,"enemies":"3 Cultists","floor":31.0,"turns":5.0},{"damage":44,"enemies":"Automaton","floor":33,"turns":8},{"damage":7,"enemies":"Orb Walker","floor":35,"turns":4},{"damage":49,"enemies":"Mind Bloom Boss Battle","floor":36,"turns":7},{"damage":6,"enemies":"3 Darklings","floor":37,"turns":1},{"damage":6,"enemies":"Writhing Mass","floor":39,"turns":3},{"damage":6,"enemies":"Reptomancer","floor":41,"turns":1},{"damage":7,"enemies":"Transient","floor":42,"turns":3},{"damage":0,"enemies":"Maw","floor":44,"turns":5},{"damage":6,"enemies":"Jaw Worm Horde","floor":46,"turns":1},{"damage":18,"enemies":"Time Eater","floor":50,"turns":5},{"damage":3,"enemies":"Shield and Spear","floor":54,"turns":2},{"damage":74,"enemies":"The Heart","floor":55,"turns":8}],"seed_played":"6111646835075500076","potions_obtained":[{"floor":5.0,"key":"Regen Potion"},{"floor":6.0,"key":"AttackPotion"},{"floor":12.0,"key":"SteroidPotion"},{"floor":16.0,"key":"Weak Potion"},{"floor":27.0,"key":"Explosive Potion"},{"floor":31.0,"key":"Regen Potion"},{"floor":35,"key":"EssenceOfSteel"},{"floor":36,"key":"EssenceOfSteel"},{"floor":39,"key":"FearPotion"},{"floor":41,"key":"Dexterity Potion"}],"is_trial":false,"path_per_floor":["M","$","M","?","M","E","M","R","T","E","R","M","?","E","R","B",null,"M","$","?","$","M","R","$","R","T","M","?","?","T","M","R","B",null,"M","?","M","$","M","R","E","M","T","M","?","M","R","?","R","B",null,"R","$","E","B",null],"character_chosen":"IRONCLAD","items_purchased":["Corruption","Sentinel","DollysMirror","Bag of Preparation","Feel No Pain","Shrug It Off","Feel No Pain","Anchor"],"campfire_rested":2,"item_purchase_floors":[2,2,24,38,38,38,53,53],"current_hp_per_floor":[78,78,80,80,79,56,59,59,59,28,28,34,60,54,54,39,80,66,66,66,66,56,56,56,56,56,50,34,19,19,14,39,16,85,84,41,41,41,41,41,41,40,40,46,46,46,70,70,70,58,81,81,81,81,13],"gold":37,"neow_bonus":"HUNDRED_GOLD","is_prod":false,"is_daily":false,"chose_seed":false,"campfire_upgraded":7,"win_rate":0,"timestamp":1551331783,"path_taken":["M","$","M","?","M","E","M","R","T","E","R","M","?","E","R","BOSS","M","$","?","$","M","R","$","R","T","?","?","?","?","M","R","BOSS","M","?","M","$","M","R","E","M","T","M","?","M","R","?","R","BOSS","R","$","E","BOSS"],"build_version":"2019-01-23","purchased_purges":1,"victory":true,"max_hp_per_floor":[80,80,80,80,80,80,80,80,80,80,80,80,80,80,80,80,80,80,80,80,80,80,80,80,80,80,80,80,85,85,85,85,85,85,85,85,85,85,85,85,85,85,85,85,81,81,81,81,81,81,81,81,81,81,81],"card_choices":[{"not_picked":["Iron Wave","Anger"],"picked":"Perfected Strike","floor":1.0},{"not_picked":["Clash","Pommel Strike","Anger"],"picked":"SKIP","floor":3.0},{"not_picked":["Heavy Blade","Havoc"],"picked":"Battle Trance","floor":5.0},{"not_picked":["Double Tap","Thunderclap"],"picked":"Impervious","floor":6.0},{"not_picked":["Pommel Strike","Rampage"],"picked":"Sentinel","floor":7.0},{"not_picked":["Battle Trance","Corruption","Brutality"],"picked":"SKIP","floor":10.0},{"not_picked":["Entrench","Iron Wave","Body Slam"],"picked":"SKIP","floor":12.0},{"not_picked":["Burning Pact","Battle Trance"],"picked":"Shockwave","floor":14.0},{"not_picked":["Immolate","Brutality"],"picked":"Offering","floor":16.0},{"not_picked":["Warcry+1","Evolve"],"picked":"Second Wind+1","floor":18.0},{"not_picked":["Twin Strike","Pummel"],"picked":"Spot Weakness","floor":22.0},{"not_picked":["Flex","Anger"],"picked":"Shrug It Off","floor":27.0},{"not_picked":["Thunderclap+1","Sever Soul+1"],"picked":"Disarm","floor":31.0},{"not_picked":["Reaper","Bludgeon"],"picked":"Exhume","floor":33},{"not_picked":["Dropkick","Cleave+1"],"picked":"Sentinel+1","floor":35},{"not_picked":["Thunderclap+1","Carnage+1"],"picked":"Rage+1","floor":36},{"not_picked":["Rage","Havoc+1"],"picked":"Armaments+1","floor":37},{"not_picked":["Perfected Strike","Combust+1","Pommel Strike+1"],"picked":"SKIP","floor":39},{"not_picked":["Bloodletting+1","Wild Strike+1"],"picked":"Entrench","floor":41},{"not_picked":["Rage","Cleave","Clash"],"picked":"SKIP","floor":42},{"not_picked":["Havoc","Sword Boomerang"],"picked":"Whirlwind+1","floor":44},{"not_picked":["Clash+1","Sever Soul+1"],"picked":"Exhume","floor":46},{"not_picked":["Sentinel","Armaments+1"],"picked":"Offering","floor":54}],"player_experience":606449,"relics_obtained":[{"floor":6.0,"key":"WingedGreaves"},{"floor":9.0,"key":"Gremlin Horn"},{"floor":10.0,"key":"Shuriken"},{"floor":14.0,"key":"Ancient Tea Set"},{"floor":26.0,"key":"Girya"},{"floor":28.0,"key":"Nilry\u0027s Codex"},{"floor":30.0,"key":"Juzu Bracelet"},{"floor":36,"key":"Dead Branch"},{"floor":41,"key":"Red Skull"},{"floor":54,"key":"Unceasing Top"}],"event_choices":[{"damage_healed":0.0,"max_hp_gain":0.0,"max_hp_loss":0.0,"gold_gain":0.0,"event_name":"The Cleric","player_choice":"Leave","floor":4.0,"gold_loss":0.0,"damage_taken":0.0},{"damage_healed":26.0,"max_hp_gain":0.0,"max_hp_loss":0.0,"gold_gain":0.0,"event_name":"Big Fish","player_choice":"Banana","floor":13.0,"gold_loss":0.0,"damage_taken":0.0},{"damage_healed":0.0,"max_hp_gain":0.0,"max_hp_loss":0.0,"gold_gain":0.0,"event_name":"Wheel of Change","player_choice":"Cursed","floor":20.0,"gold_loss":0.0,"damage_taken":0.0,"cards_obtained":["Decay"]},{"damage_healed":0.0,"max_hp_gain":0.0,"max_hp_loss":0.0,"gold_gain":0.0,"event_name":"Cursed Tome","player_choice":"Obtained Book","floor":28.0,"gold_loss":0.0,"damage_taken":16.0},{"damage_healed":0.0,"max_hp_gain":5.0,"max_hp_loss":0.0,"gold_gain":0.0,"event_name":"Forgotten Altar","player_choice":"Shed Blood","floor":29.0,"gold_loss":0.0,"damage_taken":20.0},{"damage_healed":0,"gold_gain":0,"player_choice":"Fight","damage_taken":0,"max_hp_gain":0,"max_hp_loss":0,"event_name":"MindBloom","floor":36,"gold_loss":0},{"damage_healed":0,"gold_gain":0,"player_choice":"Max HP","damage_taken":0,"max_hp_gain":0,"max_hp_loss":4,"event_name":"Winding Halls","floor":45,"gold_loss":0},{"cards_removed":["Strike_R"],"damage_healed":0,"gold_gain":0,"player_choice":"Purged","damage_taken":0,"max_hp_gain":0,"max_hp_loss":0,"event_name":"Purifier","floor":48,"gold_loss":0}],"is_beta":false,"boss_relics":[{"not_picked":["Black Blood","Calling Bell"],"picked":"Philosopher\u0027s Stone"},{"not_picked":["Velvet Choker","Mark of Pain"],"picked":"Empty Cage"}],"items_purged_floors":[24],"is_endless":false,"potions_floor_spawned":[5,6,12,16,27,31,35,36,39,41,46],"ascension_level":0}