{"gold_per_floor":[13,13,27,27,27,27,52,67,90,90,90,90,103,53,53,152,152,169,169,185,42,56,56,84,84,84,84],"floor_reached":27,"playtime":1654,"items_purged":["Strike_G"],"score":229,"play_id":"1e654f34-5f31-4113-9bac-8dc520e71bec","local_time":"20181201133547","is_ascension_mode":false,"campfire_choices":[{"data":"Footwork","floor":6,"key":"SMITH"},{"data":"Footwork","floor":10,"key":"SMITH"},{"data":"Predator","floor":12,"key":"SMITH"},{"data":"Neutralize","floor":15,"key":"SMITH"},{"floor":23,"key":"REST"},{"data":"Adrenaline","floor":25,"key":"SMITH"}],"neow_cost":"NO_GOLD","seed_source_timestamp":5147097335270,"circlet_count":0,"master_deck":["Defend_G","Defend_G","Defend_G","Defend_G","Defend_G","Strike_G","Strike_G","Strike_G","Strike_G","Survivor","Neutralize+1","Well Laid Plans","Predator+1","Footwork+1","Footwork+1","Flying Knee","Cloak And Dagger","Corpse Explosion","PiercingWail","After Image","Deflect","Terror+1","Dagger Spray+1","Adrenaline+1"],"relics":["Ring of the Serpent","Prayer Wheel","Bag of Marbles","Smiling Mask","The Courier"],"potions_floor_usage":[18,18,27],"damage_taken":[{"damage":0,"enemies":"Jaw Worm","floor":1,"turns":4},{"damage":0,"enemies":"Small Slimes","floor":3,"turns":3},{"damage":10,"enemies":"3 Sentries","floor":7,"turns":13},{"damage":0,"enemies":"Cultist","floor":8,"turns":2},{"damage":0,"enemies":"Exordium Wildlife","floor":13,"turns":3},{"damage":38,"enemies":"Hexaghost","floor":16,"turns":12},{"damage":10,"enemies":"3 Byrds","floor":18,"turns":4},{"damage":19,"enemies":"Colosseum Slavers","floor":19,"turns":7},{"damage":0,"enemies":"Chosen","floor":20,"turns":8},{"damage":6,"enemies":"Shelled Parasite and Fungi","floor":22,"turns":7},{"damage":16,"enemies":"Slavers","floor":24,"turns":4},{"damage":47,"enemies":"Gremlin Leader","floor":27,"turns":7}],"seed_played":"-554519609471339248","potions_obtained":[{"floor":7,"key":"Regen Potion"},{"floor":8,"key":"Poison Potion"},{"floor":20,"key":"Weak Potion"}],"is_trial":false,"path_per_floor":["M","?","M","$","?","R","E","M","T","R","?","R","M","$","R","B",null,"M","?","M","$","M","R","E","R","T","E"],"character_chosen":"THE_SILENT","items_purchased":["Adrenaline"],"campfire_rested":1,"item_purchase_floors":[21],"current_hp_per_floor":[70,58,58,58,58,58,48,48,48,48,70,70,70,70,70,32,70,67,48,48,48,42,63,47,47,47,0],"gold":84,"neow_bonus":"ONE_RARE_RELIC","is_prod":false,"is_daily":false,"chose_seed":false,"campfire_upgraded":5,"win_rate":0,"timestamp":1543667747,"path_taken":["M","?","M","$","?","R","E","M","T","R","?","R","M","$","R","BOSS","M","?","M","$","M","R","E","R","T","E"],"build_version":"2018-11-15","purchased_purges":1,"victory":false,"max_hp_per_floor":[70,70,70,70,70,70,70,70,70,70,70,70,70,70,70,70,70,70,70,70,70,70,70,70,70,70,70],"card_choices":[{"not_picked":["Blur","Dagger Throw"],"picked":"Well Laid Plans","floor":1},{"not_picked":["PiercingWail","Outmaneuver"],"picked":"Predator","floor":1},{"not_picked":["Sucker Punch","Dash"],"picked":"Footwork","floor":3},{"not_picked":["Slice","Catalyst"],"picked":"Footwork","floor":3},{"not_picked":["All Out Attack","Dagger Throw"],"picked":"Flying Knee","floor":7},{"not_picked":["Blur","Slice"],"picked":"Cloak And Dagger","floor":8},{"not_picked":["Acrobatics","Dagger Throw","Infinite Blades"],"picked":"SKIP","floor":8},{"not_picked":["Bane","Infinite Blades"],"picked":"Corpse Explosion","floor":13},{"not_picked":["Dagger Throw","Backstab"],"picked":"PiercingWail","floor":13},{"not_picked":["Corpse Explosion","Tools of the Trade"],"picked":"After Image","floor":16},{"not_picked":["Acrobatics","Bane"],"picked":"Deflect","floor":18},{"not_picked":["Dagger Spray","Blade Dance","Sucker Punch"],"picked":"SKIP","floor":18},{"not_picked":["Bane+1","Poisoned Stab"],"picked":"Terror+1","floor":20},{"not_picked":["Outmaneuver","Heel Hook"],"picked":"Dagger Spray+1","floor":20},{"not_picked":["Slice","Deflect","Poisoned Stab"],"picked":"SKIP","floor":22},{"not_picked":["Quick Slash","Slice+1","Reflex"],"picked":"SKIP","floor":22},{"not_picked":["Quick Slash","All Out Attack","Bane"],"picked":"SKIP","floor":24}],"player_experience":476655,"relics_obtained":[{"floor":7,"key":"Bag of Marbles"},{"floor":9,"key":"Smiling Mask"},{"floor":24,"key":"The Courier"}],"event_choices":[{"damage_healed":0,"gold_gain":0,"player_choice":"Fled","damage_taken":12,"max_hp_gain":0,"max_hp_loss":0,"event_name":"Scrap Ooze","floor":2,"gold_loss":0},{"damage_healed":0,"gold_gain":0,"player_choice":"Ignored","damage_taken":0,"max_hp_gain":0,"max_hp_loss":0,"event_name":"Shining Light","floor":5,"gold_loss":0},{"damage_healed":23,"gold_gain":0,"player_choice":"Banana","damage_taken":0,"max_hp_gain":0,"max_hp_loss":0,"event_name":"Big Fish","floor":11,"gold_loss":0},{"damage_healed":0,"gold_gain":0,"player_choice":"Fight","damage_taken":0,"max_hp_gain":0,"max_hp_loss":0,"event_name":"Colosseum","floor":19,"gold_loss":0},{"damage_healed":0,"gold_gain":0,"player_choice":"Fled From Nobs","damage_taken":0,"max_hp_gain":0,"max_hp_loss":0,"event_name":"Colosseum","floor":19,"gold_loss":0}],"is_beta":false,"boss_relics":[{"not_picked":["Coffee Dripper","Lizard Tail"],"picked":"Ring of the Serpent"}],"items_purged_floors":[14],"is_endless":false,"potions_floor_spawned":[7,8,20],"killed_by":"Gremlin Leader","ascension_level":0}