{"gold_per_floor":[112,112,112,131,144,144,162,162,212,228,228,241,241,272,272,349,349,362,637,637],"floor_reached":20,"playtime":748,"items_purged":[],"score":322,"play_id":"550f71af-2617-434c-a437-b4eb030ed1cc","local_time":"20190227231911","is_ascension_mode":true,"campfire_choices":[{"data":"Twin Strike","floor":6,"key":"SMITH"},{"data":"Anger","floor":11,"key":"SMITH"},{"data":"Demon Form","floor":13,"key":"SMITH"},{"floor":15,"key":"REST"}],"neow_cost":"PERCENT_DAMAGE","seed_source_timestamp":11927711440950,"circlet_count":0,"master_deck":["AscendersBane","Strike_R","Strike_R+1","Strike_R+1","Defend_R","Defend_R","Defend_R","Defend_R","Bash","Panache","Deep Breath","True Grit","Warcry","Twin Strike+1","Anger+1","Dropkick","Demon Form+1","Reaper","Sword Boomerang","Regret"],"relics":["Burning Blood","Dream Catcher","Potion Belt","Empty Cage"],"potions_floor_usage":[10,12,16,16],"damage_taken":[{"damage":2,"enemies":"Cultist","floor":1,"turns":4},{"damage":8,"enemies":"2 Louse","floor":4,"turns":3},{"damage":8,"enemies":"Small Slimes","floor":5,"turns":4},{"damage":10,"enemies":"Looter","floor":7,"turns":4},{"damage":6,"enemies":"Lots of Slimes","floor":10,"turns":2},{"damage":10,"enemies":"Gremlin Gang","floor":12,"turns":3},{"damage":21,"enemies":"Gremlin Nob","floor":14,"turns":4},{"damage":31,"enemies":"The Guardian","floor":16,"turns":8},{"damage":44,"enemies":"Shell Parasite","floor":18,"turns":5},{"damage":30,"enemies":"Spheric Guardian","floor":20,"turns":4}],"seed_played":"8041168866956767616","potions_obtained":[{"floor":5,"key":"Dexterity Potion"},{"floor":8,"key":"Explosive Potion"},{"floor":10,"key":"Explosive Potion"},{"floor":14,"key":"Block Potion"},{"floor":16,"key":"SpeedPotion"}],"is_trial":false,"path_per_floor":["M","?","?","M","M","R","M","?","T","M","R","M","R","E","R","B",null,"M","?","M"],"character_chosen":"IRONCLAD","items_purchased":[],"campfire_rested":1,"item_purchase_floors":[],"current_hp_per_floor":[54,59,35,33,31,31,27,27,27,27,27,23,23,8,32,7,62,24,24,0],"gold":637,"neow_bonus":"RANDOM_COLORLESS_2","is_prod":false,"is_daily":false,"chose_seed":false,"campfire_upgraded":3,"win_rate":0,"timestamp":1551277151,"path_taken":["M","?","?","M","M","R","M","?","T","M","R","?","R","E","R","BOSS","M","?","M"],"build_version":"2019-01-23","purchased_purges":0,"victory":false,"max_hp_per_floor":[75,80,80,80,80,80,80,80,80,80,80,80,80,80,80,80,80,80,80,80],"card_choices":[{"not_picked":["Perfected Strike","Body Slam"],"picked":"True Grit","floor":1},{"not_picked":["Perfected Strike","Clash"],"picked":"Warcry","floor":4},{"not_picked":["Flex","Metallicize"],"picked":"Twin Strike","floor":5},{"not_picked":["Intimidate","Spot Weakness"],"picked":"Anger","floor":7},{"not_picked":["Cleave","Entrench"],"picked":"Dropkick","floor":10},{"not_picked":["Shrug It Off","Infernal Blade"],"picked":"Demon Form","floor":12},{"not_picked":["Immolate","Rupture","Shrug It Off"],"picked":"SKIP","floor":14},{"not_picked":["Feed","Impervious"],"picked":"Reaper","floor":16},{"not_picked":["Warcry","Havoc"],"picked":"Sword Boomerang","floor":18}],"player_experience":945822,"relics_obtained":[{"floor":9,"key":"Dream Catcher"},{"floor":14,"key":"Potion Belt"}],"event_choices":[{"damage_healed":0,"gold_gain":0,"player_choice":"Donut","damage_taken":0,"max_hp_gain":5,"max_hp_loss":0,"event_name":"Big Fish","floor":2,"gold_loss":0},{"damage_healed":0,"gold_gain":0,"player_choice":"Entered Light","damage_taken":24,"max_hp_gain":0,"max_hp_loss":0,"event_name":"Shining Light","floor":3,"gold_loss":0,"cards_upgraded":["Strike_R","Strike_R"]},{"damage_healed":0,"gold_gain":0,"player_choice":"Got Potions","damage_taken":0,"max_hp_gain":0,"max_hp_loss":0,"event_name":"Lab","floor":8,"gold_loss":0},{"damage_healed":0,"gold_gain":275,"player_choice":"Desecrate","damage_taken":0,"max_hp_gain":0,"max_hp_loss":0,"event_name":"Golden Shrine","floor":19,"gold_loss":0,"cards_obtained":["Regret"]}],"is_beta":false,"boss_relics":[{"not_picked":["Runic Cube","Calling Bell"],"picked":"Empty Cage"}],"items_purged_floors":[],"is_endless":false,"potions_floor_spawned":[5,10,14,16],"killed_by":"Spheric Guardian","ascension_level":17}