{"path_per_floor":["M","?","?","$","?","M","M","R","T","R","M","$","R","M","R","B",null,"M","?","M","M","$","R","M","M","T","?","M","R","M","$","R","B",null,"M","M","M"],"character_chosen":"THE_SILENT","items_purchased":["Footwork","Leg Sweep","Cloak And Dagger","Predator","Infinite Blades","Infinite Blades"],"gold_per_floor":[110,185,185,41,41,53,64,64,112,112,125,71,71,85,85,189,189,207,207,226,238,21,21,40,57,357,257,273,273,292,114,114,214,214,231,244,259],"floor_reached":38,"campfire_rested":3,"playtime":2718,"current_hp_per_floor":[70,59,59,59,52,52,52,52,52,52,51,51,51,52,52,39,70,60,60,49,7,7,28,25,27,27,27,16,37,12,12,33,8,70,55,28,3],"items_purged":["Bite","Bite"],"gold":259,"score":336,"play_id":"d6e2103b-0e1e-41c0-867d-055aee5ff412","is_prod":false,"is_daily":false,"is_ascension_mode":true,"campfire_upgraded":4,"path_taken":["M","?","?","$","?","M","M","R","T","R","M","$","R","?","R","BOSS","M","?","?","M","$","R","M","M","T","?","M","R","M","?","R","BOSS","M","?","M","M"],"build_version":"2018-02-15-PROD1","purchased_purges":2,"victory":false,"master_deck":["Defend_G","Defend_G","Defend_G","Defend_G","Defend_G","Survivor","Neutralize","Backflip","Footwork+1","Leg Sweep","Blade Dance+1","Footwork+1","Cloak And Dagger","Blade Dance+1","Die Die Die","Blade Dance","Bite","Bite","Bite","Cloak And Dagger","Terror","Predator","Infinite Blades","Infinite Blades","Bullet Time","J.A.X.","Accuracy+1","Footwork","Infinite Blades","Storm of Steel","Acrobatics+1","Backstab+1","Dodge and Roll+1"],"max_hp_per_floor":[70,70,70,70,70,70,70,70,70,70,70,70,70,70,70,70,70,70,70,70,70,70,70,70,70,70,70,70,70,70,70,70,70,70,70,70,70],"relics":["Ring of the Snake","Omamori","Question Card","Old Coin","Eternal Feather"],"card_choices":[{"not_picked":["Dagger Spray","Escape Plan"],"picked":"Backflip"},{"not_picked":["Dodge and Roll","Slice"],"picked":"Blade Dance"},{"not_picked":["Bane","Poisoned Stab"],"picked":"Footwork"},{"not_picked":["Quick Slash","Bouncing Flask"],"picked":"Blade Dance"},{"not_picked":["Phantasmal Killer","Unload"],"picked":"Die Die Die"},{"not_picked":["Dagger Spray","Underhanded Strike","Quick Slash"],"picked":"Blade Dance"},{"not_picked":["Finisher","Poisoned Stab","Slice"],"picked":"Cloak And Dagger"},{"not_picked":["PiercingWail","Choke","Deflect"],"picked":"Terror"},{"not_picked":["Quick Slash","Cloak And Dagger","Poisoned Stab"],"picked":"Infinite Blades"},{"not_picked":["Flying Knee","Underhanded Strike","Blade Dance"],"picked":"Bullet Time"},{"not_picked":["Dagger Throw","Slice","Underhanded Strike"],"picked":"Accuracy"},{"not_picked":["Prepared","Dash","Acrobatics"],"picked":"Footwork"},{"not_picked":["Wraith Form","Grand Finale","Glass Knife"],"picked":"Storm of Steel"},{"not_picked":["Finisher","Escape Plan","Underhanded Strike"],"picked":"Acrobatics"},{"not_picked":["Deadly Poison","Dagger Spray","Deflect"],"picked":"Backstab"},{"not_picked":["Dagger Spray","Poisoned Stab","Deadly Poison"],"picked":"Dodge and Roll"}],"player_experience":151611,"potions_floor_usage":[16,16,18,21,25,36],"damage_taken":[{"damage":0,"enemies":"Small Slimes","floor":1,"turns":3},{"damage":0,"enemies":"2 Louse","floor":6,"turns":3},{"damage":0,"enemies":"Cultist","floor":7,"turns":5},{"damage":3,"enemies":"Exordium Wildlife","floor":11,"turns":6},{"damage":1,"enemies":"Blue Slaver","floor":14,"turns":4},{"damage":15,"enemies":"Slime Boss","floor":16,"turns":21},{"damage":10,"enemies":"Chosen","floor":18,"turns":7},{"damage":19,"enemies":"3 Byrds","floor":20,"turns":6},{"damage":52,"enemies":"Cultist and Chosen","floor":21,"turns":12},{"damage":11,"enemies":"Snecko","floor":24,"turns":8},{"damage":17,"enemies":"Snake Plant","floor":25,"turns":7},{"damage":17,"enemies":"3 Cultists","floor":28,"turns":5},{"damage":25,"enemies":"Sentry and Sphere","floor":30,"turns":6},{"damage":25,"enemies":"Champ","floor":33,"turns":11},{"damage":18,"enemies":"Orb Walker","floor":35,"turns":5},{"damage":27,"enemies":"3 Darklings","floor":36,"turns":4},{"damage":31,"enemies":"Sphere and 2 Shapes","floor":37,"turns":8},{"damage":6,"enemies":"4 Shapes","floor":38,"turns":3}],"event_choices":[{"event_name":"World of Goop","player_choice":"Gather Gold","floor":2,"damage_taken":0},{"event_name":"The Lab","player_choice":"Got Potions","floor":3,"damage_taken":0},{"event_name":"Golden Wing","player_choice":"Card Removal","floor":5,"damage_taken":0},{"event_name":"Vampires","player_choice":"Became a vampire (Vial)","floor":19,"damage_taken":0},{"event_name":"Drug Dealer","player_choice":"Got JAXXED","floor":27,"damage_taken":0}],"boss_relics":[{"not_picked":["Velvet Choker","Runic Pyramid"],"picked":"Question Card"},{"not_picked":["Black Star","Philosopher\u0027s Stone"],"picked":"Eternal Feather"}],"potions_floor_spawned":[11,14,18,21,24,33,36],"seed_played":"-5087210653547279506","killed_by":"4 Shapes","ascension_level":1,"is_trial":false}