{"gold_per_floor":[114,64,80,80,100,100,113,131,131,145,12,22,22,22,22,127,127,139,158,23,34,49,60,60],"floor_reached":24,"playtime":1844,"items_purged":[],"score":194,"play_id":"7604aa39-2acb-465a-90cc-07cf6e1c74a6","local_time":"20181012235359","is_ascension_mode":false,"campfire_choices":[{"data":"Caltrops","floor":6,"key":"SMITH"},{"data":"Footwork","floor":13,"key":"SMITH"},{"floor":15,"key":"REST"}],"neow_cost":"NONE","seed_source_timestamp":245617052960283,"circlet_count":0,"master_deck":["Defend_G","Defend_G","Defend_G","Strike_G","Survivor","Neutralize","Caltrops+1","Bouncing Flask","Cloak And Dagger","Footwork+1","Blur","Dodge and Roll","Prepared","Well Laid Plans","Prepared","Envenom","Bouncing Flask+1","Flying Knee+1","Finisher+1","Dash","PiercingWail","Accuracy","Mind Blast","Cloak And Dagger+1","Escape Plan"],"relics":["Ring of the Snake","Bottled Flame","Boot","Astrolabe"],"potions_floor_usage":[16,16,23,23],"damage_taken":[{"damage":5,"enemies":"Jaw Worm","floor":1,"turns":6},{"damage":4,"enemies":"2 Louse","floor":3,"turns":4},{"damage":0,"enemies":"Small Slimes","floor":5,"turns":4},{"damage":0,"enemies":"Red Slaver","floor":7,"turns":5},{"damage":2,"enemies":"Blue Slaver","floor":8,"turns":4},{"damage":5,"enemies":"Lots of Slimes","floor":10,"turns":3},{"damage":7,"enemies":"3 Louse","floor":12,"turns":3},{"damage":26,"enemies":"Slime Boss","floor":16,"turns":16},{"damage":14,"enemies":"3 Byrds","floor":18,"turns":4},{"damage":13,"enemies":"Chosen","floor":19,"turns":5},{"damage":8,"enemies":"Snake Plant","floor":21,"turns":5},{"damage":28,"enemies":"Snecko","floor":22,"turns":5},{"damage":6,"enemies":"Shelled Parasite and Fungi","floor":23,"turns":8},{"damage":17,"enemies":"3 Cultists","floor":24,"turns":5}],"seed_played":"-3788397135172351963","potions_obtained":[{"floor":1,"key":"Ancient Potion"},{"floor":3,"key":"FearPotion"},{"floor":8,"key":"Dexterity Potion"},{"floor":16,"key":"Regen Potion"},{"floor":19,"key":"Poison Potion"}],"is_trial":false,"path_per_floor":["M","?","M","?","M","R","M","M","T","M","$","M","R","?","R","B",null,"M","M","$","M","M","M"],"character_chosen":"THE_SILENT","items_purchased":["Prepared","Well Laid Plans","Accuracy","Mind Blast"],"campfire_rested":1,"item_purchase_floors":[11,11,20,20],"current_hp_per_floor":[65,65,61,54,54,54,54,52,52,47,47,40,40,15,36,10,70,56,43,43,35,7,16,0],"gold":60,"neow_bonus":"REMOVE_CARD","is_prod":false,"is_daily":false,"chose_seed":false,"campfire_upgraded":2,"win_rate":0,"timestamp":1539402839,"path_taken":["M","?","M","?","M","R","?","M","T","M","$","M","R","?","R","BOSS","M","M","$","M","M","M","?"],"build_version":"2018-10-11","purchased_purges":0,"victory":false,"max_hp_per_floor":[70,70,70,70,70,70,70,70,70,70,70,70,70,70,70,70,70,70,70,70,70,70,70,70],"card_choices":[{"not_picked":["Finisher","Flechettes"],"picked":"Caltrops","floor":1},{"not_picked":["Dagger Throw","Quick Slash"],"picked":"Bouncing Flask","floor":3},{"not_picked":["Predator","Deadly Poison"],"picked":"Cloak And Dagger","floor":5},{"not_picked":["Flying Knee","Deadly Poison"],"picked":"Footwork","floor":7},{"not_picked":["Expertise","Deadly Poison"],"picked":"Blur","floor":8},{"not_picked":["Slice","Predator"],"picked":"Dodge and Roll","floor":10},{"not_picked":["Sucker Punch","Riddle With Holes"],"picked":"Prepared","floor":12},{"not_picked":["Die Die Die","Night Terror"],"picked":"Envenom","floor":16},{"not_picked":["Deflect","Poisoned Stab"],"picked":"Dash","floor":18},{"not_picked":["Underhanded Strike","Calculated Gamble"],"picked":"PiercingWail","floor":19},{"not_picked":["Catalyst+1","Deflect+1"],"picked":"Cloak And Dagger+1","floor":21},{"not_picked":["Dagger Throw","Terror","Sucker Punch"],"picked":"SKIP","floor":22},{"not_picked":["Choke","Dagger Throw"],"picked":"Escape Plan","floor":23}],"player_experience":594322,"relics_obtained":[{"floor":9,"key":"Bottled Flame"}],"event_choices":[{"event_name":"The Cleric","player_choice":"Card Removal","floor":2,"damage_taken":0},{"event_name":"Golden Wing","player_choice":"Card Removal","floor":4,"damage_taken":0},{"event_name":"Scrap Ooze","player_choice":"success","floor":14,"damage_taken":25}],"is_beta":false,"boss_relics":[{"not_picked":["White Beast Statue","Empty Cage"],"picked":"Astrolabe"}],"items_purged_floors":[],"is_endless":false,"potions_floor_spawned":[1,3,8,16,19,22],"killed_by":"3 Cultists","ascension_level":0}