{"path_per_floor":["M","M","M","$","M","M","R","?","T","?","M","$","R","M","R","B",null,"M","$","?","$","?","R","M","?","T","?","M","R","M","M","R","B",null,"M","?","M","M"],"character_chosen":"DEFECT","items_purchased":["Capacitor","Chill","Capacitor","Capacitor"],"gold_per_floor":[116,132,147,22,36,50,50,50,50,50,60,7,7,17,17,117,117,130,6,6,6,6,6,22,22,22,22,34,34,48,60,60,161,161,179,179,199,211,211],"floor_reached":39,"campfire_rested":2,"playtime":3436,"current_hp_per_floor":[79,78,75,75,74,71,71,64,64,80,64,64,64,64,64,64,80,54,54,54,54,54,54,41,41,41,41,26,65,47,45,80,23,80,47,47,18,5,0],"items_purged":["Strike_B"],"gold":211,"score":450,"play_id":"3ffdbd6b-ab2a-4622-a8d6-ef1d8b70d6a6","local_time":"20180511011421","is_prod":false,"is_daily":false,"chose_seed":false,"is_ascension_mode":false,"campfire_upgraded":4,"timestamp":1526015661,"path_taken":["M","?","M","$","M","M","R","?","T","?","M","$","R","M","R","BOSS","M","$","?","?","?","R","M","?","T","?","M","R","M","M","R","BOSS","M","?","M","M","M"],"build_version":"2018-05-10","seed_source_timestamp":0,"purchased_purges":1,"victory":false,"master_deck":["Strike_B","Defend_B","Defend_B","Defend_B","Defend_B","Zap","Dualcast","Doom and Gloom","Leap","Glacier","Capacitor+1","Chill","Auto Shields","Defragment+1","Conserve Battery","Capacitor+1","Turbo","Nova+1","Capacitor+1","Capacitor","Writhe","Cold Snap","Glacier","Barrage","Coolheaded+1","Capacitor","Barrage+1","Storm+1","Barrage","Cold Snap"],"max_hp_per_floor":[80,80,80,80,80,80,80,80,80,80,80,80,80,80,80,80,80,80,80,80,80,80,80,80,80,80,80,80,80,80,80,80,80,80,80,80,80,80,80],"relics":["Cracked Core","Shuriken","Sozu","Regal Pillow","Girya","Orrery"],"card_choices":[{"not_picked":["Go for the Eyes","Gash"],"picked":"Doom and Gloom","floor":1},{"not_picked":["Hologram","Streamline"],"picked":"Leap","floor":2},{"not_picked":["Rip and Tear","Hologram"],"picked":"Glacier","floor":3},{"not_picked":["Rebound","Leap"],"picked":"Auto Shields","floor":5},{"not_picked":["Turbo","Double Energy"],"picked":"Defragment","floor":6},{"not_picked":["FTL","Static Discharge"],"picked":"Conserve Battery","floor":11},{"not_picked":["Scrape","Hologram"],"picked":"Turbo","floor":14},{"not_picked":["Meteor Strike","Fusion"],"picked":"Nova","floor":16},{"not_picked":["Coolheaded","Hologram"],"picked":"Capacitor","floor":18},{"not_picked":["Beam Cell","Go for the Eyes"],"picked":"Cold Snap","floor":24},{"not_picked":["Capacitor","Steam"],"picked":"Barrage","floor":28},{"not_picked":["Steam","Axe Kick"],"picked":"Coolheaded","floor":30},{"not_picked":["Steam","Undo"],"picked":"Capacitor","floor":31},{"not_picked":["Streamline","Heatsinks"],"picked":"Barrage","floor":34},{"not_picked":["Melter","Scrape"],"picked":"Storm","floor":34},{"not_picked":["Axe Kick","Capacitor"],"picked":"Barrage","floor":34},{"not_picked":["Steam Power","Ball Lightning"],"picked":"Cold Snap","floor":35}],"player_experience":34252,"potions_floor_usage":[1,16],"damage_taken":[{"damage":1,"enemies":"Cultist","floor":1,"turns":4},{"damage":1,"enemies":"Jaw Worm","floor":2,"turns":3},{"damage":3,"enemies":"Small Slimes","floor":3,"turns":3},{"damage":1,"enemies":"3 Louse","floor":5,"turns":2},{"damage":3,"enemies":"Exordium Thugs","floor":6,"turns":4},{"damage":16,"enemies":"Lots of Slimes","floor":11,"turns":4},{"damage":0,"enemies":"Large Slime","floor":14,"turns":8},{"damage":0,"enemies":"Slime Boss","floor":16,"turns":9},{"damage":26,"enemies":"3 Byrds","floor":18,"turns":5},{"damage":13,"enemies":"Spheric Guardian","floor":24,"turns":7},{"damage":15,"enemies":"Snake Plant","floor":28,"turns":6},{"damage":18,"enemies":"Centurion and Healer","floor":30,"turns":8},{"damage":2,"enemies":"Snecko","floor":31,"turns":6},{"damage":57,"enemies":"Collector","floor":33,"turns":14},{"damage":33,"enemies":"3 Darklings","floor":35,"turns":6},{"damage":29,"enemies":"Flame Bruiser 1 Orb","floor":37,"turns":6},{"damage":13,"enemies":"3 Darklings","floor":38,"turns":5},{"damage":23,"enemies":"Flame Bruiser 2 Orb","floor":39,"turns":2}],"event_choices":[{"event_name":"Golden Wing","player_choice":"Card Removal","floor":8,"damage_taken":0},{"event_name":"Wheel of Change","player_choice":"Full Heal","floor":10,"damage_taken":0},{"event_name":"The Mausoleum","player_choice":"Yes","floor":20,"damage_taken":0},{"event_name":"Ghosts","player_choice":"Ignored","floor":22,"damage_taken":0},{"event_name":"Back to Basics","player_choice":"Elegance","floor":25,"damage_taken":0},{"event_name":"The Library","player_choice":"Read","floor":27,"damage_taken":0},{"event_name":"Mysterious Sphere","player_choice":"Ignore","floor":36,"damage_taken":0}],"boss_relics":[{"not_picked":["Runic Pyramid","Inserter"],"picked":"Sozu"},{"not_picked":["Black Star","White Beast Statue"],"picked":"Orrery"}],"potions_floor_spawned":[3,5,14,24,28,35],"seed_played":"2864764750761661312","killed_by":"Flame Bruiser 2 Orb","ascension_level":0,"is_trial":false}