{"path_per_floor":["M","?","M","M","M","R","E","R","T","$","M","E","R","M","R","B",null,"M","M","M","?","M","E","R","E","T","R","M","M","E","?","R","B",null,"M","M","$","M","M","R","M","E","T","E","R","M","?","$","R","B"],"character_chosen":"IRONCLAD","items_purchased":["Fire Potion","Metallicize","Offering","Mercury Hourglass"],"gold_per_floor":[119,79,95,109,129,129,156,156,210,8,21,53,53,63,63,164,164,180,190,209,209,225,253,253,281,308,308,321,335,365,365,365,466,466,486,505,8,21,34,34,44,74,74,107,107,120,0,0,0,0],"floor_reached":51,"campfire_rested":0,"playtime":5604,"current_hp_per_floor":[72,72,77,77,66,66,34,34,34,34,34,36,36,42,42,21,65,43,44,44,28,36,42,42,31,31,31,17,19,37,37,37,68,85,78,86,86,70,73,73,77,111,111,103,103,101,101,101,101,51],"items_purged":["Strike_R","Strike_R"],"gold":0,"score":1067,"play_id":"552b7ce7-e857-424c-a188-cd19753c65a4","is_prod":false,"is_daily":false,"is_ascension_mode":true,"campfire_upgraded":10,"path_taken":["M","?","M","M","M","R","E","R","T","$","M","E","R","M","R","BOSS","M","M","M","?","M","E","R","E","T","R","M","?","E","?","R","BOSS","M","M","$","?","M","R","?","E","T","E","R","M","?","?","R","BOSS"],"build_version":"2018-02-13-BETA1","purchased_purges":2,"victory":true,"master_deck":["Defend_R+1","Defend_R+1","Defend_R+1","Defend_R+1","Bash+1","Whirlwind+1","Headbutt","Flame Barrier+1","Uppercut+1","Metallicize+1","Iron Wave","Pommel Strike+1","Spot Weakness","Flex+1","Inflame+1","Feed","Shrug It Off+1","Demon Form+1","Fiend Fire","Warcry+1","Limit Break+1","Seeing Red+1","Offering","Heavy Blade","Entrench+1","Demon Form+1"],"max_hp_per_floor":[77,77,77,77,77,77,77,77,77,77,77,77,77,77,77,79,79,79,81,81,81,83,83,83,83,83,83,85,85,88,88,88,91,91,93,98,98,98,100,100,102,111,111,111,111,111,111,111,111,111],"relics":["Burning Blood","Red Skull","Dream Catcher","Singing Bowl","Velvet Choker","Nilry\u0027s Codex","Frozen Egg 2","Anchor","Ancient Tea Set","Blue Candle","Astrolabe","Mercury Hourglass","Strawberry","Ice Cream","Lantern","Red Mask"],"card_choices":[{"not_picked":["Clash","Wild Strike"],"picked":"Whirlwind"},{"not_picked":["Burning Pact","Clothesline"],"picked":"Headbutt"},{"not_picked":["Sword Boomerang","Reaper"],"picked":"Flame Barrier"},{"not_picked":["Reckless Charge","Thunderclap"],"picked":"Uppercut"},{"not_picked":["Armaments","Shrug It Off"],"picked":"Iron Wave"},{"not_picked":["Flex","Cleave"],"picked":"Pommel Strike"},{"not_picked":["True Grit","Clash"],"picked":"Spot Weakness"},{"not_picked":["Cleave","Iron Wave"],"picked":"Flex"},{"not_picked":["Sword Boomerang","Rupture"],"picked":"Inflame"},{"not_picked":["Pommel Strike","Disarm"],"picked":"Feed"},{"not_picked":["Armaments","Cleave"],"picked":"Shrug It Off"},{"not_picked":["Cleave","Warcry"],"picked":"Demon Form"},{"not_picked":["Feed","Bludgeon"],"picked":"Fiend Fire"},{"not_picked":["Combust","Clothesline"],"picked":"Heavy Blade"},{"not_picked":["Hemokinesis","Heavy Blade"],"picked":"Entrench"},{"not_picked":["Warcry","Burning Pact"],"picked":"Demon Form"}],"player_experience":188196,"potions_floor_usage":[5,5,7,7,12,16,23,25,25,25,30,39,44,50],"damage_taken":[{"damage":6,"enemies":"Jaw Worm","floor":1,"turns":5},{"damage":1,"enemies":"Cultist","floor":3,"turns":4},{"damage":0,"enemies":"Small Slimes","floor":4,"turns":3},{"damage":17,"enemies":"Exordium Thugs","floor":5,"turns":4},{"damage":38,"enemies":"Gremlin Nob","floor":7,"turns":5},{"damage":6,"enemies":"3 Louse","floor":11,"turns":2},{"damage":4,"enemies":"3 Sentries","floor":12,"turns":3},{"damage":0,"enemies":"Large Slime","floor":14,"turns":4},{"damage":29,"enemies":"Hexaghost","floor":16,"turns":10},{"damage":28,"enemies":"2 Thieves","floor":18,"turns":3},{"damage":7,"enemies":"Spheric Guardian","floor":19,"turns":4},{"damage":6,"enemies":"Snecko","floor":20,"turns":6},{"damage":0,"enemies":"3 Cultists","floor":22,"turns":3},{"damage":0,"enemies":"Gremlin Leader","floor":23,"turns":4},{"damage":17,"enemies":"Book of Stabbing","floor":25,"turns":5},{"damage":22,"enemies":"Cultist and Chosen","floor":28,"turns":5},{"damage":4,"enemies":"Snake Plant","floor":29,"turns":3},{"damage":0,"enemies":"Gremlin Leader","floor":30,"turns":4},{"damage":27,"enemies":"Champ","floor":33,"turns":16},{"damage":15,"enemies":"Orb Walker","floor":35,"turns":4},{"damage":3,"enemies":"3 Shapes","floor":36,"turns":5},{"damage":22,"enemies":"Maw","floor":38,"turns":5},{"damage":5,"enemies":"Sphere and 2 Shapes","floor":39,"turns":5},{"damage":4,"enemies":"Spire Growth","floor":41,"turns":4},{"damage":29,"enemies":"Giant Head","floor":42,"turns":6},{"damage":14,"enemies":"2 Orb Walkers","floor":44,"turns":3},{"damage":8,"enemies":"Maw","floor":46,"turns":5},{"damage":56,"enemies":"Donu and Deca","floor":50,"turns":4}],"event_choices":[{"event_name":"The Woman in Blue","player_choice":"Bought 3 Potions","floor":2,"damage_taken":0},{"event_name":"Cursed Tome","player_choice":"Obtained Book","floor":21,"damage_taken":0},{"event_name":"Match and Keep!","player_choice":"0 cards matched","floor":31,"damage_taken":0},{"event_name":"Tomb of Lord Red Mask","player_choice":"Paid","floor":47,"damage_taken":0}],"boss_relics":[{"not_picked":["Question Card","Snecko Eye"],"picked":"Velvet Choker"},{"not_picked":["Eternal Feather","Runic Dome"],"picked":"Astrolabe"}],"potions_floor_spawned":[5,7,11,14,19,22,23,28,29,35,38,39,42],"seed_played":"4564848108861540596","ascension_level":11,"is_trial":false}