{"gold_per_floor":[111,74,74,90,109,109,141,141,141,152,152,152,170,184,184,289,289,302,2,2,15,15,15,15,32,101,121,121,137,152,152,152,255,305,317,9,19,19,39,39,55,105],"floor_reached":42,"playtime":2129,"items_purged":["Strike_R","Strike_R"],"score":427,"play_id":"27f795d8-436b-4ccf-9470-8ce0884cf389","local_time":"20190113211950","is_ascension_mode":false,"campfire_choices":[{"data":"Body Slam","floor":6,"key":"SMITH"},{"data":"Metallicize","floor":8,"key":"SMITH"},{"data":"Armaments","floor":12,"key":"SMITH"},{"floor":15,"key":"REST"},{"data":"Barricade","floor":23,"key":"SMITH"},{"data":"Juggernaut","floor":28,"key":"SMITH"},{"data":"Entrench","floor":32,"key":"SMITH"},{"data":"Juggernaut","floor":40,"key":"SMITH"}],"neow_cost":"NONE","seed_source_timestamp":401848168818378,"circlet_count":0,"master_deck":["Strike_R+1","Strike_R","Defend_R","Defend_R","Defend_R","Defend_R","Bash","Double Tap","Whirlwind","Metallicize+1","Body Slam+1","Shrug It Off","Armaments+1","Juggernaut+1","Body Slam","Dual Wield","Barricade+1","Body Slam","Entrench+1","Impervious","Juggernaut+1","Offering","Shrug It Off"],"relics":["Black Blood","Pantograph","Dream Catcher","Bag of Marbles","Bronze Scales","Anchor","Meat on the Bone","Tiny House","SsserpentHead"],"potions_floor_usage":[16,27,30,33],"damage_taken":[{"damage":1,"enemies":"Jaw Worm","floor":1,"turns":3},{"damage":0,"enemies":"2 Louse","floor":4,"turns":1},{"damage":6,"enemies":"Cultist","floor":5,"turns":4},{"damage":31,"enemies":"3 Sentries","floor":7,"turns":8},{"damage":12,"enemies":"2 Fungi Beasts","floor":10,"turns":3},{"damage":10,"enemies":"Looter","floor":13,"turns":2},{"damage":3,"enemies":"Large Slime","floor":14,"turns":5},{"damage":35,"enemies":"Hexaghost","floor":16,"turns":10},{"damage":0,"enemies":"3 Byrds","floor":18,"turns":4},{"damage":22,"enemies":"2 Thieves","floor":21,"turns":4},{"damage":11,"enemies":"Snecko","floor":25,"turns":6},{"damage":20,"enemies":"Shelled Parasite and Fungi","floor":27,"turns":6},{"damage":22,"enemies":"Centurion and Healer","floor":29,"turns":7},{"damage":11,"enemies":"Sentry and Sphere","floor":30,"turns":5},{"damage":14,"enemies":"Collector","floor":33,"turns":10},{"damage":26,"enemies":"Orb Walker","floor":35,"turns":5},{"damage":42,"enemies":"3 Darklings","floor":37,"turns":6},{"damage":32,"enemies":"Spire Growth","floor":39,"turns":4},{"damage":101,"enemies":"Transient","floor":41,"turns":5},{"damage":31,"enemies":"Jaw Worm Horde","floor":42,"turns":3}],"seed_played":"-6088338531127312302","potions_obtained":[{"floor":1,"key":"EssenceOfSteel"},{"floor":10,"key":"Strength Potion"},{"floor":14,"key":"FairyPotion"},{"floor":16,"key":"Swift Potion"},{"floor":21,"key":"FearPotion"},{"floor":29,"key":"SkillPotion"},{"floor":33,"key":"FearPotion"},{"floor":34,"key":"FairyPotion"}],"is_trial":false,"path_per_floor":["M","$","?","M","M","R","E","R","T","M","?","R","M","M","R","B",null,"M","$","?","M","?","R","?","M","T","M","R","M","M","?","R","B",null,"M","$","M","?","M","R","M","M"],"character_chosen":"IRONCLAD","items_purchased":["Metallicize","Dual Wield","Anchor","Juggernaut","Offering"],"campfire_rested":1,"item_purchase_floors":[2,19,19,36,36],"current_hp_per_floor":[80,80,73,79,79,79,54,54,54,48,48,48,44,47,71,51,80,80,80,80,68,53,53,53,52,52,54,54,54,53,53,53,74,90,74,74,54,54,44,44,31,0],"gold":105,"neow_bonus":"TRANSFORM_CARD","is_prod":false,"is_daily":false,"chose_seed":false,"campfire_upgraded":7,"win_rate":0,"timestamp":1547432390,"path_taken":["M","$","?","M","M","R","E","R","T","M","?","R","?","M","R","BOSS","M","$","?","M","?","R","?","M","T","?","R","?","M","?","R","BOSS","M","$","M","?","M","R","M","?"],"build_version":"2019-01-10","purchased_purges":2,"victory":false,"max_hp_per_floor":[80,80,80,80,80,80,80,80,80,80,80,80,80,80,80,80,80,80,80,80,80,85,85,85,85,85,85,85,85,85,85,85,85,90,90,90,90,90,90,90,90,90],"card_choices":[{"not_picked":["Warcry","Feel No Pain"],"picked":"Whirlwind","floor":1},{"not_picked":["Ghostly Armor","Perfected Strike"],"picked":"Body Slam","floor":4},{"not_picked":["Uppercut","Second Wind"],"picked":"Shrug It Off","floor":5},{"not_picked":["Inflame","Clothesline"],"picked":"Armaments","floor":7},{"not_picked":["Armaments","Demon Form","Pommel Strike"],"picked":"SKIP","floor":10},{"not_picked":["Pommel Strike","Seeing Red","Armaments"],"picked":"SKIP","floor":13},{"not_picked":["Power Through","Pommel Strike","Seeing Red"],"picked":"SKIP","floor":14},{"not_picked":["Exhume","Brutality"],"picked":"Juggernaut","floor":16},{"not_picked":["Perfected Strike","True Grit"],"picked":"Body Slam","floor":18},{"not_picked":["Twin Strike","Sever Soul"],"picked":"Barricade","floor":21},{"not_picked":["Heavy Blade","Flex","Iron Wave"],"picked":"SKIP","floor":25},{"not_picked":["Clothesline","Combust+1","Thunderclap+1"],"picked":"SKIP","floor":27},{"not_picked":["Shockwave","Demon Form","Wild Strike"],"picked":"SKIP","floor":29},{"not_picked":["Flex+1","Sever Soul"],"picked":"Entrench","floor":30},{"not_picked":["Feed","Immolate"],"picked":"Impervious","floor":33},{"not_picked":["Twin Strike+1","Anger+1","Dropkick+1"],"picked":"SKIP","floor":35},{"not_picked":["Headbutt+1","Cleave","Clash+1"],"picked":"SKIP","floor":37},{"not_picked":["Heavy Blade+1","Wild Strike","Shockwave+1"],"picked":"SKIP","floor":39},{"not_picked":["Wild Strike","Infernal Blade+1"],"picked":"Shrug It Off","floor":41}],"player_experience":934941,"relics_obtained":[{"floor":7,"key":"Dream Catcher"},{"floor":9,"key":"Bag of Marbles"},{"floor":26,"key":"Meat on the Bone"}],"event_choices":[{"damage_healed":0,"gold_gain":0,"player_choice":"Success","damage_taken":7,"relics_obtained":["Pantograph"],"max_hp_gain":0,"max_hp_loss":0,"event_name":"Scrap Ooze","floor":3,"gold_loss":0},{"damage_healed":0,"gold_gain":0,"player_choice":"Gave Potion","damage_taken":0,"relics_obtained":["Bronze Scales"],"max_hp_gain":0,"max_hp_loss":0,"event_name":"WeMeetAgain","floor":11,"gold_loss":0},{"damage_healed":0,"gold_gain":0,"player_choice":"Shed Blood","damage_taken":20,"max_hp_gain":5,"max_hp_loss":0,"event_name":"Forgotten Altar","floor":22,"gold_loss":0},{"damage_healed":0,"gold_gain":0,"player_choice":"Read","damage_taken":0,"max_hp_gain":0,"max_hp_loss":0,"event_name":"The Library","floor":24,"gold_loss":0,"cards_obtained":["Body Slam"]},{"damage_healed":0,"gold_gain":0,"player_choice":"Ignored","damage_taken":0,"max_hp_gain":0,"max_hp_loss":0,"event_name":"Ghosts","floor":31,"gold_loss":0},{"damage_healed":0,"gold_gain":0,"player_choice":"Trade","damage_taken":0,"relics_obtained":["SsserpentHead"],"max_hp_gain":0,"max_hp_loss":0,"event_name":"FaceTrader","floor":38,"gold_loss":0}],"is_beta":false,"boss_relics":[{"not_picked":["Lizard Tail","Eternal Feather"],"picked":"Black Blood"},{"not_picked":["Runic Pyramid","Philosopher\u0027s Stone"],"picked":"Tiny House"}],"items_purged_floors":[19,36],"is_endless":false,"potions_floor_spawned":[1,10,14,16,21,29,33,35,37,39],"killed_by":"Jaw Worm Horde","ascension_level":0}