{"path_per_floor":["M","M","$","M","$","R","E","R","T","M","?","M","R","?","R","B",null,"M","$","?","$","M","E","R","?","T","M","M","?","$","M","R","B",null,"M","?","M","M","?","R","M","M","T","E","M","?","M","$","R"],"character_chosen":"IRONCLAD","items_purchased":["Iron Wave","Inflame","Sword Boomerang","Dropkick","Inflame","Weak Potion","Fire Potion","Good Instincts"],"gold_per_floor":[119,133,58,69,42,42,74,74,97,115,115,130,130,95,95,195,195,205,106,106,32,52,79,79,79,79,92,105,105,37,55,55,160,160,174,174,186,206,206,206,224,240,240,274,290,290,304,109,109],"floor_reached":50,"campfire_rested":5,"playtime":1211,"current_hp_per_floor":[71,74,74,71,71,71,39,64,64,60,60,48,48,69,69,68,88,87,87,87,87,75,34,62,62,76,77,81,81,81,68,101,77,110,109,110,78,46,46,82,67,42,42,17,21,21,12,12,49],"items_purged":["Defend_R"],"gold":109,"score":494,"play_id":"6cdda7ad-1533-426d-aa19-0789c771e09c","is_prod":false,"is_daily":false,"is_ascension_mode":false,"campfire_upgraded":3,"path_taken":["M","M","?","M","$","R","E","R","T","M","?","M","R","?","R","BOSS","M","$","?","?","M","E","R","?","T","?","M","?","$","M","R","BOSS","M","?","M","?","?","R","M","M","T","E","M","?","M","?","R","BOSS"],"build_version":"2018-02-22-PROD2","purchased_purges":2,"victory":false,"master_deck":["Strike_R+1","Strike_R+1","Strike_R+1","Strike_R+1","Strike_R+1","Defend_R+1","Bash+1","Sword Boomerang+1","Iron Wave","Pommel Strike+1","Clash","Inflame","Sword Boomerang","Dropkick","Thunderclap","Seeing Red","Inflame","Whirlwind+1","Feed","Iron Wave+1","Clash+1","Shrug It Off","Good Instincts"],"max_hp_per_floor":[80,82,82,84,84,84,84,84,84,84,84,86,86,86,86,88,88,90,90,90,90,92,94,94,94,108,110,110,110,110,110,110,110,110,110,110,115,120,120,120,120,122,122,124,126,126,126,126,126],"relics":["Burning Blood","Singing Bowl","Mummified Hand","Omamori","Philosopher\u0027s Stone","Orichalcum","Mango","Runic Dome","Champion Belt","Ornamental Fan"],"card_choices":[{"not_picked":["Bloodletting","Headbutt"],"picked":"Sword Boomerang"},{"not_picked":["Headbutt","Havoc"],"picked":"Pommel Strike"},{"not_picked":["Feel No Pain","Pummel"],"picked":"Clash"},{"not_picked":["Ghostly Armor","Havoc"],"picked":"Seeing Red"},{"not_picked":["Body Slam","Uppercut"],"picked":"Whirlwind"},{"not_picked":["Barricade","Demon Form"],"picked":"Feed"},{"not_picked":["Perfected Strike","Havoc"],"picked":"Iron Wave"},{"not_picked":["Disarm","Heavy Blade"],"picked":"Clash"},{"not_picked":["Clash","Metallicize"],"picked":"Shrug It Off"}],"player_experience":291056,"potions_floor_usage":[16,23,33,37,38,41,41,42,44,50,50,50],"damage_taken":[{"damage":15,"enemies":"Cultist","floor":1,"turns":4},{"damage":5,"enemies":"Small Slimes","floor":2,"turns":4},{"damage":11,"enemies":"Jaw Worm","floor":4,"turns":2},{"damage":38,"enemies":"3 Sentries","floor":7,"turns":8},{"damage":10,"enemies":"2 Fungi Beasts","floor":10,"turns":3},{"damage":20,"enemies":"Large Slime","floor":12,"turns":4},{"damage":9,"enemies":"Slime Boss","floor":16,"turns":6},{"damage":9,"enemies":"Shell Parasite","floor":18,"turns":3},{"damage":20,"enemies":"2 Thieves","floor":22,"turns":3},{"damage":49,"enemies":"Gremlin Leader","floor":23,"turns":4},{"damage":7,"enemies":"Chosen and Byrds","floor":27,"turns":3},{"damage":2,"enemies":"Centurion and Healer","floor":28,"turns":3},{"damage":19,"enemies":"Snake Plant","floor":31,"turns":3},{"damage":30,"enemies":"Collector","floor":33,"turns":4},{"damage":7,"enemies":"Orb Walker","floor":35,"turns":2},{"damage":43,"enemies":"3 Shapes","floor":37,"turns":3},{"damage":52,"enemies":"Sphere and 2 Shapes","floor":38,"turns":4},{"damage":21,"enemies":"Maw","floor":41,"turns":5},{"damage":33,"enemies":"4 Shapes","floor":42,"turns":2},{"damage":33,"enemies":"Giant Head","floor":44,"turns":6},{"damage":4,"enemies":"3 Darklings","floor":45,"turns":3},{"damage":15,"enemies":"Maw","floor":47,"turns":5},{"damage":50,"enemies":"Awakened One","floor":50,"turns":5}],"event_choices":[{"event_name":"Bonfire Elementals","player_choice":"BASIC","floor":11,"damage_taken":0},{"event_name":"The Cleric","player_choice":"Healed","floor":14,"damage_taken":0},{"event_name":"Back to Basics","player_choice":"Simplicity","floor":20,"damage_taken":0},{"event_name":"The Library","player_choice":"Read","floor":25,"damage_taken":0},{"event_name":"Beggar","player_choice":"Ignored","floor":29,"damage_taken":0},{"event_name":"Winding Halls","player_choice":"Writhe","floor":36,"damage_taken":0},{"event_name":"Mysterious Sphere","player_choice":"Ignore","floor":46,"damage_taken":0}],"boss_relics":[{"not_picked":["Eternal Feather","Velvet Choker"],"picked":"Philosopher\u0027s Stone"},{"not_picked":["Astrolabe","Orrery"],"picked":"Runic Dome"}],"potions_floor_spawned":[1,7,12,23,27,33,38,41,42,47],"seed_played":"2484195508014533921","killed_by":"Awakened One","ascension_level":0,"is_trial":false}