{"gold_per_floor":[14,25,44,64,81,81,107,107,164,164,199,236,272,312,324,413,425,450,472,38,57,57,89,89,120,120,120,147,160,192,215,215,289,289,305,78,130,141,159,190,190,218,218,228,257,257,53,0,0,0,0,0,0,0,34,34],"floor_reached":57,"playtime":4187,"items_purged":["Strike_R","Strike_R","Strike_R"],"score":2932,"play_id":"4f3fe7c8-6c39-4abc-aec3-b73e69ce4492","local_time":"20181223144541","is_ascension_mode":true,"campfire_choices":[{"data":"Inflame","floor":6,"key":"SMITH"},{"data":"Bash","floor":10,"key":"SMITH"},{"data":"Pummel","floor":15,"key":"SMITH"},{"data":"Inflame","floor":24,"key":"SMITH"},{"data":"Heavy Blade","floor":32,"key":"SMITH"},{"data":"True Grit","floor":41,"key":"SMITH"},{"data":"True Grit","floor":46,"key":"SMITH"},{"floor":49,"key":"RECALL"},{"data":"Feel No Pain","floor":53,"key":"SMITH"}],"neow_cost":"NO_GOLD","seed_source_timestamp":153850095651480,"circlet_count":0,"master_deck":["AscendersBane","Strike_R","Strike_R","Defend_R","Defend_R","Defend_R+1","Defend_R","Bash+1","Inflame+1","Shrug It Off+1","Reaper","Pummel+1","Iron Wave","Flame Barrier","Impervious","Power Through","Thunderclap","Reaper","Feel No Pain+1","True Grit+1","Reaper","Metallicize","Inflame+1","Necronomicurse","Sword Boomerang","Heavy Blade+1","Shrug It Off","Limit Break","True Grit+1","Inflame","Thunderclap+1","Rage+1","Feel No Pain"],"relics":["Burning Blood","Ginger","Vajra","Tiny Chest","MawBank","Odd Mushroom","Blood Vial","Potion Belt","Coffee Dripper","DollysMirror","Bottled Tornado","Ancient Tea Set","Regal Pillow","Bronze Scales","Necronomicon","Oddly Smooth Stone","Boot","Centennial Puzzle","Runic Pyramid","Pocketwatch","Strawberry","Du-Vu Doll","Gremlin Horn","Red Mask","Pen Nib"],"potions_floor_usage":[12,25,25,56,56,56,56],"damage_taken":[{"damage":7,"enemies":"Cultist","floor":1,"turns":4},{"damage":14,"enemies":"2 Louse","floor":2,"turns":3},{"damage":7,"enemies":"Jaw Worm","floor":3,"turns":3},{"damage":15,"enemies":"Exordium Thugs","floor":4,"turns":5},{"damage":6,"enemies":"2 Fungi Beasts","floor":5,"turns":3},{"damage":23,"enemies":"Gremlin Nob","floor":7,"turns":4},{"damage":23,"enemies":"Lagavulin","floor":11,"turns":7},{"damage":33,"enemies":"The Mushroom Lair","floor":12,"turns":4},{"damage":15,"enemies":"3 Sentries","floor":14,"turns":9},{"damage":18,"enemies":"Slime Boss","floor":16,"turns":11},{"damage":3,"enemies":"3 Byrds","floor":18,"turns":5},{"damage":21,"enemies":"Shell Parasite","floor":19,"turns":7},{"damage":20,"enemies":"Snake Plant","floor":21,"turns":8},{"damage":37,"enemies":"Slavers","floor":23,"turns":6},{"damage":52,"enemies":"Book of Stabbing","floor":25,"turns":6},{"damage":13,"enemies":"Gremlin Leader","floor":28,"turns":5},{"damage":17,"enemies":"Centurion and Healer","floor":29,"turns":6},{"damage":33,"enemies":"Book of Stabbing","floor":30,"turns":4},{"damage":28,"enemies":"Collector","floor":33,"turns":9},{"damage":17,"enemies":"3 Darklings","floor":35,"turns":3},{"damage":40,"enemies":"2 Orb Walkers","floor":37,"turns":6},{"damage":11,"enemies":"Orb Walker","floor":38,"turns":3},{"damage":28,"enemies":"Spire Growth","floor":39,"turns":4},{"damage":54,"enemies":"Reptomancer","floor":40,"turns":4},{"damage":40,"enemies":"Giant Head","floor":42,"turns":6},{"damage":10,"enemies":"3 Darklings","floor":44,"turns":3},{"damage":6,"enemies":"Nemesis","floor":45,"turns":3},{"damage":88,"enemies":"Donu and Deca","floor":50,"turns":9},{"damage":11,"enemies":"Time Eater","floor":51,"turns":4},{"damage":74,"enemies":"Shield and Spear","floor":55,"turns":5},{"damage":71,"enemies":"The Heart","floor":56,"turns":7}],"seed_played":"-320317220833269883","potions_obtained":[{"floor":3,"key":"SteroidPotion"},{"floor":4,"key":"Strength Potion"},{"floor":16,"key":"Explosive Potion"},{"floor":19,"key":"Energy Potion"},{"floor":25,"key":"EssenceOfSteel"},{"floor":29,"key":"Ancient Potion"},{"floor":35,"key":"Weak Potion"},{"floor":40,"key":"FearPotion"},{"floor":42,"key":"GamblersBrew"}],"is_trial":false,"path_per_floor":["M","M","M","M","M","R","E","?","T","R","E","?","T","E","R","B",null,"M","M","$","M","T","E","R","E","T","?","E","M","E","T","R","B",null,"M","$","?","M","M","E","R","E","T","M","E","R","$","?","R","B","B",null,"R","$","E","B",null],"character_chosen":"IRONCLAD","items_purchased":["True Grit","DollysMirror","SteroidPotion","Metallicize","True Grit","Inflame","Feel No Pain"],"campfire_rested":0,"item_purchase_floors":[20,20,20,20,36,36,47],"current_hp_per_floor":[67,59,58,57,65,65,55,32,32,32,23,34,34,51,51,53,70,75,75,75,75,75,74,74,42,42,21,75,75,48,48,48,65,73,75,75,75,75,75,82,82,82,82,82,82,82,82,82,82,82,77,81,81,81,82,77],"gold":34,"neow_bonus":"ONE_RARE_RELIC","is_prod":false,"is_daily":false,"chose_seed":false,"campfire_upgraded":8,"win_rate":0,"timestamp":1545605141,"path_taken":["M","M","M","?","M","R","E","?","T","R","E","?","?","E","R","BOSS","M","M","$","M","?","E","R","E","T","?","E","M","E","?","R","BOSS","M","$","?","M","M","E","R","E","T","M","E","R","$","?","R","BOSS","BOSS","R","$","E","BOSS"],"build_version":"2018-12-20","purchased_purges":3,"victory":true,"max_hp_per_floor":[75,75,75,75,75,75,75,75,75,75,75,75,75,75,75,75,75,75,75,75,75,75,75,75,75,75,75,75,75,75,75,75,75,75,75,75,75,75,75,82,82,82,82,82,82,82,82,82,82,82,82,82,82,82,82,82],"card_choices":[{"not_picked":["Heavy Blade","Flex"],"picked":"Inflame","floor":1},{"not_picked":["Flex","Thunderclap"],"picked":"Shrug It Off","floor":2},{"not_picked":["Twin Strike","Wild Strike"],"picked":"Reaper","floor":3},{"not_picked":["Entrench","Clash"],"picked":"Pummel","floor":4},{"not_picked":["Body Slam","Havoc"],"picked":"Iron Wave","floor":5},{"not_picked":["Headbutt","Iron Wave"],"picked":"Flame Barrier","floor":7},{"not_picked":["Rupture","Flex"],"picked":"Impervious","floor":11},{"not_picked":["Havoc","Sever Soul"],"picked":"Power Through","floor":12},{"not_picked":["Cleave","Sever Soul"],"picked":"Thunderclap","floor":14},{"not_picked":["Dark Embrace","Demon Form"],"picked":"Reaper","floor":16},{"not_picked":["Anger","Flex"],"picked":"Feel No Pain","floor":18},{"not_picked":["Carnage","Entrench","Armaments"],"picked":"SKIP","floor":19},{"not_picked":["Flex","Dual Wield","Armaments"],"picked":"SKIP","floor":21},{"not_picked":["Wild Strike","Shrug It Off"],"picked":"Inflame","floor":23},{"not_picked":["Flex+1","Entrench+1","Combust"],"picked":"SKIP","floor":25},{"not_picked":["Entrench+1","Havoc"],"picked":"Sword Boomerang","floor":28},{"not_picked":["Twin Strike","Whirlwind"],"picked":"Heavy Blade","floor":29},{"not_picked":["Twin Strike","Hemokinesis"],"picked":"Shrug It Off","floor":30},{"not_picked":["Feed","Barricade"],"picked":"Limit Break","floor":33},{"not_picked":["Clash","Perfected Strike","Metallicize"],"picked":"SKIP","floor":35},{"not_picked":["Fire Breathing","Blood for Blood","Dropkick"],"picked":"SKIP","floor":38},{"not_picked":["Rupture","True Grit","Inflame"],"picked":"SKIP","floor":39},{"not_picked":["Shrug It Off","Dropkick","Flex"],"picked":"SKIP","floor":40},{"not_picked":["Body Slam","Bloodletting"],"picked":"Thunderclap+1","floor":42},{"not_picked":["Wild Strike","Bloodletting","Body Slam"],"picked":"SKIP","floor":44},{"not_picked":["Perfected Strike","True Grit"],"picked":"Rage+1","floor":45},{"not_picked":["Feed","Bludgeon","True Grit"],"picked":"SKIP","floor":55}],"player_experience":4000913,"relics_obtained":[{"floor":7,"key":"Vajra"},{"floor":9,"key":"Tiny Chest"},{"floor":11,"key":"MawBank"},{"floor":12,"key":"Odd Mushroom"},{"floor":13,"key":"Blood Vial"},{"floor":14,"key":"Potion Belt"},{"floor":22,"key":"Bottled Tornado"},{"floor":23,"key":"Ancient Tea Set"},{"floor":25,"key":"Regal Pillow"},{"floor":26,"key":"Bronze Scales"},{"floor":27,"key":"Necronomicon"},{"floor":28,"key":"Oddly Smooth Stone"},{"floor":30,"key":"Boot"},{"floor":31,"key":"Centennial Puzzle"},{"floor":37,"key":"Pocketwatch"},{"floor":40,"key":"Strawberry"},{"floor":42,"key":"Du-Vu Doll"},{"floor":45,"key":"Gremlin Horn"},{"floor":55,"key":"Pen Nib"}],"event_choices":[{"damage_healed":0,"gold_gain":0,"player_choice":"Entered Light","damage_taken":23,"max_hp_gain":0,"max_hp_loss":0,"event_name":"Shining Light","floor":8,"gold_loss":0,"cards_upgraded":["Shrug It Off","Defend_R"]},{"damage_healed":0,"gold_gain":0,"player_choice":"Fought Mushrooms","damage_taken":0,"max_hp_gain":0,"max_hp_loss":0,"event_name":"Mushrooms","floor":12,"gold_loss":0},{"damage_healed":0,"gold_gain":0,"player_choice":"Obtained Book","damage_taken":21,"max_hp_gain":0,"max_hp_loss":0,"event_name":"Cursed Tome","floor":27,"gold_loss":0},{"damage_healed":0,"gold_gain":0,"player_choice":"Fight","damage_taken":0,"max_hp_gain":0,"max_hp_loss":0,"event_name":"Mysterious Sphere","floor":37,"gold_loss":0},{"damage_healed":0,"gold_gain":0,"player_choice":"Paid","damage_taken":0,"relics_obtained":["Red Mask"],"max_hp_gain":0,"max_hp_loss":0,"event_name":"Tomb of Lord Red Mask","floor":48,"gold_loss":53}],"is_beta":true,"boss_relics":[{"not_picked":["Orrery","Sozu"],"picked":"Coffee Dripper"},{"not_picked":["Cursed Key","Calling Bell"],"picked":"Runic Pyramid"}],"items_purged_floors":[20,36,47],"is_endless":false,"potions_floor_spawned":[3,4,7,11,16,19,25,29,35,40,42,45],"ascension_level":20}