{"gold_per_floor":[109,109,259,334,359,397,397,410,410,429,444,150,150,171,171,171],"floor_reached":16,"playtime":415,"items_purged":["Doubt"],"score":345,"play_id":"f206bc3e-a7fe-422a-a499-87ad7a1c4df6","local_time":"20190302143514","is_ascension_mode":true,"campfire_choices":[{"data":"Cleave","floor":7,"key":"SMITH"},{"data":"Bash","floor":13,"key":"SMITH"},{"data":"Ghostly Armor","floor":15,"key":"SMITH"}],"neow_cost":"NONE","seed_source_timestamp":62293272873017,"circlet_count":0,"master_deck":["AscendersBane","Strike_R","Strike_R","Strike_R","Strike_R","Strike_R","Defend_R","Defend_R","Defend_R","Defend_R","Bash+1","Pommel Strike","Cleave+1","Ghostly Armor+1"],"relics":["Burning Blood","NeowsBlessing","Golden Idol","Mercury Hourglass","Pear","MealTicket"],"potions_floor_usage":[16,16,16,16],"damage_taken":[{"damage":0,"enemies":"Jaw Worm","floor":1,"turns":1},{"damage":0,"enemies":"Small Slimes","floor":5,"turns":1},{"damage":0,"enemies":"3 Sentries","floor":6,"turns":2},{"damage":0,"enemies":"Cultist","floor":8,"turns":2},{"damage":16,"enemies":"Gremlin Gang","floor":10,"turns":4},{"damage":8,"enemies":"Blue Slaver","floor":11,"turns":4},{"damage":7,"enemies":"Large Slime","floor":14,"turns":4}],"seed_played":"204939005752150026","potions_obtained":[{"floor":5,"key":"SteroidPotion"},{"floor":10,"key":"EntropicBrew"}],"is_trial":false,"path_per_floor":["M","?","?","?","M","E","R","M","T","M","M","$","R","M","R","B"],"character_chosen":"IRONCLAD","items_purchased":["MealTicket"],"campfire_rested":0,"item_purchase_floors":[12],"current_hp_per_floor":[74,48,48,37,43,49,49,55,65,55,53,53,53,52,52,0],"gold":171,"neow_bonus":"THREE_ENEMY_KILL","is_prod":false,"is_daily":false,"chose_seed":false,"campfire_upgraded":3,"win_rate":0,"timestamp":1551504914,"path_taken":["M","?","?","?","M","E","R","M","T","?","M","?","R","M","R","BOSS"],"build_version":"2019-01-23","purchased_purges":1,"victory":false,"max_hp_per_floor":[75,75,75,75,75,75,75,75,85,85,85,85,85,85,85,85],"card_choices":[{"not_picked":["Clash","Sword Boomerang"],"picked":"Pommel Strike","floor":1},{"not_picked":["Iron Wave","Heavy Blade"],"picked":"Cleave","floor":5},{"not_picked":["Iron Wave","Sword Boomerang","Heavy Blade"],"picked":"SKIP","floor":6},{"not_picked":["Fiend Fire","Burning Pact","Rupture"],"picked":"SKIP","floor":8},{"not_picked":["Twin Strike","Sever Soul"],"picked":"Ghostly Armor","floor":10},{"not_picked":["Body Slam","Carnage","Havoc"],"picked":"SKIP","floor":11},{"not_picked":["Seeing Red","Warcry","Headbutt"],"picked":"SKIP","floor":14}],"player_experience":983632,"relics_obtained":[{"floor":6,"key":"Mercury Hourglass"},{"floor":9,"key":"Pear"}],"event_choices":[{"damage_healed":0,"gold_gain":0,"player_choice":"Take Damage","damage_taken":26,"relics_obtained":["Golden Idol"],"max_hp_gain":0,"max_hp_loss":0,"event_name":"Golden Idol","floor":2,"gold_loss":0},{"damage_healed":0,"gold_gain":150,"player_choice":"AGREE","damage_taken":0,"max_hp_gain":0,"max_hp_loss":0,"event_name":"Liars Game","floor":3,"gold_loss":0,"cards_obtained":["Doubt"]},{"damage_healed":0,"gold_gain":75,"player_choice":"Gather Gold","damage_taken":11,"max_hp_gain":0,"max_hp_loss":0,"event_name":"World of Goop","floor":4,"gold_loss":0}],"is_beta":false,"boss_relics":[],"items_purged_floors":[12],"is_endless":false,"potions_floor_spawned":[5,10,14],"killed_by":"The Guardian","ascension_level":19}