{"gold_per_floor":[211,211,234,159,170,170,187,197,250,250,150,168,168,168,168,168],"floor_reached":16,"playtime":436,"items_purged":["Strike_R","Strike_R"],"score":180,"play_id":"fca96955-4893-45d9-a96e-329c6ac0eb7d","local_time":"20190303140741","is_ascension_mode":true,"campfire_choices":[{"data":"Bash","floor":6,"key":"SMITH"},{"data":"Defend_R","floor":10,"key":"SMITH"},{"data":"Defend_R","floor":13,"key":"SMITH"},{"data":"Strike_R","floor":15,"key":"SMITH"}],"neow_cost":"NONE","seed_source_timestamp":0,"circlet_count":0,"master_deck":["AscendersBane","Strike_R","Strike_R","Strike_R+1","Defend_R+1","Defend_R+1","Defend_R+1","Defend_R+1","Bash+1","Pummel"],"special_seed":0,"relics":["Burning Blood","War Paint","Blood Vial"],"potions_floor_usage":[],"damage_taken":[{"damage":10.0,"enemies":"2 Louse","floor":1.0,"turns":3.0},{"damage":4,"enemies":"Jaw Worm","floor":5,"turns":4},{"damage":1,"enemies":"Cultist","floor":7,"turns":5},{"damage":18,"enemies":"Gremlin Gang","floor":8,"turns":9},{"damage":8,"enemies":"Lots of Slimes","floor":12,"turns":9},{"damage":35,"enemies":"The Guardian","floor":16,"turns":6}],"seed_played":"-3032953300094057932","potions_obtained":[{"floor":1.0,"key":"Dexterity Potion"},{"floor":8,"key":"Energy Potion"}],"is_trial":false,"path_per_floor":["M","?","T","$","M","R","M","M","T","R","$","M","R","?","R","B"],"character_chosen":"IRONCLAD","items_purchased":[],"campfire_rested":0,"item_purchase_floors":[],"current_hp_per_floor":[64,64,64,64,66,66,71,59,59,59,59,59,59,64,64,31],"gold":168,"neow_bonus":"HUNDRED_GOLD","is_prod":false,"is_daily":false,"chose_seed":false,"campfire_upgraded":4,"win_rate":0,"timestamp":1551589661,"path_taken":["M","?","?","$","?","R","?","M","T","R","?","M","R","?","R","BOSS"],"build_version":"2019-01-23","purchased_purges":2,"victory":false,"max_hp_per_floor":[75,75,75,75,75,75,75,75,75,75,75,75,75,80,80,80],"card_choices":[{"not_picked":["Iron Wave","Burning Pact","Clothesline"],"picked":"SKIP","floor":1.0},{"not_picked":["True Grit","Shrug It Off","Havoc"],"picked":"SKIP","floor":5},{"not_picked":["Seeing Red","True Grit","Twin Strike"],"picked":"SKIP","floor":7},{"not_picked":["Pommel Strike","Entrench","Seeing Red"],"picked":"SKIP","floor":8},{"not_picked":["Armaments","Bloodletting"],"picked":"Pummel","floor":12}],"player_experience":1034096,"relics_obtained":[{"floor":3,"key":"War Paint"},{"floor":9,"key":"Blood Vial"}],"event_choices":[{"damage_healed":0,"gold_gain":0,"player_choice":"Fled","damage_taken":0,"max_hp_gain":0,"max_hp_loss":0,"event_name":"Scrap Ooze","floor":2,"gold_loss":0},{"damage_healed":0,"gold_gain":0,"player_choice":"Donut","damage_taken":0,"max_hp_gain":5,"max_hp_loss":0,"event_name":"Big Fish","floor":14,"gold_loss":0}],"is_beta":false,"boss_relics":[],"items_purged_floors":[4,11],"is_endless":false,"potions_floor_spawned":[1,8],"killed_by":"The Guardian","ascension_level":20}