{"path_per_floor":["M","$","M","M","M","E","R","?","T","R","T","R","E","$","R","B",null,"M","M","M","?","?","E","$","M","T","E","M","E","R","$","R"],"character_chosen":"IRONCLAD","items_purchased":["Battle Trance","Shrug It Off","Perfected Strike"],"gold_per_floor":[115,40,60,80,91,121,121,121,121,121,144,144,176,5,5,109,109,125,138,158,158,158,187,14,30,30,63,78,108,108,55,55],"floor_reached":33,"campfire_rested":0,"playtime":2038,"current_hp_per_floor":[68,68,72,74,77,68,68,68,68,68,68,68,55,55,55,41,68,68,67,71,71,56,41,41,47,47,36,41,33,33,33,33],"items_purged":["Parasite","Defend_R","Defend_R"],"gold":55,"play_id":"47ba1884-867e-4d08-b868-e47dc915203b","is_prod":false,"is_daily":false,"is_ascension_mode":true,"campfire_upgraded":6,"path_taken":["M","$","M","M","M","E","R","?","T","R","?","R","E","$","R","BOSS","M","M","M","?","?","E","$","M","T","E","M","E","R","$","R","BOSS"],"build_version":"2018-02-01-PROD3","purchased_purges":3,"victory":false,"master_deck":["Strike_R","Strike_R","Strike_R","Strike_R","Strike_R","Defend_R","Defend_R","Bash+1","Impervious","Perfected Strike+1","Clash+1","Perfected Strike","Iron Wave+1","Brutality","Pommel Strike","Battle Trance","Limit Break","Shrug It Off+1","Warcry","Pommel Strike+1","Perfected Strike","Inflame+1","Shrug It Off+1","Iron Wave","Pommel Strike+1","Infernal Blade+1","Perfected Strike"],"max_hp_per_floor":[80,77,77,77,77,77,77,77,77,77,77,77,77,77,77,77,77,77,77,77,77,82,82,82,82,82,84,84,84,84,84,84],"relics":["Burning Blood","Singing Bowl","Charon\u0027s Ashes","Bag of Preparation","Bag of Marbles","Velvet Choker","Blue Candle","Pantograph","Darkstone Periapt","Bronze Scales"],"card_choices":[{"not_picked":["Wild Strike","Fire Breathing"],"picked":"Perfected Strike"},{"not_picked":["Uppercut","Warcry"],"picked":"Clash"},{"not_picked":["Havoc","Searing Blow"],"picked":"Perfected Strike"},{"not_picked":["Sword Boomerang","Spot Weakness"],"picked":"Iron Wave"},{"not_picked":["Armaments","Sword Boomerang"],"picked":"Brutality"},{"not_picked":["Warcry","Reckless Charge"],"picked":"Pommel Strike"},{"not_picked":["Bludgeon","Demon Form"],"picked":"Limit Break"},{"not_picked":["Burning Pact","Body Slam"],"picked":"Shrug It Off"},{"not_picked":["Disarm","Burning Pact"],"picked":"Warcry"},{"not_picked":["Sword Boomerang","Thunderclap"],"picked":"Pommel Strike"},{"not_picked":["Uppercut","Clothesline"],"picked":"Inflame"},{"not_picked":["Wild Strike","Dropkick"],"picked":"Iron Wave"},{"not_picked":["Sword Boomerang","Headbutt"],"picked":"Pommel Strike"},{"not_picked":["Corruption","Shockwave"],"picked":"Infernal Blade"}],"player_experience":573678,"potions_floor_usage":[16,33,33],"damage_taken":[{"damage":10,"enemies":"Small Slimes","floor":1,"turns":5},{"damage":2,"enemies":"2 Louse","floor":3,"turns":2},{"damage":4,"enemies":"Jaw Worm","floor":4,"turns":4},{"damage":0,"enemies":"Exordium Thugs","floor":5,"turns":4},{"damage":15,"enemies":"Lagavulin","floor":6,"turns":5},{"damage":19,"enemies":"Gremlin Nob","floor":13,"turns":4},{"damage":20,"enemies":"Hexaghost","floor":16,"turns":5},{"damage":6,"enemies":"Spheric Guardian","floor":18,"turns":3},{"damage":7,"enemies":"Shell Parasite","floor":19,"turns":4},{"damage":2,"enemies":"Snecko","floor":20,"turns":3},{"damage":21,"enemies":"Book of Stabbing","floor":23,"turns":3},{"damage":0,"enemies":"Snake Plant","floor":25,"turns":2},{"damage":19,"enemies":"Gremlin Leader","floor":27,"turns":5},{"damage":1,"enemies":"3 Cultists","floor":28,"turns":3},{"damage":14,"enemies":"Book of Stabbing","floor":29,"turns":3},{"damage":73,"enemies":"Automaton","floor":33,"turns":7}],"event_choices":[{"event_name":"Liars Game","player_choice":"disagreed","floor":8,"damage_taken":0},{"event_name":"The Library","player_choice":"Read","floor":21,"damage_taken":0},{"event_name":"Forgotten Altar","player_choice":"Shed Blood","floor":22,"damage_taken":0}],"boss_relics":[{"not_picked":["Tiny House","Mark of Pain"],"picked":"Velvet Choker"}],"potions_floor_spawned":[4,13,16,19,28],"seed_played":"-5290201436821745476","killed_by":"Automaton","ascension_level":10,"is_trial":false}