{"gold_per_floor":[116,116,116,47,122,152,152,181,231,247,9,34,45,55,55,159,159,176,176,376,392,411,411],"floor_reached":23,"playtime":1903,"items_purged":[],"score":265,"play_id":"47e35566-b38c-4c93-a29b-f725b022de75","local_time":"20190119130815","is_ascension_mode":true,"campfire_choices":[{"floor":7,"key":"REST"},{"data":"Flame Barrier","floor":15,"key":"SMITH"}],"neow_cost":"NONE","seed_source_timestamp":243684429012100,"circlet_count":0,"master_deck":["Strike_R","Strike_R","Strike_R","Strike_R","Strike_R","Defend_R","Defend_R","Defend_R","Defend_R","Bash+1","Twin Strike","Rupture","Heavy Blade","Pummel","Flame Barrier+1","Offering","Entrench","Fire Breathing","Heavy Blade","Fiend Fire","Clumsy","Doubt","Shame","Hemokinesis","J.A.X.","Iron Wave+1"],"relics":["Burning Blood","Blood Vial","Red Skull","Art of War","Strawberry","Pen Nib","Lantern","Pear","Calling Bell","Smiling Mask","Darkstone Periapt","Champion Belt"],"potions_floor_usage":[8,14,14,18,22],"damage_taken":[{"damage":5,"enemies":"Small Slimes","floor":1,"turns":4},{"damage":40,"enemies":"3 Sentries","floor":6,"turns":8},{"damage":30,"enemies":"Lagavulin","floor":8,"turns":4},{"damage":0,"enemies":"2 Louse","floor":10,"turns":1},{"damage":11,"enemies":"3 Sentries","floor":12,"turns":4},{"damage":2,"enemies":"Jaw Worm","floor":13,"turns":2},{"damage":0,"enemies":"Large Slime","floor":14,"turns":2},{"damage":46,"enemies":"Hexaghost","floor":16,"turns":8},{"damage":49,"enemies":"3 Byrds","floor":18,"turns":6},{"damage":11,"enemies":"Chosen","floor":21,"turns":3},{"damage":18,"enemies":"Snecko","floor":22,"turns":4},{"damage":62,"enemies":"Book of Stabbing","floor":23,"turns":3}],"seed_played":"-4691766622584355054","potions_obtained":[{"floor":6,"key":"PowerPotion"},{"floor":8,"key":"FearPotion"},{"floor":13,"key":"AttackPotion"},{"floor":16,"key":"Block Potion"},{"floor":18,"key":"Weak Potion"}],"is_trial":false,"path_per_floor":["M","?","?","$","?","E","R","E","T","M","$","E","M","M","R","B",null,"M","?","?","M","M","E"],"character_chosen":"IRONCLAD","items_purchased":["Rupture","Lantern","Offering"],"campfire_rested":1,"item_purchase_floors":[4,11,11],"current_hp_per_floor":[80,80,62,62,54,22,46,31,31,39,39,46,52,60,60,22,97,54,54,54,51,41,0],"gold":411,"neow_bonus":"RANDOM_COMMON_RELIC","is_prod":false,"is_daily":false,"chose_seed":false,"campfire_upgraded":1,"win_rate":0,"timestamp":1547921295,"path_taken":["M","?","?","?","?","E","R","E","T","M","$","E","?","M","R","BOSS","M","?","?","?","M","E"],"build_version":"2019-01-17v2","purchased_purges":0,"victory":false,"max_hp_per_floor":[80,80,80,80,80,80,80,87,87,87,87,97,97,97,97,97,97,97,97,97,97,97,97],"card_choices":[{"not_picked":["Pommel Strike","Sentinel"],"picked":"Twin Strike","floor":1},{"not_picked":["Flex","Shrug It Off"],"picked":"Heavy Blade","floor":6},{"not_picked":["Body Slam","Sword Boomerang"],"picked":"Pummel","floor":8},{"not_picked":["Evolve","Headbutt"],"picked":"Flame Barrier","floor":10},{"not_picked":["Perfected Strike","Thunderclap"],"picked":"Entrench","floor":12},{"not_picked":["Body Slam","Exhume"],"picked":"Fire Breathing","floor":13},{"not_picked":["Warcry","Wild Strike"],"picked":"Heavy Blade","floor":14},{"not_picked":["Brutality","Juggernaut"],"picked":"Fiend Fire","floor":16},{"not_picked":["Shrug It Off","Wild Strike"],"picked":"Hemokinesis","floor":18},{"not_picked":["Shrug It Off","Body Slam","Warcry+1"],"picked":"SKIP","floor":21},{"not_picked":["Cleave","Headbutt"],"picked":"Iron Wave+1","floor":22}],"player_experience":428762,"relics_obtained":[{"floor":6,"key":"Art of War"},{"floor":8,"key":"Strawberry"},{"floor":9,"key":"Pen Nib"},{"floor":12,"key":"Pear"},{"floor":17,"key":"Smiling Mask"},{"floor":17,"key":"Darkstone Periapt"},{"floor":17,"key":"Champion Belt"}],"event_choices":[{"damage_healed":0,"gold_gain":0,"player_choice":"Grow","damage_taken":0,"max_hp_gain":0,"max_hp_loss":0,"event_name":"Living Wall","floor":2,"gold_loss":0,"cards_upgraded":["Bash"]},{"damage_healed":0,"gold_gain":0,"player_choice":"Success","damage_taken":18,"relics_obtained":["Red Skull"],"max_hp_gain":0,"max_hp_loss":0,"event_name":"Scrap Ooze","floor":3,"gold_loss":0},{"damage_healed":0,"gold_gain":75,"player_choice":"Touch","damage_taken":8,"max_hp_gain":0,"max_hp_loss":0,"event_name":"FaceTrader","floor":5,"gold_loss":0},{"damage_healed":0,"gold_gain":0,"player_choice":"Obtain J.A.X.","damage_taken":0,"max_hp_gain":0,"max_hp_loss":0,"event_name":"Drug Dealer","floor":19,"gold_loss":0,"cards_obtained":["J.A.X."]},{"damage_healed":0,"gold_gain":250,"player_choice":"Bet on Owner","damage_taken":0,"max_hp_gain":0,"max_hp_loss":0,"event_name":"The Joust","floor":20,"gold_loss":50}],"is_beta":false,"boss_relics":[{"not_picked":["Tiny House","Black Star"],"picked":"Calling Bell"}],"items_purged_floors":[],"is_endless":false,"potions_floor_spawned":[6,8,13,16,18],"killed_by":"Book of Stabbing","ascension_level":3}