{"gold_per_floor":[114,33,33,51,51,72,72,42,115,136,136,170,17,38,38,38],"floor_reached":16,"playtime":1273,"items_purged":["Injury"],"score":160,"play_id":"a07587a7-1416-468d-8d99-82e8fe9ba9e7","local_time":"20190218110649","is_ascension_mode":true,"campfire_choices":[{"data":"Leg Sweep","floor":7,"key":"SMITH"},{"floor":11,"key":"REST"},{"data":"Calculated Gamble","floor":15,"key":"SMITH"}],"neow_cost":"NONE","seed_source_timestamp":349635755594600,"circlet_count":0,"master_deck":["AscendersBane","Defend_G","Defend_G+1","Defend_G","Defend_G","Defend_G","Strike_G","Strike_G","Strike_G","Strike_G","Strike_G+1","Survivor","Neutralize","PiercingWail","Infinite Blades","Leg Sweep+1","Calculated Gamble+1","Wraith Form v2","Backflip","Bullet Time","Footwork","Crippling Poison"],"relics":["Ring of the Snake","Golden Idol","Gremlin Horn","Regal Pillow"],"potions_floor_usage":[12],"damage_taken":[{"damage":2,"enemies":"Jaw Worm","floor":1,"turns":5},{"damage":4,"enemies":"2 Louse","floor":4,"turns":3},{"damage":0,"enemies":"Small Slimes","floor":6,"turns":4},{"damage":8,"enemies":"Looter","floor":8,"turns":4},{"damage":0,"enemies":"2 Fungi Beasts","floor":10,"turns":5},{"damage":7,"enemies":"3 Sentries","floor":12,"turns":8},{"damage":1,"enemies":"Exordium Wildlife","floor":14,"turns":7},{"damage":60,"enemies":"Hexaghost","floor":16,"turns":16}],"seed_played":"4188938410199287875","potions_obtained":[{"floor":4,"key":"Fire Potion"},{"floor":10,"key":"SpeedPotion"},{"floor":12,"key":"Weak Potion"}],"is_trial":false,"path_per_floor":["M","$","?","M","?","M","R","M","T","M","R","E","$","M","R","B"],"character_chosen":"THE_SILENT","items_purchased":["Infinite Blades","Footwork"],"campfire_rested":1,"item_purchase_floors":[2,13],"current_hp_per_floor":[68,68,53,49,49,49,49,41,41,41,64,57,57,56,56,0],"gold":38,"neow_bonus":"TEN_PERCENT_HP_BONUS","is_prod":false,"is_daily":false,"chose_seed":false,"campfire_upgraded":2,"win_rate":0,"timestamp":1550506009,"path_taken":["M","$","?","M","?","M","R","M","T","M","R","E","$","M","R","BOSS"],"build_version":"2019-01-23","purchased_purges":1,"victory":false,"max_hp_per_floor":[77,77,77,77,77,77,77,77,77,77,77,77,77,77,77,77],"card_choices":[{"not_picked":["Poisoned Stab","Riddle With Holes"],"picked":"PiercingWail","floor":1},{"not_picked":["Cloak And Dagger","Slice"],"picked":"Leg Sweep","floor":4},{"not_picked":["Underhanded Strike","Slice"],"picked":"Calculated Gamble","floor":6},{"not_picked":["Cloak And Dagger","Backstab"],"picked":"Wraith Form v2","floor":8},{"not_picked":["Quick Slash","Masterful Stab"],"picked":"Backflip","floor":10},{"not_picked":["Noxious Fumes","Calculated Gamble"],"picked":"Bullet Time","floor":12},{"not_picked":["Distraction","Accuracy"],"picked":"Crippling Poison","floor":14}],"player_experience":1225192,"relics_obtained":[{"floor":9,"key":"Gremlin Horn"},{"floor":12,"key":"Regal Pillow"}],"event_choices":[{"damage_healed":0,"gold_gain":0,"player_choice":"Entered Light","damage_taken":15,"max_hp_gain":0,"max_hp_loss":0,"event_name":"Shining Light","floor":3,"gold_loss":0,"cards_upgraded":["Defend_G","Strike_G"]},{"damage_healed":0,"gold_gain":0,"player_choice":"Take Wound","damage_taken":0,"relics_obtained":["Golden Idol"],"max_hp_gain":0,"max_hp_loss":0,"event_name":"Golden Idol","floor":5,"gold_loss":0,"cards_obtained":["Injury"]}],"is_beta":false,"boss_relics":[],"items_purged_floors":[13],"is_endless":false,"potions_floor_spawned":[4,10,12],"killed_by":"Hexaghost","ascension_level":12}