{"path_per_floor":["M","?","$","?","M","R","M","?","T","R","M","M","M","?","R","B",null,"M","?","$","M","?","R","M","?","T","R","M","M","?"],"character_chosen":"DEFECT","items_purchased":["Gash","Sunder","Coolheaded"],"gold_per_floor":[116,116,39,39,54,54,72,147,173,173,190,210,220,250,250,348,348,365,315,118,137,137,137,157,157,157,157,169,186,101,101],"floor_reached":31,"campfire_rested":2,"playtime":1705,"current_hp_per_floor":[68,61,61,61,54,54,54,43,43,43,42,39,27,27,49,18,75,56,56,56,40,40,40,20,20,20,42,19,7,7,0],"items_purged":["Strike_B"],"gold":101,"score":227,"play_id":"9de13e0c-a131-4ed0-82f3-ba3b02461309","local_time":"20180427200611","is_prod":false,"is_daily":false,"chose_seed":false,"is_ascension_mode":false,"campfire_upgraded":3,"timestamp":1524873971,"path_taken":["M","?","?","?","M","R","M","?","T","R","M","?","M","?","R","BOSS","M","?","$","?","?","R","M","?","T","R","M","M","?","M"],"build_version":"2018-04-26v2","seed_source_timestamp":0,"purchased_purges":1,"victory":false,"master_deck":["Strike_B","Strike_B","Defend_B","Defend_B","Defend_B","Defend_B","Zap","Dualcast","Defragment","Gash+1","Beam Cell","Hologram+1","Echo Form+1","Capacitor","Streamline","Thunder Strike","Go for the Eyes","Sweeping Beam","Seek","Double Energy","Barrage","Stack+1","Sunder","Coolheaded","Ball Lightning","Hologram","Double Energy"],"max_hp_per_floor":[75,75,75,75,75,75,75,75,75,75,75,75,75,75,75,75,75,75,75,75,75,75,75,75,75,75,75,75,75,75,75],"relics":["Cracked Core","Bag of Preparation","Orichalcum","Orrery","Mercury Hourglass","Darkstone Periapt"],"card_choices":[{"not_picked":["Heatsinks","Hologram"],"picked":"Defragment","floor":1.0},{"not_picked":["Hello World","Streamline"],"picked":"Beam Cell","floor":5.0},{"not_picked":["Turbo","Auto Shields"],"picked":"Hologram","floor":7.0},{"not_picked":["Stack","Auto Shields"],"picked":"Echo Form","floor":11.0},{"not_picked":["Ball Lightning","Allocate"],"picked":"Capacitor","floor":12.0},{"not_picked":["Heatsinks","Auto Shields"],"picked":"Streamline","floor":13.0},{"not_picked":["Meteor Strike","Amplify"],"picked":"Thunder Strike","floor":16.0},{"not_picked":["Ball Lightning","Rebound"],"picked":"Go for the Eyes","floor":17.0},{"not_picked":["Doom and Gloom","Double Energy"],"picked":"Sweeping Beam","floor":17.0},{"not_picked":["Axe Kick","Rebound"],"picked":"Seek","floor":17.0},{"not_picked":["Aggregate","Blizzard"],"picked":"Double Energy","floor":17.0},{"not_picked":["Sweeping Beam","Heatsinks"],"picked":"Barrage","floor":17.0},{"not_picked":["Glacier","Double Energy"],"picked":"Stack","floor":18.0},{"not_picked":["Chill","Undo"],"picked":"Ball Lightning","floor":21.0},{"not_picked":["Barrage","Stack"],"picked":"Hologram","floor":28.0},{"not_picked":["Skim","Melter"],"picked":"Double Energy","floor":29}],"player_experience":23516,"potions_floor_usage":[31],"damage_taken":[{"damage":7.0,"enemies":"Small Slimes","floor":1.0,"turns":4.0},{"damage":7.0,"enemies":"2 Louse","floor":5.0,"turns":3.0},{"damage":0.0,"enemies":"Cultist","floor":7.0,"turns":2.0},{"damage":1.0,"enemies":"2 Fungi Beasts","floor":11.0,"turns":3.0},{"damage":3.0,"enemies":"Exordium Thugs","floor":12.0,"turns":5.0},{"damage":12.0,"enemies":"3 Louse","floor":13.0,"turns":5.0},{"damage":31.0,"enemies":"Hexaghost","floor":16.0,"turns":9.0},{"damage":19.0,"enemies":"3 Byrds","floor":18.0,"turns":6.0},{"damage":16.0,"enemies":"Spheric Guardian","floor":21.0,"turns":5.0},{"damage":20.0,"enemies":"Snecko","floor":24.0,"turns":5.0},{"damage":38.0,"enemies":"Slaver and Parasite","floor":28.0,"turns":7.0},{"damage":12.0,"enemies":"3 Cultists","floor":29.0,"turns":5.0},{"damage":7,"enemies":"Snake Plant","floor":31,"turns":1}],"event_choices":[{"event_name":"Golden Wing","player_choice":"Card Removal","floor":2.0,"damage_taken":0.0},{"event_name":"The Cleric","player_choice":"Leave","floor":4.0,"damage_taken":0.0},{"event_name":"World of Goop","player_choice":"Gather Gold","floor":8.0,"damage_taken":0.0},{"event_name":"Dead Adventurer","player_choice":"Searched \u00271\u0027 times","floor":14.0,"damage_taken":0.0},{"event_name":"The Joust","player_choice":"Bet on Murderer","floor":19.0,"damage_taken":0.0},{"event_name":"Vampires","player_choice":"Ignored","floor":22.0,"damage_taken":0.0},{"event_name":"Cursed Tome","player_choice":"Ignored","floor":25.0,"damage_taken":0.0},{"event_name":"Addict","player_choice":"Obtained Relic","floor":30,"damage_taken":0}],"boss_relics":[],"potions_floor_spawned":[1,11,16,24,28,29],"seed_played":"-7901311706947300059","killed_by":"Snake Plant","ascension_level":0,"is_trial":false}