{"gold_per_floor":[118,293,50,60,60,85,85,85,85,98,181,181,207,221,221,317,367,380,295,307,17,17,17],"floor_reached":23,"playtime":1793,"items_purged":[],"score":197,"play_id":"bf773b01-6a17-49a1-a7e9-10f5a8b1b45b","local_time":"20181110143511","is_ascension_mode":false,"campfire_choices":[{"data":"Loop","floor":7,"key":"SMITH"},{"data":"Capacitor","floor":15,"key":"SMITH"}],"neow_cost":"NONE","seed_source_timestamp":419495649720059,"circlet_count":0,"master_deck":["Strike_B","Strike_B","Strike_B","Strike_B","Defend_B","Defend_B","Defend_B","Defend_B","Zap+1","Dualcast","Tempest+1","Loop+1","FTL","Capacitor+1","Undo","Self Repair","Biased Cognition","Rebound","Redo","Lockon","Seek"],"relics":["Cracked Core","Strawberry","Gremlin Horn","Gambling Chip","Meat on the Bone","Tiny Chest","Lantern","Pantograph","Tiny House","Centennial Puzzle","Pen Nib"],"potions_floor_usage":[13,16,16,23,23],"damage_taken":[{"damage":0,"enemies":"Small Slimes","floor":1,"turns":3},{"damage":8,"enemies":"2 Louse","floor":4,"turns":2},{"damage":24,"enemies":"Gremlin Nob","floor":6,"turns":4},{"damage":1,"enemies":"Jaw Worm","floor":10,"turns":2},{"damage":23,"enemies":"3 Sentries","floor":13,"turns":5},{"damage":4,"enemies":"3 Louse","floor":14,"turns":2},{"damage":42,"enemies":"Hexaghost","floor":16,"turns":6},{"damage":28,"enemies":"2 Thieves","floor":18,"turns":5},{"damage":31,"enemies":"Shell Parasite","floor":20,"turns":6},{"damage":63,"enemies":"Slavers","floor":23,"turns":4}],"seed_played":"-2829339976251703977","potions_obtained":[{"floor":6,"key":"Block Potion"},{"floor":10,"key":"FearPotion"},{"floor":14,"key":"FocusPotion"},{"floor":17,"key":"Strength Potion"},{"floor":20,"key":"Strength Potion"}],"is_trial":false,"path_per_floor":["M","?","$","M","?","E","R","?","T","M","T","T","E","M","R","B",null,"M","?","M","$","?","E"],"character_chosen":"DEFECT","items_purchased":["Gremlin Horn","Seek","Pen Nib"],"campfire_rested":0,"item_purchase_floors":[3,21,21],"current_hp_per_floor":[82,82,82,74,67,43,43,43,43,42,42,42,31,39,39,41,87,66,66,54,54,54,0],"gold":17,"neow_bonus":"RANDOM_COMMON_RELIC","is_prod":false,"is_daily":false,"chose_seed":false,"campfire_upgraded":2,"win_rate":0.0,"timestamp":1541878511,"path_taken":["M","?","$","M","?","E","R","?","T","M","?","?","E","M","R","BOSS","M","?","M","$","?","E"],"build_version":"2018-11-08","purchased_purges":0,"victory":false,"max_hp_per_floor":[82,82,82,82,82,82,82,82,82,82,82,82,82,82,82,82,87,87,87,87,87,87,87],"card_choices":[{"not_picked":["Ball Lightning","Sweeping Beam"],"picked":"Tempest","floor":1},{"not_picked":["Compile Driver","Reinforced Body"],"picked":"Loop","floor":4},{"not_picked":["Sweeping Beam","Chill"],"picked":"FTL","floor":6},{"not_picked":["Coolheaded","Force Field"],"picked":"Capacitor","floor":10},{"not_picked":["Cold Snap","Skim"],"picked":"Undo","floor":13},{"not_picked":["Stack","Steam"],"picked":"Self Repair","floor":14},{"not_picked":["Electrodynamics","Buffer"],"picked":"Biased Cognition","floor":16},{"not_picked":["Redo","Streamline"],"picked":"Rebound","floor":17},{"not_picked":["Cold Snap","Streamline"],"picked":"Redo","floor":18},{"not_picked":["Go for the Eyes","Rebound"],"picked":"Lockon","floor":20}],"player_experience":147003,"relics_obtained":[{"floor":6,"key":"Gambling Chip"},{"floor":9,"key":"Meat on the Bone"},{"floor":11,"key":"Tiny Chest"},{"floor":12,"key":"Lantern"},{"floor":13,"key":"Pantograph"}],"event_choices":[{"damage_healed":0,"gold_gain":175,"player_choice":"AGREE","damage_taken":0,"max_hp_gain":0,"max_hp_loss":0,"event_name":"Liars Game","floor":2,"gold_loss":0,"cards_obtained":["Doubt"]},{"cards_removed":["Doubt"],"damage_healed":0,"gold_gain":0,"player_choice":"Card Removal","damage_taken":7,"max_hp_gain":0,"max_hp_loss":0,"event_name":"Golden Wing","floor":5,"gold_loss":0},{"damage_healed":0,"gold_gain":0,"player_choice":"Grow","damage_taken":0,"max_hp_gain":0,"max_hp_loss":0,"event_name":"Living Wall","floor":8,"gold_loss":0,"cards_upgraded":["Tempest"]},{"damage_healed":0,"gold_gain":0,"player_choice":"Obtained Relic","damage_taken":0,"relics_obtained":["Centennial Puzzle"],"max_hp_gain":0,"max_hp_loss":0,"event_name":"Addict","floor":19,"gold_loss":85},{"damage_healed":0,"gold_gain":0,"player_choice":"Ignored","damage_taken":0,"max_hp_gain":0,"max_hp_loss":0,"event_name":"Beggar","floor":22,"gold_loss":0}],"is_beta":false,"boss_relics":[{"not_picked":["Fusion Hammer","Eternal Feather"],"picked":"Tiny House"}],"items_purged_floors":[],"is_endless":false,"potions_floor_spawned":[6,10,14,20],"killed_by":"Slavers","ascension_level":0}