{"gold_per_floor":[14,25,39,55,73,101,101,118,144,202,202,216,216,247,247,247],"floor_reached":16,"playtime":1512,"items_purged":[],"score":120,"play_id":"68c8503f-7666-4e9b-a2b7-817c89059d82","local_time":"20190130210942","is_ascension_mode":true,"campfire_choices":[{"data":"Shockwave","floor":7,"key":"SMITH"},{"data":"True Grit","floor":11,"key":"SMITH"},{"floor":13,"key":"REST"},{"data":"Dual Wield","floor":15,"key":"SMITH"}],"neow_cost":"NO_GOLD","seed_source_timestamp":898582237864108,"circlet_count":0,"master_deck":["Strike_R","Strike_R","Strike_R","Strike_R","Strike_R","Defend_R+1","Defend_R","Defend_R","Defend_R+1","Bash","Cleave","Clothesline","Shockwave+1","Reaper","Disarm","True Grit+1","Headbutt","Dual Wield+1"],"relics":["Burning Blood","Charon\u0027s Ashes","Question Card","Potion Belt","War Paint"],"potions_floor_usage":[6,8,16],"damage_taken":[{"damage":6,"enemies":"Cultist","floor":1,"turns":3},{"damage":10,"enemies":"Jaw Worm","floor":2,"turns":4},{"damage":7,"enemies":"2 Louse","floor":3,"turns":2},{"damage":9,"enemies":"Lots of Slimes","floor":4,"turns":3},{"damage":15,"enemies":"Looter","floor":5,"turns":3},{"damage":26,"enemies":"Gremlin Nob","floor":6,"turns":4},{"damage":20,"enemies":"Exordium Wildlife","floor":8,"turns":4},{"damage":26,"enemies":"Large Slime","floor":12,"turns":5},{"damage":31,"enemies":"3 Sentries","floor":14,"turns":5},{"damage":41,"enemies":"The Guardian","floor":16,"turns":16}],"seed_played":"-6358675948676408573","potions_obtained":[{"floor":1,"key":"SkillPotion"},{"floor":2,"key":"PowerPotion"},{"floor":3,"key":"Dexterity Potion"}],"is_trial":false,"path_per_floor":["M","M","M","M","M","E","R","M","T","?","R","M","R","E","R","B"],"character_chosen":"IRONCLAD","items_purchased":[],"campfire_rested":1,"item_purchase_floors":[],"current_hp_per_floor":[80,76,75,72,63,53,53,39,39,39,39,27,51,34,34,0],"gold":247,"neow_bonus":"ONE_RARE_RELIC","is_prod":false,"is_daily":false,"chose_seed":false,"campfire_upgraded":3,"win_rate":0,"timestamp":1548882582,"path_taken":["M","M","M","M","M","E","R","M","T","?","R","M","R","E","R","BOSS"],"build_version":"2019-01-23","purchased_purges":0,"victory":false,"max_hp_per_floor":[80,80,80,80,80,80,80,80,80,80,80,80,80,80,80,80],"card_choices":[{"not_picked":["Evolve","Armaments"],"picked":"Cleave","floor":1},{"not_picked":["Havoc","Armaments"],"picked":"Clothesline","floor":2},{"not_picked":["Flex","Shrug It Off"],"picked":"Shockwave","floor":3},{"not_picked":["Thunderclap","Cleave"],"picked":"Reaper","floor":4},{"not_picked":["Dropkick","Seeing Red","Havoc"],"picked":"SKIP","floor":5},{"not_picked":["Thunderclap","Flex"],"picked":"Disarm","floor":6},{"not_picked":["Blood for Blood","Uppercut","Twin Strike"],"picked":"True Grit","floor":8},{"not_picked":["Battle Trance","Anger","Rupture"],"picked":"Headbutt","floor":12},{"not_picked":["Sentinel","Burning Pact","Fire Breathing"],"picked":"Dual Wield","floor":14}],"player_experience":392090,"relics_obtained":[{"floor":6,"key":"Question Card"},{"floor":9,"key":"Potion Belt"},{"floor":14,"key":"War Paint"}],"event_choices":[{"damage_healed":0,"gold_gain":58,"player_choice":"Gained Gold","damage_taken":0,"max_hp_gain":0,"max_hp_loss":0,"event_name":"Golden Wing","floor":10,"gold_loss":0}],"is_beta":false,"boss_relics":[],"items_purged_floors":[],"is_endless":false,"potions_floor_spawned":[1,2,3],"killed_by":"The Guardian","ascension_level":1}