{"path_per_floor":["M","?","M","M","M","R","?","M","T","M","$","M","R","M","R","B",null,"M","M","?","M","M","R","M","R","T","R","?","M","?","M","R"],"character_chosen":"THE_SILENT","items_purchased":["Tools of the Trade","Finesse"],"gold_per_floor":[109,109,123,137,153,153,253,269,292,309,73,93,93,104,104,200,200,220,209,134,148,162,162,177,177,177,177,127,144,59,76,76],"floor_reached":33,"campfire_rested":4,"playtime":1984,"current_hp_per_floor":[69,69,62,62,58,58,58,47,47,44,44,44,44,40,61,53,70,60,42,42,29,16,37,34,55,55,55,55,51,51,39,61],"items_purged":["Strike_G"],"gold":76,"score":257,"play_id":"1bc8e2d3-5049-4209-aa38-e616d647c078","is_prod":false,"is_daily":false,"is_ascension_mode":true,"campfire_upgraded":3,"path_taken":["M","?","M","M","M","R","?","M","T","?","$","M","R","M","R","BOSS","M","?","?","M","M","R","M","R","T","R","?","M","?","M","R","BOSS"],"build_version":"2018-02-15-PROD1","purchased_purges":1,"victory":false,"master_deck":["Defend_G","Defend_G","Defend_G","Defend_G","Defend_G","Strike_G","Strike_G","Strike_G","Survivor","Neutralize","Accuracy","Noxious Fumes+1","Acrobatics","Leg Sweep","Backflip","Tools of the Trade","Finesse","Poisoned Stab+1","Bouncing Flask","Adrenaline","Cloak And Dagger","Noxious Fumes+1","Catalyst","Poisoned Stab","Cloak And Dagger"],"max_hp_per_floor":[70,70,70,70,70,70,70,70,70,70,70,70,70,70,70,70,70,70,70,70,70,70,70,72,72,72,72,72,72,72,74,74],"relics":["Ring of the Snake","Singing Bowl","The Specimen","Torii","Smiling Mask"],"card_choices":[{"not_picked":["Poisoned Stab","Deadly Poison"],"picked":"Accuracy"},{"not_picked":["Leg Sweep","Skewer"],"picked":"Noxious Fumes"},{"not_picked":["Dagger Throw","Sucker Punch"],"picked":"Acrobatics"},{"not_picked":["Underhanded Strike","Dagger Spray"],"picked":"Leg Sweep"},{"not_picked":["Slice","Sucker Punch"],"picked":"Backflip"},{"not_picked":["Deflect","Bane"],"picked":"Poisoned Stab"},{"not_picked":["Eviscerate","Riddle With Holes"],"picked":"Bouncing Flask"},{"not_picked":["Storm of Steel","Glass Knife"],"picked":"Adrenaline"},{"not_picked":["Bane","Skewer"],"picked":"Cloak And Dagger"},{"not_picked":["Poisoned Stab","Dodge and Roll"],"picked":"Noxious Fumes"},{"not_picked":["Setup","Leg Sweep"],"picked":"Catalyst"},{"not_picked":["Bane","Endless Agony"],"picked":"Poisoned Stab"},{"not_picked":["Outmaneuver","Crippling Poison"],"picked":"Cloak And Dagger"}],"player_experience":146145,"potions_floor_usage":[16,16,21,22,24,31],"damage_taken":[{"damage":1,"enemies":"Jaw Worm","floor":1,"turns":5},{"damage":7,"enemies":"Cultist","floor":3,"turns":4},{"damage":0,"enemies":"Small Slimes","floor":4,"turns":3},{"damage":4,"enemies":"Exordium Wildlife","floor":5,"turns":4},{"damage":11,"enemies":"Lots of Slimes","floor":8,"turns":4},{"damage":3,"enemies":"3 Louse","floor":10,"turns":4},{"damage":0,"enemies":"2 Fungi Beasts","floor":12,"turns":4},{"damage":4,"enemies":"Exordium Wildlife","floor":14,"turns":6},{"damage":23,"enemies":"Slime Boss","floor":16,"turns":10},{"damage":10,"enemies":"3 Byrds","floor":18,"turns":6},{"damage":18,"enemies":"2 Thieves","floor":19,"turns":4},{"damage":13,"enemies":"Snake Plant","floor":21,"turns":5},{"damage":13,"enemies":"Chosen and Byrds","floor":22,"turns":6},{"damage":5,"enemies":"Centurion and Healer","floor":24,"turns":6},{"damage":4,"enemies":"Snake Plant","floor":29,"turns":5},{"damage":14,"enemies":"Cultist and Chosen","floor":31,"turns":6},{"damage":64,"enemies":"Champ","floor":33,"turns":9}],"event_choices":[{"event_name":"The Woman in Blue","player_choice":"Bought 0 Potions","floor":2,"damage_taken":0},{"event_name":"Golden Shrine","player_choice":"Pray","floor":7,"damage_taken":0},{"event_name":"Beggar","player_choice":"Gave Gold","floor":20,"damage_taken":0},{"event_name":"The Joust","player_choice":"Bet on Murderer","floor":28,"damage_taken":0},{"event_name":"Addict","player_choice":"Obtained Relic","floor":30,"damage_taken":0}],"boss_relics":[{"not_picked":["Black Star","White Beast Statue"],"picked":"The Specimen"}],"potions_floor_spawned":[3,5,12,14,18,19,29,31],"seed_played":"8440189506982589829","killed_by":"Champ","ascension_level":1,"is_trial":false}