{"path_per_floor":["M","$","M","?","M","R","M","R","T","?","M","M","R","?","R"],"character_chosen":"THE_SILENT","items_purchased":["Infinite Blades"],"gold_per_floor":[119,40,59,59,72,72,84,84,84,84,107,130,130,130,130,130],"floor_reached":16,"campfire_rested":1,"playtime":733,"current_hp_per_floor":[70,70,70,70,68,68,57,57,57,40,27,22,43,36,36,0],"items_purged":[],"gold":130,"score":92,"play_id":"3fea4829-3139-4548-bea1-77f3b44c4c89","local_time":"20180426203319","is_prod":false,"is_daily":false,"chose_seed":false,"is_ascension_mode":false,"campfire_upgraded":3,"timestamp":1524789199,"path_taken":["M","?","M","?","M","R","M","R","T","?","?","M","R","?","R","BOSS"],"build_version":"2018-04-26","seed_source_timestamp":1059334432847180,"purchased_purges":0,"victory":false,"master_deck":["Defend_G","Defend_G","Defend_G","Defend_G","Defend_G","Strike_G","Strike_G","Strike_G","Survivor","Neutralize+1","Prepared+1","Infinite Blades","Caltrops","Heel Hook+1","Quick Slash","Dagger Spray","Quick Slash"],"max_hp_per_floor":[70,70,70,70,70,70,70,70,70,70,70,70,70,70,70,70],"relics":["Ring of the Snake","Paper Crane","Golden Idol"],"card_choices":[{"not_picked":["Sucker Punch","Underhanded Strike"],"picked":"Prepared","floor":1},{"not_picked":["Heel Hook","Skewer"],"picked":"Caltrops","floor":3},{"not_picked":["Outmaneuver","PiercingWail"],"picked":"Heel Hook","floor":5},{"not_picked":["Flying Knee","PiercingWail"],"picked":"Quick Slash","floor":7},{"not_picked":["Predator","Riddle With Holes"],"picked":"Dagger Spray","floor":11},{"not_picked":["Eviscerate","Underhanded Strike"],"picked":"Quick Slash","floor":12}],"player_experience":952,"potions_floor_usage":[16,16,16],"damage_taken":[{"damage":0,"enemies":"Cultist","floor":1,"turns":4},{"damage":0,"enemies":"Jaw Worm","floor":3,"turns":4},{"damage":2,"enemies":"2 Louse","floor":5,"turns":3},{"damage":11,"enemies":"Exordium Wildlife","floor":7,"turns":7},{"damage":13,"enemies":"Lots of Slimes","floor":11,"turns":5},{"damage":5,"enemies":"3 Louse","floor":12,"turns":4},{"damage":37,"enemies":"Hexaghost","floor":16,"turns":11}],"event_choices":[{"event_name":"Living Wall","player_choice":"Forget","floor":4,"damage_taken":0},{"event_name":"Golden Idol","player_choice":"Take Damage","floor":10,"damage_taken":0},{"event_name":"Golden Wing","player_choice":"Card Removal","floor":14,"damage_taken":0}],"boss_relics":[],"potions_floor_spawned":[5,7,12],"seed_played":"6422865426162186702","killed_by":"Hexaghost","ascension_level":0,"is_trial":false}