{"gold_per_floor":[118,132,152,72,72,72,90,90,90,115,115,126,126,141,141,244,244,256,183,194,211,224,224,242,242,317,337,337],"floor_reached":28,"playtime":1516,"items_purged":[],"score":314,"play_id":"96b52c23-a525-45e1-a259-eb44d6e699f8","local_time":"20181223100013","is_ascension_mode":true,"campfire_choices":[{"data":"Noxious Fumes","floor":6,"key":"SMITH"},{"data":"Noxious Fumes","floor":8,"key":"SMITH"},{"floor":15,"key":"REST"},{"floor":23,"key":"REST"},{"floor":25,"key":"REST"}],"neow_cost":"NONE","seed_source_timestamp":229829416531615,"circlet_count":0,"master_deck":["Defend_G","Defend_G","Defend_G","Defend_G","Defend_G","Strike_G","Strike_G","Strike_G","Strike_G","Strike_G","Survivor","Neutralize+1","Deadly Poison","PiercingWail","Noxious Fumes+1","Footwork","Noxious Fumes+1","Dodge and Roll","Neutralize","Corpse Explosion","Deflect","Night Terror","Escape Plan","Blur","Backflip","Choke+1","Poisoned Stab","Leg Sweep","Deflect+1"],"relics":["Ring of the Snake","NeowsBlessing","Mummified Hand","Darkstone Periapt","Lizard Tail","Mercury Hourglass"],"potions_floor_usage":[14,18,20,21,22,24],"damage_taken":[{"damage":0,"enemies":"Cultist","floor":1,"turns":1},{"damage":0,"enemies":"2 Louse","floor":2,"turns":1},{"damage":0,"enemies":"Small Slimes","floor":3,"turns":1},{"damage":17,"enemies":"Gremlin Gang","floor":7,"turns":5},{"damage":8,"enemies":"Lagavulin","floor":10,"turns":7},{"damage":6,"enemies":"Blue Slaver","floor":12,"turns":4},{"damage":3,"enemies":"Large Slime","floor":14,"turns":5},{"damage":13,"enemies":"Hexaghost","floor":16,"turns":8},{"damage":3,"enemies":"Chosen","floor":18,"turns":6},{"damage":10,"enemies":"Shell Parasite","floor":20,"turns":7},{"damage":12,"enemies":"Snake Plant","floor":21,"turns":5},{"damage":15,"enemies":"Snecko","floor":22,"turns":6},{"damage":41,"enemies":"Chosen and Byrds","floor":24,"turns":9},{"damage":27,"enemies":"Centurion and Healer","floor":27,"turns":8},{"damage":35,"enemies":"Slavers","floor":28,"turns":3}],"seed_played":"-7654503292774681435","potions_obtained":[{"floor":1,"key":"GamblersBrew"},{"floor":7,"key":"GhostInAJar"},{"floor":12,"key":"EssenceOfSteel"},{"floor":14,"key":"FearPotion"},{"floor":18,"key":"SkillPotion"},{"floor":22,"key":"Swift Potion"}],"is_trial":false,"path_per_floor":["M","M","M","$","?","R","M","R","T","E","?","M","$","M","R","B",null,"M","$","M","M","M","R","M","R","T","M","E"],"character_chosen":"THE_SILENT","items_purchased":["Footwork","Blur"],"campfire_rested":3,"item_purchase_floors":[4,19],"current_hp_per_floor":[63,63,63,63,63,63,46,46,46,38,38,32,32,29,50,37,62,59,59,49,37,22,43,2,23,23,35,0],"gold":337,"neow_bonus":"THREE_ENEMY_KILL","is_prod":false,"is_daily":false,"chose_seed":false,"campfire_upgraded":2,"win_rate":0,"timestamp":1545577213,"path_taken":["M","?","?","$","?","R","?","R","T","E","?","M","$","M","R","BOSS","M","$","?","?","M","R","M","R","T","?","E"],"build_version":"2018-12-20","purchased_purges":0,"victory":false,"max_hp_per_floor":[70,70,70,70,70,70,70,70,70,70,70,70,70,70,70,70,70,70,70,70,70,70,70,70,70,70,70,70],"card_choices":[{"not_picked":["Flechettes","Underhanded Strike"],"picked":"Deadly Poison","floor":1},{"not_picked":["Flying Knee","Heel Hook"],"picked":"PiercingWail","floor":2},{"not_picked":["Deadly Poison","Blur"],"picked":"Noxious Fumes","floor":3},{"not_picked":["Dagger Throw","Backstab"],"picked":"Noxious Fumes","floor":7},{"not_picked":["Heel Hook","Dagger Throw"],"picked":"Dodge and Roll","floor":10},{"not_picked":["Setup","Deflect"],"picked":"Corpse Explosion","floor":12},{"not_picked":["Slice","Flechettes"],"picked":"Deflect","floor":14},{"not_picked":["Corpse Explosion","Unload"],"picked":"Night Terror","floor":16},{"not_picked":["Dagger Throw","Backflip"],"picked":"Escape Plan","floor":18},{"not_picked":["Dagger Throw","Acrobatics"],"picked":"Backflip","floor":20},{"not_picked":["Outmaneuver","Flying Knee"],"picked":"Choke+1","floor":21},{"not_picked":["Outmaneuver","Deflect+1"],"picked":"Poisoned Stab","floor":22},{"not_picked":["Riddle With Holes+1","Dodge and Roll"],"picked":"Leg Sweep","floor":24},{"not_picked":["Flying Knee","Blade Dance+1"],"picked":"Deflect+1","floor":27}],"player_experience":356685,"relics_obtained":[{"floor":9,"key":"Mummified Hand"},{"floor":10,"key":"Darkstone Periapt"},{"floor":26,"key":"Mercury Hourglass"}],"event_choices":[{"damage_healed":0,"gold_gain":0,"player_choice":"Forge","damage_taken":0,"max_hp_gain":0,"max_hp_loss":0,"event_name":"Accursed Blacksmith","floor":5,"gold_loss":0,"cards_upgraded":["Neutralize"]},{"damage_healed":0,"gold_gain":0,"player_choice":"1 cards matched","damage_taken":0,"max_hp_gain":0,"max_hp_loss":0,"event_name":"Match and Keep!","floor":11,"gold_loss":0,"cards_obtained":["Neutralize"]}],"is_beta":false,"boss_relics":[{"not_picked":["Fusion Hammer","Snecko Eye"],"picked":"Lizard Tail"}],"items_purged_floors":[],"is_endless":false,"potions_floor_spawned":[1,7,12,14,18,22],"killed_by":"Slavers","ascension_level":8}