{"gold_per_floor":[12,12,28,28,38,38,53,53,53,87,97,131,131,156,156,253,253,268,268,74,274,260,260],"floor_reached":23,"playtime":1851,"items_purged":[],"score":324,"play_id":"74941bc0-3946-4adc-be6c-1c90e02b88de","local_time":"20181209085316","is_ascension_mode":true,"campfire_choices":[{"data":"Neutralize","floor":6,"key":"SMITH"},{"data":"Blade Dance","floor":15,"key":"SMITH"}],"neow_cost":"NO_GOLD","seed_source_timestamp":1333649067117724,"circlet_count":0,"master_deck":["Defend_G","Defend_G","Defend_G","Defend_G","Defend_G","Strike_G","Strike_G","Strike_G","Strike_G","Strike_G","Survivor","Neutralize+1","Well Laid Plans","Masterful Stab","Dagger Spray","Backflip","Burst+1","Masterful Stab","Blade Dance+1","Cloak And Dagger","Bullet Time","Dodge and Roll","Poisoned Stab"],"relics":["Ring of the Snake","Torii","Orichalcum","Kunai","Darkstone Periapt","Smiling Mask","Anchor","Lizard Tail","Toolbox"],"potions_floor_usage":[10,12,16],"damage_taken":[{"damage":1,"enemies":"Jaw Worm","floor":1,"turns":4},{"damage":1,"enemies":"Cultist","floor":3,"turns":3},{"damage":2,"enemies":"Small Slimes","floor":5,"turns":3},{"damage":1,"enemies":"3 Louse","floor":7,"turns":2},{"damage":4,"enemies":"3 Sentries","floor":10,"turns":7},{"damage":1,"enemies":"2 Fungi Beasts","floor":11,"turns":3},{"damage":16,"enemies":"Lagavulin","floor":12,"turns":5},{"damage":11,"enemies":"Gremlin Nob","floor":14,"turns":4},{"damage":10,"enemies":"The Guardian","floor":16,"turns":15},{"damage":1,"enemies":"Shell Parasite","floor":18,"turns":6},{"damage":0,"enemies":"2 Thieves","floor":22,"turns":4},{"damage":121,"enemies":"Gremlin Leader","floor":23,"turns":7}],"seed_played":"5414725680792412995","potions_obtained":[{"floor":1,"key":"Energy Potion"},{"floor":10,"key":"AttackPotion"},{"floor":12,"key":"Dexterity Potion"}],"is_trial":false,"path_per_floor":["M","?","M","$","M","R","M","?","T","E","M","E","?","E","R","B",null,"M","?","$","?","M","E"],"character_chosen":"THE_SILENT","items_purchased":["Toolbox"],"campfire_rested":0,"item_purchase_floors":[20],"current_hp_per_floor":[69,69,68,68,66,66,65,65,65,61,60,44,50,39,39,29,64,63,63,63,63,63,0],"gold":260,"neow_bonus":"ONE_RARE_RELIC","is_prod":false,"is_daily":false,"chose_seed":false,"campfire_upgraded":2,"win_rate":0,"timestamp":1544363596,"path_taken":["M","?","?","$","M","R","M","?","T","E","M","E","?","E","R","BOSS","M","?","$","?","?","E"],"build_version":"2018-12-06","purchased_purges":0,"victory":false,"max_hp_per_floor":[70,70,70,70,70,70,70,70,70,70,70,70,76,76,76,76,76,76,76,76,76,76,76],"card_choices":[{"not_picked":["Flying Knee","Deadly Poison"],"picked":"Well Laid Plans","floor":1},{"not_picked":["Cloak And Dagger","Backflip"],"picked":"Dagger Spray","floor":3},{"not_picked":["Cloak And Dagger","Concentrate"],"picked":"Backflip","floor":5},{"not_picked":["Underhanded Strike","Expertise"],"picked":"Burst","floor":7},{"not_picked":["Prepared","Tactician","Flechettes"],"picked":"SKIP","floor":10},{"not_picked":["Outmaneuver","Cloak And Dagger"],"picked":"Masterful Stab","floor":11},{"not_picked":["Underhanded Strike","Catalyst"],"picked":"Blade Dance","floor":12},{"not_picked":["Dagger Throw","Crippling Poison"],"picked":"Cloak And Dagger","floor":14},{"not_picked":["Burst","Night Terror"],"picked":"Bullet Time","floor":16},{"not_picked":["Heel Hook+1","Outmaneuver"],"picked":"Dodge and Roll","floor":18},{"not_picked":["Concentrate","Setup+1"],"picked":"Poisoned Stab","floor":22}],"player_experience":269267,"relics_obtained":[{"floor":9,"key":"Orichalcum"},{"floor":10,"key":"Kunai"},{"floor":12,"key":"Darkstone Periapt"},{"floor":14,"key":"Anchor"}],"event_choices":[{"damage_healed":0,"gold_gain":0,"player_choice":"1 cards matched","damage_taken":0,"max_hp_gain":0,"max_hp_loss":0,"event_name":"Match and Keep!","floor":2,"gold_loss":0,"cards_obtained":["Masterful Stab"]},{"damage_healed":0,"gold_gain":0,"player_choice":"Grow","damage_taken":0,"max_hp_gain":0,"max_hp_loss":0,"event_name":"Living Wall","floor":8,"gold_loss":0,"cards_upgraded":["Burst"]},{"damage_healed":0,"gold_gain":0,"player_choice":"Box","damage_taken":0,"relics_obtained":["Smiling Mask"],"max_hp_gain":0,"max_hp_loss":0,"event_name":"Big Fish","floor":13,"gold_loss":0,"cards_obtained":["Regret"]},{"cards_removed":["Regret"],"damage_healed":0,"gold_gain":0,"player_choice":"Elegance","damage_taken":0,"max_hp_gain":0,"max_hp_loss":0,"event_name":"Back to Basics","floor":19,"gold_loss":0},{"damage_healed":0,"gold_gain":250,"player_choice":"Bet on Owner","damage_taken":0,"max_hp_gain":0,"max_hp_loss":0,"event_name":"The Joust","floor":21,"gold_loss":50}],"is_beta":false,"boss_relics":[{"not_picked":["Fusion Hammer","Ring of the Serpent"],"picked":"Lizard Tail"}],"items_purged_floors":[],"is_endless":false,"potions_floor_spawned":[1,10,12],"killed_by":"Gremlin Leader","ascension_level":5}