{"path_per_floor":["M","?","?","M","?","R","E","R","T","R","M","M","E","M","R","B",null,"M","?","M","$","?"],"character_chosen":"IRONCLAD","items_purchased":["Anchor","Shrug It Off","Cleave","Thunderclap"],"gold_per_floor":[118,193,153,166,166,166,193,193,193,193,203,216,250,264,264,366,366,377,377,390,42,42],"floor_reached":23,"campfire_rested":3,"playtime":784,"current_hp_per_floor":[72,61,61,53,53,77,51,51,51,75,66,64,45,45,69,23,66,65,65,58,58,42],"items_purged":["Decay"],"gold":42,"score":307,"play_id":"8e04572b-b82e-4b01-950d-35985b85ec84","local_time":"20180321013734","is_prod":false,"is_daily":false,"is_ascension_mode":true,"campfire_upgraded":1,"timestamp":1521614254,"path_taken":["M","?","?","?","?","R","E","R","T","R","?","M","E","M","R","BOSS","M","?","M","$","?","M"],"build_version":"2018-03-15v3","purchased_purges":1,"victory":false,"master_deck":["Strike_R","Strike_R","Strike_R","Strike_R","Strike_R","Defend_R","Defend_R","Defend_R","Defend_R","Bash+1","Shrug It Off","Ghostly Armor","Rampage+1","Metallicize","Shrug It Off+1","Demon Form","Impervious+1","Shrug It Off+1","Cleave","Thunderclap"],"max_hp_per_floor":[80,80,80,80,80,80,80,80,80,80,80,80,80,80,80,80,80,80,77,77,77,77],"relics":["Burning Blood","Ice Cream","Frozen Eye","Toxic Egg 2","Cursed Key","Spirit Poop","Anchor","Nilry\u0027s Codex"],"card_choices":[{"not_picked":["Iron Wave","Hemokinesis"],"picked":"Shrug It Off"},{"not_picked":["Cleave","Dual Wield"],"picked":"Ghostly Armor"},{"not_picked":["Fiend Fire","Bloodletting"],"picked":"Rampage"},{"not_picked":["Clothesline","Anger"],"picked":"Metallicize"},{"not_picked":["Pommel Strike","Sentinel"],"picked":"Shrug It Off"},{"not_picked":["True Grit","Dropkick"],"picked":"Demon Form"},{"not_picked":["Berserk","Juggernaut"],"picked":"Impervious"}],"player_experience":328826,"potions_floor_usage":[7,7,7,16,23,23],"damage_taken":[{"damage":6,"enemies":"Jaw Worm","floor":1,"turns":4},{"damage":14,"enemies":"Small Slimes","floor":4,"turns":5},{"damage":32,"enemies":"Gremlin Nob","floor":7,"turns":4},{"damage":15,"enemies":"2 Louse","floor":11,"turns":4},{"damage":8,"enemies":"Gremlin Gang","floor":12,"turns":6},{"damage":25,"enemies":"3 Sentries","floor":13,"turns":10},{"damage":6,"enemies":"Red Slaver","floor":14,"turns":5},{"damage":64,"enemies":"Slime Boss","floor":16,"turns":9},{"damage":7,"enemies":"Chosen","floor":18,"turns":7},{"damage":13,"enemies":"3 Byrds","floor":20,"turns":7},{"damage":53,"enemies":"Cultist and Chosen","floor":23,"turns":5}],"event_choices":[{"event_name":"World of Goop","player_choice":"Gather Gold","floor":2,"damage_taken":0},{"event_name":"The Woman in Blue","player_choice":"Bought 3 Potions","floor":3,"damage_taken":0},{"event_name":"Wheel of Change","player_choice":"Curse","floor":5,"damage_taken":0},{"event_name":"Bonfire Elementals","player_choice":"CURSE","floor":19,"damage_taken":0},{"event_name":"Cursed Tome","player_choice":"Obtained Book","floor":22,"damage_taken":0}],"boss_relics":[{"not_picked":["Mark of Pain","Runic Dome"],"picked":"Cursed Key"}],"potions_floor_spawned":[4,13,14,16,18],"seed_played":"-2175299780281810526","killed_by":"Cultist and Chosen","ascension_level":11,"is_trial":false}