{"gold_per_floor":[110,110,110,35,51,51,81,100,100,100],"floor_reached":10,"playtime":344,"items_purged":["Strike_R"],"score":129,"play_id":"c86dea86-970f-497b-aba4-743e3884a4cb","local_time":"20190302154147","is_ascension_mode":true,"campfire_choices":[{"data":"Thunderclap","floor":6,"key":"SMITH"}],"neow_cost":"NONE","seed_source_timestamp":0,"circlet_count":0,"master_deck":["AscendersBane","Strike_R","Strike_R","Strike_R+1","Strike_R","Defend_R","Defend_R+1","Defend_R","Defend_R","Bash","Thunderclap+1","Shrug It Off"],"special_seed":0,"relics":["Coffee Dripper","Mercury Hourglass","Dodecahedron"],"potions_floor_usage":[7],"damage_taken":[{"damage":5.0,"enemies":"2 Louse","floor":1.0,"turns":2.0},{"damage":4,"enemies":"Small Slimes","floor":5,"turns":4},{"damage":40,"enemies":"3 Sentries","floor":7,"turns":10},{"damage":0,"enemies":"Jaw Worm","floor":8,"turns":3},{"damage":13,"enemies":"Large Slime","floor":10,"turns":1}],"seed_played":"-464061223534546316","potions_obtained":[{"floor":5,"key":"BloodPotion"},{"floor":8,"key":"Energy Potion"}],"is_trial":false,"path_per_floor":["M","?","?","$","M","R","E","M","T","M"],"character_chosen":"IRONCLAD","items_purchased":[],"campfire_rested":0,"item_purchase_floors":[],"current_hp_per_floor":[63,40,40,40,36,36,3,3,3,0],"gold":100,"neow_bonus":"BOSS_RELIC","is_prod":false,"is_daily":false,"chose_seed":false,"campfire_upgraded":1,"win_rate":0,"timestamp":1551508907,"path_taken":["M","?","?","$","M","R","E","M","T","M"],"build_version":"2019-01-23","purchased_purges":1,"victory":false,"max_hp_per_floor":[75,75,75,75,75,75,75,75,75,75],"card_choices":[{"not_picked":["Pommel Strike","Headbutt"],"picked":"Thunderclap","floor":1.0},{"not_picked":["Shockwave","Heavy Blade","Reckless Charge"],"picked":"SKIP","floor":5},{"not_picked":["Clothesline","Uppercut","Bloodletting"],"picked":"SKIP","floor":7},{"not_picked":["Flex","Cleave"],"picked":"Shrug It Off","floor":8}],"player_experience":987570,"relics_obtained":[{"floor":7,"key":"Mercury Hourglass"},{"floor":9,"key":"Dodecahedron"}],"event_choices":[{"damage_healed":0.0,"max_hp_gain":0.0,"max_hp_loss":0.0,"gold_gain":0.0,"event_name":"Shining Light","player_choice":"Entered Light","floor":2.0,"gold_loss":0.0,"damage_taken":23.0,"cards_upgraded":["Strike_R","Defend_R"]},{"damage_healed":0,"gold_gain":0,"player_choice":"Fled","damage_taken":0,"max_hp_gain":0,"max_hp_loss":0,"event_name":"Scrap Ooze","floor":3,"gold_loss":0}],"is_beta":false,"boss_relics":[],"items_purged_floors":[4],"is_endless":false,"potions_floor_spawned":[5,8],"killed_by":"Large Slime","ascension_level":19}