{"path_per_floor":["M","M","?","?","M","R","E","M","T","$","R","E","M","M","R","B",null,"M","?","$","?","M","R","E","R","T","M","?"],"character_chosen":"IRONCLAD","items_purchased":["Iron Wave","Kunai"],"gold_per_floor":[109,120,120,120,138,138,178,191,191,68,68,109,123,144,144,263,263,251,301,44,44,58,58,102,102,126,151,111],"floor_reached":29,"campfire_rested":1,"playtime":3608,"current_hp_per_floor":[77,75,74,74,63,63,48,45,45,45,45,26,29,35,35,7,55,61,61,61,61,58,58,8,29,29,12,12],"items_purged":["Parasite"],"gold":111,"score":418,"play_id":"edfbe72c-9962-4082-9eca-5d48ecf2f4b7","is_prod":false,"is_daily":false,"is_ascension_mode":true,"campfire_upgraded":4,"path_taken":["M","M","?","?","M","R","E","M","T","$","R","E","M","M","R","BOSS","M","?","$","?","M","R","E","R","T","M","?","E"],"build_version":"2018-02-06-BETA1","purchased_purges":1,"victory":false,"master_deck":["Strike_R","Strike_R","Strike_R","Strike_R","Defend_R","Defend_R","Defend_R","Defend_R+1","Bash+1","Whirlwind","True Grit+1","Burning Pact","Shrug It Off","Body Slam+1","Iron Wave","Iron Wave","Iron Wave+1","Feed","Iron Wave","Entrench+1","Shrug It Off","Spot Weakness","Body Slam","Sentinel","Iron Wave+1","Shrug It Off"],"max_hp_per_floor":[80,80,74,74,74,74,74,74,74,71,71,71,71,71,71,71,71,71,71,71,71,71,71,71,71,71,71,71],"relics":["Burning Blood","Golden Idol","Blue Candle","Peace Pipe","Anchor","Orrery","Kunai","Happy Flower","Art of War","Whetstone"],"card_choices":[{"not_picked":["Headbutt","Carnage"],"picked":"Whirlwind"},{"not_picked":["Anger","Limit Break"],"picked":"True Grit"},{"not_picked":["Perfected Strike","Intimidate"],"picked":"Shrug It Off"},{"not_picked":["Anger","Headbutt"],"picked":"Body Slam"},{"not_picked":["Intimidate","Dual Wield"],"picked":"Iron Wave"},{"not_picked":["Shockwave","Flex"],"picked":"Iron Wave"},{"not_picked":["Immolate","Exhume"],"picked":"Feed"},{"not_picked":["Pummel","Cleave"],"picked":"Iron Wave"},{"not_picked":["Rupture","Pummel"],"picked":"Entrench"},{"not_picked":["Headbutt","Flex"],"picked":"Shrug It Off"},{"not_picked":["Sword Boomerang","Burning Pact"],"picked":"Spot Weakness"},{"not_picked":["Spot Weakness","Wild Strike"],"picked":"Body Slam"},{"not_picked":["Twin Strike","Pommel Strike"],"picked":"Sentinel"},{"not_picked":["Twin Strike","Flex"],"picked":"Iron Wave"},{"not_picked":["Heavy Blade","Clothesline"],"picked":"Shrug It Off"}],"player_experience":714378,"potions_floor_usage":[7,12,12,27,27,29,29,29],"damage_taken":[{"damage":1,"enemies":"Cultist","floor":1,"turns":4},{"damage":8,"enemies":"Small Slimes","floor":2,"turns":3},{"damage":17,"enemies":"Blue Slaver","floor":5,"turns":5},{"damage":21,"enemies":"3 Sentries","floor":7,"turns":9},{"damage":9,"enemies":"Exordium Wildlife","floor":8,"turns":5},{"damage":25,"enemies":"Lagavulin","floor":12,"turns":9},{"damage":3,"enemies":"3 Louse","floor":13,"turns":6},{"damage":0,"enemies":"Lots of Slimes","floor":14,"turns":5},{"damage":34,"enemies":"The Guardian","floor":16,"turns":15},{"damage":0,"enemies":"2 Thieves","floor":18,"turns":4},{"damage":9,"enemies":"Chosen","floor":22,"turns":6},{"damage":56,"enemies":"Book of Stabbing","floor":24,"turns":8},{"damage":23,"enemies":"Snake Plant","floor":27,"turns":6},{"damage":15,"enemies":"Gremlin Leader","floor":29,"turns":11}],"event_choices":[{"event_name":"Golden Idol","player_choice":"Lose Max HP","floor":3,"damage_taken":0},{"event_name":"Transmorgrifier","player_choice":"Transform","floor":4,"damage_taken":0},{"event_name":"The Joust","player_choice":"Bet on Murderer","floor":19,"damage_taken":0},{"event_name":"The Mausoleum","player_choice":"Yes","floor":21,"damage_taken":0},{"event_name":"The Woman in Blue","player_choice":"Bought 3 Potions","floor":28,"damage_taken":0}],"boss_relics":[{"not_picked":["Philosopher\u0027s Stone","White Beast Statue"],"picked":"Orrery"}],"potions_floor_spawned":[5,7,8,13,16,27],"seed_played":"-4531788131160208514","killed_by":"Gremlin Leader","ascension_level":11,"is_trial":false}