{"gold_per_floor":[111,131,406,422,58,58,92,103,129,129,154,187,80,80,80,154,154,174,174,193,118,131,131,156,156,156,169,188,188,287,287,287,287],"floor_reached":33,"playtime":3118,"items_purged":["Regret"],"score":450,"play_id":"8ea3077c-ed9e-4e58-a21a-f0b77da0e308","local_time":"20190303131452","is_ascension_mode":true,"campfire_choices":[{"data":"Dash","floor":6,"key":"SMITH"},{"data":"Sucker Punch","floor":10,"key":"SMITH"},{"data":"Bouncing Flask","floor":15,"key":"SMITH"},{"data":"Crippling Poison","floor":23,"key":"SMITH"},{"data":"Malaise","floor":25,"key":"SMITH"},{"data":"All Out Attack","floor":32,"key":"SMITH"}],"neow_cost":"NONE","seed_source_timestamp":321427638421730,"circlet_count":0,"master_deck":["AscendersBane","Defend_G","Defend_G","Defend_G","Defend_G","Strike_G","Strike_G","Strike_G","Survivor","Neutralize","Flying Knee","Sucker Punch+1","All Out Attack+1","Dash+1","Crippling Poison+1","Venomology","Bouncing Flask+1","Well Laid Plans","Leg Sweep","Malaise+1","Dodge and Roll","Choke","Riddle With Holes"],"relics":["Ring of the Snake","Pen Nib","Centennial Puzzle","Bag of Marbles","Ancient Tea Set","Omamori","Coffee Dripper","Ginger","Mercury Hourglass","Art of War"],"potions_floor_usage":[7,16,16,18,20,22,28,33,33],"damage_taken":[{"damage":0,"enemies":"Small Slimes","floor":1,"turns":7},{"damage":2,"enemies":"Cultist","floor":2,"turns":4},{"damage":6,"enemies":"Jaw Worm","floor":4,"turns":6},{"damage":16,"enemies":"3 Sentries","floor":7,"turns":7},{"damage":3,"enemies":"Looter","floor":8,"turns":3},{"damage":13,"enemies":"Gremlin Nob","floor":12,"turns":4},{"damage":7,"enemies":"Hexaghost","floor":16,"turns":8},{"damage":9,"enemies":"3 Byrds","floor":18,"turns":6},{"damage":22,"enemies":"2 Thieves","floor":20,"turns":4},{"damage":8,"enemies":"3 Cultists","floor":22,"turns":4},{"damage":33,"enemies":"Gremlin Leader","floor":24,"turns":7},{"damage":1,"enemies":"Shelled Parasite and Fungi","floor":27,"turns":5},{"damage":8,"enemies":"Centurion and Healer","floor":28,"turns":6},{"damage":20,"enemies":"Automaton","floor":33,"turns":4}],"seed_played":"3016493214527572068","potions_obtained":[{"floor":1,"key":"Energy Potion"},{"floor":7,"key":"LiquidBronze"},{"floor":16,"key":"SkillPotion"},{"floor":24,"key":"Strength Potion"}],"is_trial":false,"path_per_floor":["M","M","?","M","$","R","E","M","T","R","T","E","$","?","R","B",null,"M","?","M","?","M","R","E","R","T","M","M","?","?","?","R","B"],"character_chosen":"THE_SILENT","items_purchased":["Pen Nib","Dash","Crippling Poison","Well Laid Plans","Leg Sweep"],"campfire_rested":0,"item_purchase_floors":[5,5,5,13,13],"current_hp_per_floor":[70,68,68,62,62,62,46,43,43,43,43,30,30,30,30,23,64,55,77,55,55,61,61,28,28,28,27,19,19,19,19,19,0],"gold":287,"neow_bonus":"TEN_PERCENT_HP_BONUS","is_prod":false,"is_daily":false,"chose_seed":false,"campfire_upgraded":6,"win_rate":0,"timestamp":1551636892,"path_taken":["M","M","?","M","$","R","E","?","T","R","?","E","?","?","R","BOSS","M","?","M","?","M","R","E","R","T","M","M","?","?","?","R","BOSS"],"build_version":"2019-01-23","purchased_purges":1,"victory":false,"max_hp_per_floor":[77,77,77,77,77,77,77,77,77,77,77,77,77,77,77,77,77,77,77,77,77,77,77,77,77,77,77,77,77,77,77,77,77],"card_choices":[{"not_picked":["Eviscerate","Endless Agony"],"picked":"Flying Knee","floor":1},{"not_picked":["Dodge and Roll","Deadly Poison"],"picked":"Sucker Punch","floor":2},{"not_picked":["Terror","Flying Knee"],"picked":"All Out Attack","floor":4},{"not_picked":["Dagger Throw","Blade Dance"],"picked":"Venomology","floor":7},{"not_picked":["Dagger Spray","Blade Dance","Bane"],"picked":"SKIP","floor":8},{"not_picked":["Choke","Slice"],"picked":"Bouncing Flask","floor":12},{"not_picked":["Phantasmal Killer","Night Terror"],"picked":"Malaise","floor":16},{"not_picked":["Poisoned Stab","Bane"],"picked":"Dodge and Roll","floor":18},{"not_picked":["Bane","Expertise","Tactician"],"picked":"SKIP","floor":20},{"not_picked":["Concentrate","Calculated Gamble","Cloak And Dagger+1"],"picked":"SKIP","floor":22},{"not_picked":["Backstab","Die Die Die","Acrobatics"],"picked":"SKIP","floor":24},{"not_picked":["Underhanded Strike","Flying Knee","Bouncing Flask+1"],"picked":"SKIP","floor":27},{"not_picked":["Poisoned Stab","Terror","Quick Slash+1"],"picked":"SKIP","floor":28}],"player_experience":375335,"relics_obtained":[{"floor":7,"key":"Centennial Puzzle"},{"floor":9,"key":"Bag of Marbles"},{"floor":11,"key":"Ancient Tea Set"},{"floor":12,"key":"Omamori"},{"floor":24,"key":"Ginger"},{"floor":26,"key":"Mercury Hourglass"}],"event_choices":[{"damage_healed":0,"gold_gain":275,"player_choice":"Desecrate","damage_taken":0,"max_hp_gain":0,"max_hp_loss":0,"event_name":"Golden Shrine","floor":3,"gold_loss":0,"cards_obtained":["Regret"]},{"damage_healed":0,"gold_gain":0,"player_choice":"Leave","damage_taken":0,"max_hp_gain":0,"max_hp_loss":0,"event_name":"FaceTrader","floor":14,"gold_loss":0},{"damage_healed":25,"gold_gain":0,"player_choice":"Heal","damage_taken":0,"max_hp_gain":0,"max_hp_loss":0,"event_name":"The Library","floor":19,"gold_loss":0},{"cards_removed":["Strike_G"],"damage_healed":0,"gold_gain":0,"player_choice":"Gave Gold","damage_taken":0,"max_hp_gain":0,"max_hp_loss":0,"event_name":"Beggar","floor":21,"gold_loss":75},{"damage_healed":0,"gold_gain":0,"player_choice":"Stole Relic","damage_taken":0,"relics_obtained":["Art of War"],"max_hp_gain":0,"max_hp_loss":0,"event_name":"Addict","floor":29,"gold_loss":0,"cards_obtained":["Shame"]},{"damage_healed":0,"gold_gain":99,"player_choice":"Stole From Cult","damage_taken":0,"max_hp_gain":0,"max_hp_loss":0,"event_name":"Nest","floor":30,"gold_loss":0},{"damage_healed":0,"gold_gain":0,"cards_transformed":["Defend_G","Strike_G"],"player_choice":"Became Test Subject","damage_taken":0,"max_hp_gain":0,"max_hp_loss":0,"event_name":"Drug Dealer","floor":31,"gold_loss":0,"cards_obtained":["Choke","Riddle With Holes"]}],"is_beta":false,"boss_relics":[{"not_picked":["Orrery","Eternal Feather"],"picked":"Coffee Dripper"}],"items_purged_floors":[5],"is_endless":false,"potions_floor_spawned":[1,7,16,24,27],"killed_by":"Automaton","ascension_level":13}