{"gold_per_floor":[110,121,121,138,158,158,187,207,207,207,32,61,61,71,71,166,166,181,196,49,68,68,68,99,119,119,169,182,182,201,1,1,96,96,109,109,109,120,130,130,143,143,191,141,151,151,179,193,193,193],"floor_reached":51,"playtime":6286,"items_purged":["Defend_B","Strike_B"],"score":1025,"play_id":"0c95a7ef-da9a-4342-a5b4-3bad2dd43dd4","local_time":"20190211230159","is_ascension_mode":true,"campfire_choices":[{"floor":6,"key":"REST"},{"floor":10,"key":"REST"},{"floor":13,"key":"REST"},{"data":"Go for the Eyes","floor":15,"key":"SMITH"},{"floor":23,"key":"REST"},{"floor":29,"key":"REST"},{"floor":32,"key":"REST"},{"floor":40,"key":"REST"},{"floor":42,"key":"REST"},{"data":"Coolheaded","floor":46,"key":"SMITH"},{"floor":49,"key":"REST"}],"neow_cost":"NONE","seed_source_timestamp":30779049547700,"circlet_count":0,"master_deck":["AscendersBane","Strike_B+1","Zap","Dualcast","Go for the Eyes+1","Coolheaded+1","Streamline","Gash+1","Rip and Tear","Streamline","Gash","Creative AI+1","Echo Form+1","Barrage+1","FTL+1","Skim","Melter+1","Defragment+1","Defragment+1","Undo","Defragment+1","Conserve Battery+1","Amplify","Coolheaded+1","Conserve Battery+1","Sunder+1","Coolheaded+1","FTL"],"relics":["Nuclear Battery","Bag of Preparation","Frozen Egg 2","Orichalcum","Anchor","Astrolabe","Turnip","Whetstone","Membership Card","Empty Cage","The Courier"],"potions_floor_usage":[2,5,7,12,21,24,33,33,41,47],"damage_taken":[{"damage":1,"enemies":"Cultist","floor":1,"turns":4},{"damage":13,"enemies":"Small Slimes","floor":2,"turns":4},{"damage":0,"enemies":"Jaw Worm","floor":4,"turns":4},{"damage":9,"enemies":"Exordium Thugs","floor":5,"turns":7},{"damage":24,"enemies":"3 Sentries","floor":7,"turns":8},{"damage":2,"enemies":"Looter","floor":8,"turns":3},{"damage":24,"enemies":"Lagavulin","floor":12,"turns":6},{"damage":0,"enemies":"2 Fungi Beasts","floor":14,"turns":3},{"damage":36,"enemies":"Hexaghost","floor":16,"turns":12},{"damage":7,"enemies":"Shell Parasite","floor":18,"turns":4},{"damage":3,"enemies":"3 Byrds","floor":19,"turns":4},{"damage":13,"enemies":"Centurion and Healer","floor":21,"turns":5},{"damage":19,"enemies":"Gremlin Leader","floor":24,"turns":5},{"damage":20,"enemies":"Snecko","floor":25,"turns":4},{"damage":29,"enemies":"3 Cultists","floor":28,"turns":7},{"damage":21,"enemies":"Snake Plant","floor":30,"turns":3},{"damage":35,"enemies":"Champ","floor":33,"turns":13},{"damage":22,"enemies":"3 Darklings","floor":35,"turns":5},{"damage":1,"enemies":"Orb Walker","floor":38,"turns":5},{"damage":6,"enemies":"Sphere and 2 Shapes","floor":39,"turns":7},{"damage":25,"enemies":"Transient","floor":41,"turns":5},{"damage":4,"enemies":"4 Shapes","floor":45,"turns":4},{"damage":1,"enemies":"Giant Head","floor":47,"turns":9},{"damage":9,"enemies":"3 Darklings","floor":48,"turns":6},{"damage":49,"enemies":"Donu and Deca","floor":50,"turns":13}],"seed_played":"-4033167623591375979","potions_obtained":[{"floor":1,"key":"EssenceOfSteel"},{"floor":2,"key":"Fruit Juice"},{"floor":3,"key":"Regen Potion"},{"floor":5,"key":"Block Potion"},{"floor":8,"key":"EssenceOfSteel"},{"floor":12,"key":"GamblersBrew"},{"floor":19,"key":"Block Potion"},{"floor":21,"key":"GamblersBrew"},{"floor":28,"key":"Swift Potion"},{"floor":33,"key":"Regen Potion"},{"floor":38,"key":"Explosive Potion"},{"floor":41,"key":"Weak Potion"},{"floor":47,"key":"Explosive Potion"}],"is_trial":false,"path_per_floor":["M","M","?","M","M","R","E","M","T","R","$","E","R","M","R","B",null,"M","M","$","M","?","R","E","M","T","?","M","R","M","$","R","B",null,"M","?","?","M","M","R","M","R","T","$","M","R","E","M","R","B",null],"character_chosen":"DEFECT","items_purchased":["Orichalcum","Streamline","Defragment+1","Membership Card"],"campfire_rested":9,"item_purchase_floors":[11,11,20,31],"current_hp_per_floor":[67,59,59,59,50,74,50,48,48,72,72,48,72,72,72,36,69,62,59,59,46,46,70,51,31,31,31,2,26,5,5,29,9,62,40,40,40,39,33,57,46,70,70,70,66,66,65,56,80,31],"gold":193,"neow_bonus":"BOSS_RELIC","is_prod":false,"is_daily":false,"chose_seed":false,"campfire_upgraded":2,"win_rate":0,"timestamp":1549944119,"path_taken":["M","M","?","M","M","R","E","M","T","R","?","E","R","?","R","BOSS","M","M","$","M","?","R","E","M","T","?","M","R","?","?","R","BOSS","M","?","?","M","M","R","M","R","T","?","M","R","E","M","R","BOSS"],"build_version":"2019-01-23","purchased_purges":2,"victory":true,"max_hp_per_floor":[75,80,80,80,80,80,80,80,80,80,80,80,80,80,80,80,80,80,80,80,80,80,80,80,80,80,80,80,80,80,80,80,80,80,80,80,80,80,80,80,80,80,80,80,80,80,80,80,80,80],"card_choices":[{"not_picked":["Gash","Compile Driver"],"picked":"Go for the Eyes","floor":1},{"not_picked":["Double Energy","White Noise","Hello World"],"picked":"SKIP","floor":2},{"not_picked":["Go for the Eyes","Compile Driver"],"picked":"Coolheaded","floor":4},{"not_picked":["Hello World","Sweeping Beam"],"picked":"Streamline","floor":5},{"not_picked":["Steam","Compile Driver"],"picked":"Gash","floor":7},{"not_picked":["Static Discharge","Rebound"],"picked":"Rip and Tear","floor":8},{"not_picked":["Tempest","Sweeping Beam"],"picked":"Gash","floor":12},{"not_picked":["Cold Snap","Hologram"],"picked":"Creative AI+1","floor":14},{"not_picked":["Fission","Multi-Cast"],"picked":"Echo Form+1","floor":16},{"not_picked":["Rebound","Stack"],"picked":"Skim","floor":18},{"not_picked":["Compile Driver","Reinforced Body"],"picked":"Melter+1","floor":19},{"not_picked":["Darkness","Steam","Redo"],"picked":"SKIP","floor":21},{"not_picked":["Scrape","Reprogram"],"picked":"Defragment+1","floor":24},{"not_picked":["Steam Power","Barrage+1"],"picked":"Undo","floor":25},{"not_picked":["Turbo+1","FTL+1"],"picked":"Defragment+1","floor":28},{"not_picked":["Barrage","Thunder Strike"],"picked":"Conserve Battery+1","floor":30},{"not_picked":["Rainbow","Thunder Strike"],"picked":"Amplify","floor":33},{"not_picked":["Ball Lightning+1","Cold Snap"],"picked":"Coolheaded+1","floor":35},{"not_picked":["Cold Snap","Stack"],"picked":"Conserve Battery+1","floor":38},{"not_picked":["Blizzard","Hologram"],"picked":"Sunder+1","floor":39},{"not_picked":["Compile Driver+1","Tempest+1","Creative AI+1"],"picked":"SKIP","floor":41},{"not_picked":["Turbo+1","Rebound"],"picked":"Coolheaded+1","floor":45},{"not_picked":["Thunder Strike","Gash"],"picked":"FTL","floor":47},{"not_picked":["Hologram","Streamline+1","Compile Driver"],"picked":"SKIP","floor":48}],"player_experience":1166699,"relics_obtained":[{"floor":7,"key":"Bag of Preparation"},{"floor":9,"key":"Frozen Egg 2"},{"floor":12,"key":"Anchor"},{"floor":24,"key":"Turnip"},{"floor":26,"key":"Whetstone"},{"floor":47,"key":"The Courier"}],"event_choices":[{"damage_healed":0,"gold_gain":0,"player_choice":"Got Potions","damage_taken":0,"max_hp_gain":0,"max_hp_loss":0,"event_name":"Lab","floor":3,"gold_loss":0},{"damage_healed":0,"gold_gain":0,"player_choice":"Ignored","damage_taken":0,"max_hp_gain":0,"max_hp_loss":0,"event_name":"Ghosts","floor":22,"gold_loss":0},{"damage_healed":0,"gold_gain":100,"player_choice":"Bet on Murderer","damage_taken":0,"max_hp_gain":0,"max_hp_loss":0,"event_name":"The Joust","floor":27,"gold_loss":50},{"damage_healed":0,"gold_gain":0,"player_choice":"Ignored","damage_taken":0,"max_hp_gain":0,"max_hp_loss":0,"event_name":"Mysterious Sphere","floor":36,"gold_loss":0},{"cards_removed":["Rip and Tear"],"damage_healed":0,"gold_gain":0,"player_choice":"Removed Attack","damage_taken":0,"max_hp_gain":0,"max_hp_loss":0,"event_name":"Falling","floor":37,"gold_loss":0}],"is_beta":false,"boss_relics":[{"not_picked":["Velvet Choker","Orrery"],"picked":"Astrolabe"},{"not_picked":["Calling Bell","White Beast Statue"],"picked":"Empty Cage"}],"items_purged_floors":[20,44],"is_endless":false,"potions_floor_spawned":[1,2,5,8,12,19,21,28,33,38,41,45,47],"ascension_level":11}