{"gold_per_floor":[119,119,133,27,43,10,10,10,10,10,0,0],"floor_reached":12,"playtime":469,"items_purged":[],"score":133,"play_id":"62bfbc16-e6e5-4943-9a3e-30590d6537b0","local_time":"20190303190641","is_ascension_mode":true,"campfire_choices":[{"data":"Darkness","floor":7,"key":"SMITH"}],"neow_cost":"NONE","seed_source_timestamp":147322086997556,"circlet_count":0,"master_deck":["AscendersBane","Strike_B","Strike_B","Strike_B","Strike_B","Defend_B","Defend_B","Defend_B","Defend_B","Zap","Dualcast","Darkness+1","Defragment","Hologram","Self Repair","Genetic Algorithm","Conserve Battery","Consume"],"relics":["Cracked Core","Dream Catcher"],"potions_floor_usage":[6,6,8],"damage_taken":[{"damage":0,"enemies":"2 Louse","floor":1,"turns":5},{"damage":1,"enemies":"Small Slimes","floor":3,"turns":4},{"damage":6,"enemies":"Cultist","floor":5,"turns":4},{"damage":37,"enemies":"Exordium Thugs","floor":6,"turns":6},{"damage":25,"enemies":"3 Sentries","floor":8,"turns":8},{"damage":6,"enemies":"Looter","floor":11,"turns":4},{"damage":10,"enemies":"Exordium Wildlife","floor":12,"turns":2}],"seed_played":"6109734661675465724","potions_obtained":[{"floor":1,"key":"SpeedPotion"},{"floor":5,"key":"PowerPotion"},{"floor":6,"key":"SmokeBomb"}],"is_trial":false,"path_per_floor":["M","$","M","$","M","M","R","E","T","?","M","M"],"character_chosen":"DEFECT","items_purchased":["Hologram","Self Repair"],"campfire_rested":0,"item_purchase_floors":[4,4],"current_hp_per_floor":[64,64,63,63,64,27,27,9,9,9,10,0],"gold":0,"neow_bonus":"THREE_CARDS","is_prod":false,"is_daily":false,"chose_seed":false,"campfire_upgraded":1,"win_rate":0,"timestamp":1551636401,"path_taken":["M","$","M","$","M","M","R","E","T","?","M","M"],"build_version":"2019-01-23","purchased_purges":0,"victory":false,"max_hp_per_floor":[71,71,71,71,71,71,71,71,71,71,71,71],"card_choices":[{"not_picked":["Beam Cell","Rebound"],"picked":"Darkness","floor":0},{"not_picked":["Chill","Ball Lightning"],"picked":"Defragment","floor":1},{"not_picked":["Scrape","Gash","Streamline"],"picked":"SKIP","floor":3},{"not_picked":["Gash","Turbo"],"picked":"Genetic Algorithm","floor":5},{"not_picked":["Machine Learning","Steam"],"picked":"Conserve Battery","floor":6},{"not_picked":["Leap","Tempest"],"picked":"Consume","floor":11}],"player_experience":801692,"relics_obtained":[{"floor":9,"key":"Dream Catcher"}],"event_choices":[{"damage_healed":0,"gold_gain":0,"player_choice":"Ignored","damage_taken":0,"max_hp_gain":0,"max_hp_loss":0,"event_name":"Liars Game","floor":10,"gold_loss":0}],"is_beta":false,"boss_relics":[],"items_purged_floors":[],"is_endless":false,"potions_floor_spawned":[1,5,6],"killed_by":"Exordium Wildlife","ascension_level":14}