{"gold_per_floor":[118,118,134,147,72,107,107,107,107,121,160,140,178,196,196,289,289,312,326,326],"floor_reached":20,"playtime":1565,"items_purged":["Regret"],"score":359,"play_id":"1d2489ab-5643-482a-9d32-ee5f02ee24a9","local_time":"20190116121300","is_ascension_mode":true,"campfire_choices":[{"floor":7.0,"key":"REST"},{"floor":15,"key":"REST"}],"neow_cost":"NONE","seed_source_timestamp":168446596740519,"circlet_count":0,"master_deck":["AscendersBane","Defend_G","Defend_G","Defend_G","Defend_G","Defend_G","Strike_G","Strike_G","Strike_G","Strike_G","Strike_G","Survivor","Neutralize","Slice","Tools of the Trade","Flying Knee","Crippling Poison","Backstab","Deflect","Corpse Explosion","Noxious Fumes+1"],"special_seed":0,"relics":["Runic Pyramid","Singing Bowl","The Specimen","Golden Idol","Kunai","Prayer Wheel","Bottled Lightning","Black Star"],"potions_floor_usage":[16,20],"damage_taken":[{"damage":0.0,"enemies":"Jaw Worm","floor":1.0,"turns":5.0},{"damage":6.0,"enemies":"2 Louse","floor":3.0,"turns":4.0},{"damage":4.0,"enemies":"Cultist","floor":4.0,"turns":5.0},{"damage":17.0,"enemies":"3 Sentries","floor":6.0,"turns":8.0},{"damage":2.0,"enemies":"Blue Slaver","floor":10.0,"turns":5.0},{"damage":10.0,"enemies":"Lagavulin","floor":11.0,"turns":10.0},{"damage":44.0,"enemies":"Gremlin Nob","floor":13.0,"turns":5.0},{"damage":6,"enemies":"Gremlin Gang","floor":14,"turns":6},{"damage":5,"enemies":"Hexaghost","floor":16,"turns":20},{"damage":35,"enemies":"Spheric Guardian","floor":18,"turns":12},{"damage":21,"enemies":"3 Byrds","floor":19,"turns":4},{"damage":15,"enemies":"Colosseum Slavers","floor":20,"turns":1}],"seed_played":"709854879139147346","potions_obtained":[{"floor":1.0,"key":"AttackPotion"},{"floor":10.0,"key":"LiquidBronze"},{"floor":12.0,"key":"FairyPotion"},{"floor":14,"key":"SpeedPotion"},{"floor":19,"key":"FearPotion"}],"is_trial":false,"path_per_floor":["M","?","M","M","$","E","R","?","T","M","E","?","E","M","R","B",null,"M","M","?"],"character_chosen":"THE_SILENT","items_purchased":[],"campfire_rested":2,"item_purchase_floors":[],"current_hp_per_floor":[59,59,55,51,51,34,54,31,31,31,23,23,7,1,22,17,58,27,8,0],"gold":326,"neow_bonus":"BOSS_RELIC","is_prod":false,"is_daily":false,"chose_seed":false,"campfire_upgraded":0,"win_rate":0,"timestamp":1547633580,"path_taken":["M","?","M","M","$","E","R","?","T","M","E","?","E","M","R","BOSS","M","M","?"],"build_version":"2019-01-10","purchased_purges":1,"victory":false,"max_hp_per_floor":[66,66,68,68,68,68,68,68,68,70,72,72,72,72,72,72,72,76,78,78],"card_choices":[{"not_picked":["Sucker Punch","Outmaneuver"],"picked":"Slice","floor":1.0},{"not_picked":["Deadly Poison","Flechettes","Slice"],"picked":"Singing Bowl","floor":3.0},{"not_picked":["Finisher","Backflip"],"picked":"Tools of the Trade","floor":4.0},{"not_picked":["Underhanded Strike","Outmaneuver"],"picked":"Flying Knee","floor":6.0},{"not_picked":["Catalyst","Underhanded Strike","Deadly Poison"],"picked":"Singing Bowl","floor":10.0},{"not_picked":["Prepared","Deadly Poison","Acrobatics"],"picked":"Singing Bowl","floor":11.0},{"not_picked":["Well Laid Plans","Flechettes"],"picked":"Crippling Poison","floor":13.0},{"not_picked":["Unload","Deflect"],"picked":"Backstab","floor":14},{"not_picked":["Dagger Throw","Quick Slash"],"picked":"Deflect","floor":14},{"not_picked":["Night Terror","Wraith Form v2"],"picked":"Corpse Explosion","floor":16},{"not_picked":["Acrobatics","Dodge and Roll","Poisoned Stab"],"picked":"Singing Bowl","floor":18},{"not_picked":["Backflip","Crippling Poison","Finisher"],"picked":"Singing Bowl","floor":18},{"not_picked":["Dodge and Roll","Leg Sweep"],"picked":"Noxious Fumes+1","floor":19},{"not_picked":["Acrobatics","Reflex","Deadly Poison"],"picked":"Singing Bowl","floor":19}],"player_experience":303092,"relics_obtained":[{"floor":6.0,"key":"The Specimen"},{"floor":9.0,"key":"Kunai"},{"floor":11.0,"key":"Prayer Wheel"},{"floor":13.0,"key":"Bottled Lightning"}],"event_choices":[{"damage_healed":0.0,"max_hp_gain":0.0,"max_hp_loss":0.0,"gold_gain":0.0,"event_name":"Big Fish","player_choice":"Box","floor":2.0,"gold_loss":0.0,"damage_taken":0.0,"relics_obtained":["Singing Bowl"],"cards_obtained":["Regret"]},{"damage_healed":0.0,"max_hp_gain":0.0,"max_hp_loss":0.0,"gold_gain":0.0,"event_name":"Golden Idol","player_choice":"Take Damage","floor":8.0,"gold_loss":0.0,"damage_taken":23.0,"relics_obtained":["Golden Idol"]},{"damage_healed":0.0,"max_hp_gain":0.0,"max_hp_loss":0.0,"gold_gain":0.0,"event_name":"The Woman in Blue","player_choice":"Bought 1 Potion","floor":12.0,"gold_loss":0.0,"damage_taken":0.0},{"damage_healed":0,"gold_gain":0,"player_choice":"Fight","damage_taken":0,"max_hp_gain":0,"max_hp_loss":0,"event_name":"Colosseum","floor":20,"gold_loss":0}],"is_beta":false,"boss_relics":[{"not_picked":["Velvet Choker","Ectoplasm"],"picked":"Black Star"}],"items_purged_floors":[5],"is_endless":false,"potions_floor_spawned":[1,10,14,19],"killed_by":"Colosseum Slavers","ascension_level":17}