{"path_per_floor":["M","$","?","M","M","R","M","M","T","$","R","M","$","M","R","B",null,"M","M","M","$","?","M"],"character_chosen":"DEFECT","items_purchased":["Doom and Gloom","Fusion","Rainbow"],"gold_per_floor":[119,38,113,124,136,136,155,174,174,16,16,32,32,51,51,147,147,165,185,198,38,38,54,54],"floor_reached":24,"campfire_rested":1,"playtime":1636,"current_hp_per_floor":[74,74,63,53,49,49,49,45,45,45,45,26,26,25,47,8,75,72,58,23,23,23,17,0],"items_purged":[],"gold":54,"score":192,"play_id":"23d9aea2-07ff-4423-9e32-d36e4da5bb30","local_time":"20180427203402","is_prod":false,"is_daily":false,"chose_seed":false,"is_ascension_mode":false,"campfire_upgraded":2,"timestamp":1524875642,"path_taken":["M","?","?","M","M","R","?","M","T","$","R","M","$","?","R","BOSS","M","M","M","$","?","M","M"],"build_version":"2018-04-26v2","seed_source_timestamp":1144874700347930,"purchased_purges":1,"victory":false,"master_deck":["Strike_B","Strike_B","Strike_B","Strike_B","Defend_B","Defend_B","Defend_B","Defend_B","Zap","Dualcast+1","Darkness","Coolheaded","Doom and Gloom","Ball Lightning","Leap","Coolheaded","Tempest","Fusion+1","Chill","Redo","Leap+1","Allocate+1","Rainbow","Defragment","Glacier"],"max_hp_per_floor":[75,75,75,75,75,75,75,75,75,75,75,75,75,75,75,75,75,75,75,75,75,75,75,75],"relics":["Cracked Core","Ginger","Eternal Feather"],"card_choices":[{"not_picked":["Turbo","Sweeping Beam"],"picked":"Darkness","floor":0},{"not_picked":["Heatsinks","Hello World"],"picked":"Coolheaded","floor":1},{"not_picked":["Go for the Eyes","Barrage"],"picked":"Ball Lightning","floor":4},{"not_picked":["Rebound","Stack"],"picked":"Leap","floor":5},{"not_picked":["Capacitor","Beam Cell"],"picked":"Coolheaded","floor":7},{"not_picked":["Sweeping Beam","Hello World"],"picked":"Tempest","floor":8},{"not_picked":["Capacitor","Tempest"],"picked":"Chill","floor":14},{"not_picked":["Creative AI","Hyperbeam"],"picked":"Redo","floor":16},{"not_picked":["Coolheaded","Flux Capacitor"],"picked":"Leap","floor":19},{"not_picked":["Capacitor","Turbo"],"picked":"Allocate","floor":20},{"not_picked":["Tempest","Capacitor"],"picked":"Glacier","floor":23}],"player_experience":25221,"potions_floor_usage":[12,20,23,24],"damage_taken":[{"damage":1,"enemies":"Cultist","floor":1,"turns":4},{"damage":10,"enemies":"Small Slimes","floor":4,"turns":3},{"damage":4,"enemies":"Jaw Worm","floor":5,"turns":3},{"damage":0,"enemies":"Exordium Wildlife","floor":7,"turns":3},{"damage":4,"enemies":"Exordium Thugs","floor":8,"turns":4},{"damage":19,"enemies":"Gremlin Gang","floor":12,"turns":3},{"damage":1,"enemies":"Looter","floor":14,"turns":3},{"damage":39,"enemies":"Hexaghost","floor":16,"turns":10},{"damage":3,"enemies":"Shell Parasite","floor":18,"turns":6},{"damage":14,"enemies":"Spheric Guardian","floor":19,"turns":4},{"damage":35,"enemies":"Centurion and Healer","floor":20,"turns":13},{"damage":6,"enemies":"Snake Plant","floor":23,"turns":4},{"damage":20,"enemies":"Cultist and Chosen","floor":24,"turns":8}],"event_choices":[{"event_name":"World of Goop","player_choice":"Gather Gold","floor":3,"damage_taken":0},{"event_name":"The Library","player_choice":"Read","floor":22,"damage_taken":0}],"boss_relics":[{"not_picked":["Runic Pyramid","Velvet Choker"],"picked":"Eternal Feather"}],"potions_floor_spawned":[8,16,18,23],"seed_played":"1042442084853092532","killed_by":"Cultist and Chosen","ascension_level":0,"is_trial":false}