{"gold_per_floor":[116,266,191,191,191,225,225,264,334,350,350],"floor_reached":11,"playtime":375,"items_purged":["Doubt"],"score":252,"play_id":"d7d6724c-4b61-40a4-b0b1-0b21fdcb633a","local_time":"20190302163046","is_ascension_mode":true,"campfire_choices":[{"data":"Bash","floor":7,"key":"SMITH"}],"neow_cost":"NONE","seed_source_timestamp":69265682962290,"circlet_count":0,"master_deck":["AscendersBane","Strike_R","Strike_R","Strike_R","Strike_R","Strike_R","Defend_R","Defend_R","Defend_R","Defend_R","Bash+1","Sword Boomerang"],"relics":["Burning Blood","NeowsBlessing","Golden Idol","Turnip","Bag of Preparation","Pantograph","Bottled Lightning"],"potions_floor_usage":[11,11],"damage_taken":[{"damage":0,"enemies":"2 Louse","floor":1,"turns":1},{"damage":0,"enemies":"Lagavulin","floor":6,"turns":1},{"damage":0,"enemies":"Gremlin Nob","floor":8,"turns":1},{"damage":0,"enemies":"Small Slimes","floor":10,"turns":3},{"damage":65,"enemies":"Lagavulin","floor":11,"turns":7}],"seed_played":"-4777721535250617754","potions_obtained":[{"floor":6,"key":"BloodPotion"},{"floor":10,"key":"Weak Potion"}],"is_trial":false,"path_per_floor":["M","?","$","?","?","E","R","E","T","M","E"],"character_chosen":"IRONCLAD","items_purchased":[],"campfire_rested":0,"item_purchase_floors":[],"current_hp_per_floor":[74,74,74,48,22,28,28,34,34,40,0],"gold":350,"neow_bonus":"THREE_ENEMY_KILL","is_prod":false,"is_daily":false,"chose_seed":false,"campfire_upgraded":1,"win_rate":0,"timestamp":1551511846,"path_taken":["M","?","$","?","?","E","R","E","T","M","E"],"build_version":"2019-01-23","purchased_purges":1,"victory":false,"max_hp_per_floor":[75,75,75,75,75,75,75,75,75,75,75],"card_choices":[{"not_picked":["Perfected Strike","Havoc","Combust"],"picked":"SKIP","floor":1},{"not_picked":["Iron Wave","Clothesline","Shockwave"],"picked":"SKIP","floor":6},{"not_picked":["Rage","Disarm"],"picked":"Sword Boomerang","floor":8},{"not_picked":["Double Tap","Iron Wave","Reckless Charge"],"picked":"SKIP","floor":10}],"player_experience":989841,"relics_obtained":[{"floor":6,"key":"Bag of Preparation"},{"floor":8,"key":"Pantograph"},{"floor":9,"key":"Bottled Lightning"}],"event_choices":[{"damage_healed":0,"gold_gain":150,"player_choice":"AGREE","damage_taken":0,"max_hp_gain":0,"max_hp_loss":0,"event_name":"Liars Game","floor":2,"gold_loss":0,"cards_obtained":["Doubt"]},{"damage_healed":0,"gold_gain":0,"player_choice":"Take Damage","damage_taken":26,"relics_obtained":["Golden Idol"],"max_hp_gain":0,"max_hp_loss":0,"event_name":"Golden Idol","floor":4,"gold_loss":0},{"damage_healed":0,"gold_gain":0,"player_choice":"Success","damage_taken":26,"relics_obtained":["Turnip"],"max_hp_gain":0,"max_hp_loss":0,"event_name":"Scrap Ooze","floor":5,"gold_loss":0}],"is_beta":false,"boss_relics":[],"items_purged_floors":[3],"is_endless":false,"potions_floor_spawned":[6,10],"killed_by":"Lagavulin","ascension_level":19}