{"gold_per_floor":[112,132,82,102,115,115,147,147,147,147,163,179,189,189],"floor_reached":14,"playtime":1615,"items_purged":[],"score":146,"play_id":"0983503b-438f-40c8-a2e0-655dd1bab8f5","local_time":"20190207110620","is_ascension_mode":true,"campfire_choices":[{"floor":6,"key":"REST"},{"floor":8,"key":"REST"}],"neow_cost":"NONE","seed_source_timestamp":174495402073485,"circlet_count":0,"master_deck":["AscendersBane","Defend_G","Defend_G","Defend_G","Strike_G","Strike_G","Survivor","Neutralize","Phantasmal Killer+1","Slice+1","Burst+1","Leg Sweep","Deflect","Well Laid Plans","Crippling Poison","Noxious Fumes","Cloak And Dagger","Infinite Blades"],"relics":["Astrolabe","Smiling Mask","Dodecahedron"],"potions_floor_usage":[5,11,14],"damage_taken":[{"damage":1,"enemies":"Cultist","floor":1,"turns":5},{"damage":0,"enemies":"2 Louse","floor":2,"turns":2},{"damage":0,"enemies":"Jaw Worm","floor":4,"turns":6},{"damage":19,"enemies":"Gremlin Gang","floor":5,"turns":9},{"damage":58,"enemies":"Gremlin Nob","floor":7,"turns":8},{"damage":9,"enemies":"Large Slime","floor":11,"turns":8},{"damage":0,"enemies":"Blue Slaver","floor":12,"turns":5},{"damage":0,"enemies":"Looter","floor":13,"turns":5},{"damage":18,"enemies":"Gremlin Gang","floor":14,"turns":2}],"seed_played":"2656646243893748175","potions_obtained":[{"floor":4,"key":"SpeedPotion"},{"floor":7,"key":"EssenceOfSteel"},{"floor":11,"key":"SpeedPotion"},{"floor":12,"key":"FearPotion"}],"is_trial":false,"path_per_floor":["M","M","?","M","M","R","E","R","T","?","M","M","M","M"],"character_chosen":"THE_SILENT","items_purchased":[],"campfire_rested":2,"item_purchase_floors":[],"current_hp_per_floor":[62,62,62,62,43,64,6,27,27,27,18,18,18,0],"gold":189,"neow_bonus":"BOSS_RELIC","is_prod":false,"is_daily":false,"chose_seed":false,"campfire_upgraded":0,"win_rate":0,"timestamp":1549555580,"path_taken":["M","?","?","M","M","R","E","R","T","?","M","?","M","M"],"build_version":"2019-01-23","purchased_purges":0,"victory":false,"max_hp_per_floor":[70,70,70,70,70,70,70,70,70,70,70,70,70,70],"card_choices":[{"not_picked":["Sucker Punch","Concentrate","Tactician"],"picked":"SKIP","floor":1},{"not_picked":["Acrobatics","Dagger Throw"],"picked":"Leg Sweep","floor":2},{"not_picked":["Catalyst","Reflex"],"picked":"Deflect","floor":4},{"not_picked":["Eviscerate","Endless Agony"],"picked":"Well Laid Plans","floor":5},{"not_picked":["PiercingWail","Bullet Time"],"picked":"Crippling Poison","floor":7},{"not_picked":["Underhanded Strike","Blade Dance"],"picked":"Cloak And Dagger","floor":11},{"not_picked":["Sucker Punch","Underhanded Strike","Backflip"],"picked":"SKIP","floor":12},{"not_picked":["Catalyst","Flying Knee"],"picked":"Infinite Blades","floor":13}],"player_experience":1129803,"relics_obtained":[{"floor":7,"key":"Smiling Mask"},{"floor":9,"key":"Dodecahedron"}],"event_choices":[{"cards_removed":["Defend_G"],"damage_healed":0,"gold_gain":0,"player_choice":"Card Removal","damage_taken":0,"max_hp_gain":0,"max_hp_loss":0,"event_name":"The Cleric","floor":3,"gold_loss":50},{"damage_healed":0,"gold_gain":0,"cards_transformed":["Defend_G"],"player_choice":"Transformed","damage_taken":0,"max_hp_gain":0,"max_hp_loss":0,"event_name":"Transmorgrifier","floor":10,"gold_loss":0,"cards_obtained":["Noxious Fumes"]}],"is_beta":false,"boss_relics":[],"items_purged_floors":[],"is_endless":false,"potions_floor_spawned":[4,7,11,12],"killed_by":"Gremlin Gang","ascension_level":11}