{"gold_per_floor":[119,136,136,136,44,72,37,37,37,52,52,67,96,121,121,217,217,229,144,69,69,81,139,139,170,170,170,180,230,240,272,272,272],"floor_reached":33,"playtime":3960,"items_purged":[],"score":469,"play_id":"a7b3a5c0-e05d-4b8d-9b1e-b20649645e7c","local_time":"20181223080428","is_ascension_mode":true,"campfire_choices":[{"data":"Prepared","floor":8.0,"key":"SMITH"},{"floor":15.0,"key":"REST"},{"floor":27,"key":"REST"},{"floor":32,"key":"REST"}],"neow_cost":"NONE","seed_source_timestamp":450727858361216,"circlet_count":0,"master_deck":["Defend_G","Defend_G","Defend_G","Defend_G","Strike_G","Strike_G+1","Strike_G","Strike_G+1","Survivor","Neutralize","Infinite Blades+1","Tactician","Finesse","Prepared+1","Dagger Throw","Crippling Poison","Poisoned Stab","Unload","Leg Sweep+1","Finisher+1","Accuracy","Acrobatics","Quick Slash+1"],"special_seed":0,"relics":["Ring of the Snake","NeowsBlessing","Bag of Marbles","Whetstone","Ninja Scroll","Odd Mushroom","Omamori","Busted Crown","Bag of Preparation","Tiny Chest","MutagenicStrength","Orichalcum","Molten Egg 2","Pocketwatch"],"potions_floor_usage":[33],"damage_taken":[{"damage":0.0,"enemies":"Small Slimes","floor":1.0,"turns":1.0},{"damage":0.0,"enemies":"2 Louse","floor":2.0,"turns":1.0},{"damage":0.0,"enemies":"3 Sentries","floor":6.0,"turns":2.0},{"damage":0.0,"enemies":"Cultist","floor":10.0,"turns":3.0},{"damage":0.0,"enemies":"Large Slime","floor":12.0,"turns":3.0},{"damage":6.0,"enemies":"The Mushroom Lair","floor":13.0,"turns":3.0},{"damage":13.0,"enemies":"Gremlin Nob","floor":14.0,"turns":3.0},{"damage":13.0,"enemies":"Hexaghost","floor":16.0,"turns":9.0},{"damage":0.0,"enemies":"2 Thieves","floor":18.0,"turns":3.0},{"damage":8,"enemies":"Chosen","floor":22,"turns":2},{"damage":37,"enemies":"Gremlin Leader","floor":23,"turns":10},{"damage":0,"enemies":"Slavers","floor":25,"turns":5},{"damage":0,"enemies":"3 Cultists","floor":28,"turns":4},{"damage":0,"enemies":"Snecko","floor":30,"turns":2},{"damage":9,"enemies":"Book of Stabbing","floor":31,"turns":3},{"damage":78,"enemies":"Collector","floor":33,"turns":10}],"seed_played":"242610788715761421","potions_obtained":[{"floor":2.0,"key":"AttackPotion"},{"floor":6.0,"key":"Poison Potion"},{"floor":14.0,"key":"Swift Potion"},{"floor":25,"key":"Ancient Potion"}],"is_trial":false,"path_per_floor":["M","M","?","?","$","E","?","R","T","M","$","M","?","E","R","B",null,"M","M","?","?","?","M","E","?","E","T","R","M","?","M","E","R","B"],"character_chosen":"THE_SILENT","items_purchased":["Finesse"],"campfire_rested":3,"item_purchase_floors":[5],"current_hp_per_floor":[63,63,63,51,51,51,68,68,68,68,68,68,62,49,70,57,67,67,67,67,67,59,22,22,22,22,43,43,43,43,34,55,0],"gold":272,"neow_bonus":"THREE_ENEMY_KILL","is_prod":false,"is_daily":false,"chose_seed":false,"campfire_upgraded":1,"win_rate":0,"timestamp":1545545068,"path_taken":["M","M","?","?","$","E","?","R","T","M","$","M","?","E","R","BOSS","M","?","?","?","?","E","?","E","T","R","M","?","M","E","R","BOSS"],"build_version":"2018-12-20","purchased_purges":0,"victory":false,"max_hp_per_floor":[70,70,70,70,70,70,70,70,70,70,70,70,70,70,70,70,70,70,70,70,70,70,70,70,70,70,70,70,70,70,70,70,70],"card_choices":[{"not_picked":["Dagger Spray","Outmaneuver"],"picked":"Infinite Blades","floor":1.0},{"not_picked":["Sucker Punch","Dagger Spray"],"picked":"Tactician","floor":2.0},{"not_picked":["Dagger Spray","Envenom"],"picked":"Prepared","floor":6.0},{"not_picked":["Acrobatics","Dagger Spray"],"picked":"Dagger Throw","floor":10.0},{"not_picked":["Distraction","Bane"],"picked":"Crippling Poison","floor":12.0},{"not_picked":["Outmaneuver","Distraction"],"picked":"Poisoned Stab","floor":13.0},{"not_picked":["Calculated Gamble","Dodge and Roll","Endless Agony"],"picked":"SKIP","floor":14.0},{"not_picked":["Doppelganger","Storm of Steel"],"picked":"Unload","floor":16.0},{"not_picked":[],"picked":"Leg Sweep+1","floor":18},{"not_picked":["All Out Attack+1"],"picked":"SKIP","floor":22},{"not_picked":[],"picked":"Finisher+1","floor":23},{"not_picked":["Deadly Poison"],"picked":"SKIP","floor":25},{"not_picked":[],"picked":"Accuracy","floor":28},{"not_picked":[],"picked":"Acrobatics","floor":30},{"not_picked":[],"picked":"Quick Slash+1","floor":31}],"player_experience":138107,"relics_obtained":[{"floor":6.0,"key":"Whetstone"},{"floor":9.0,"key":"Ninja Scroll"},{"floor":13.0,"key":"Odd Mushroom"},{"floor":14.0,"key":"Omamori"},{"floor":23,"key":"Tiny Chest"},{"floor":25,"key":"Orichalcum"},{"floor":26,"key":"Molten Egg 2"},{"floor":31,"key":"Pocketwatch"}],"event_choices":[{"damage_healed":0.0,"max_hp_gain":0.0,"max_hp_loss":0.0,"gold_gain":0.0,"event_name":"Living Wall","player_choice":"Grow","floor":3.0,"gold_loss":0.0,"damage_taken":0.0,"cards_upgraded":["Infinite Blades"]},{"damage_healed":0.0,"max_hp_gain":0.0,"max_hp_loss":0.0,"gold_gain":0.0,"event_name":"Scrap Ooze","player_choice":"Success","floor":4.0,"gold_loss":0.0,"damage_taken":12.0,"relics_obtained":["Bag of Marbles"]},{"damage_healed":17.0,"max_hp_gain":0.0,"max_hp_loss":0.0,"gold_gain":0.0,"event_name":"The Cleric","player_choice":"Healed","floor":7.0,"gold_loss":35.0,"damage_taken":0.0},{"damage_healed":0.0,"max_hp_gain":0.0,"max_hp_loss":0.0,"gold_gain":0.0,"event_name":"Mushrooms","player_choice":"Fought Mushrooms","floor":13.0,"gold_loss":0.0,"damage_taken":0.0},{"damage_healed":0,"gold_gain":0,"player_choice":"Obtained Relic","damage_taken":0,"relics_obtained":["Bag of Preparation"],"max_hp_gain":0,"max_hp_loss":0,"event_name":"Addict","floor":19,"gold_loss":85},{"cards_removed":["Defend_G"],"damage_healed":0,"gold_gain":0,"player_choice":"Gave Gold","damage_taken":0,"max_hp_gain":0,"max_hp_loss":0,"event_name":"Beggar","floor":20,"gold_loss":75},{"cards_removed":["Strike_G"],"damage_healed":0,"gold_gain":0,"player_choice":"Purged","damage_taken":0,"max_hp_gain":0,"max_hp_loss":0,"event_name":"Purifier","floor":21,"gold_loss":0},{"damage_healed":0,"gold_gain":0,"player_choice":"Inject Mutagens","damage_taken":0,"relics_obtained":["MutagenicStrength"],"max_hp_gain":0,"max_hp_loss":0,"event_name":"Drug Dealer","floor":24,"gold_loss":0},{"damage_healed":0,"gold_gain":100,"player_choice":"Bet on Murderer","damage_taken":0,"max_hp_gain":0,"max_hp_loss":0,"event_name":"The Joust","floor":29,"gold_loss":50}],"is_beta":false,"boss_relics":[{"not_picked":["Velvet Choker","Calling Bell"],"picked":"Busted Crown"}],"items_purged_floors":[],"is_endless":false,"potions_floor_spawned":[2,6,14,25],"killed_by":"Collector","ascension_level":6}