{"gold_per_floor":[110,129,54,68,84,84,94,94,94,194,194,205,235,235,235,332,332,352,371,202,202,219,219,245,245,245,245,260,260,277,277,277,372,372,385,385,346,346,356,374,149,149,149,159,159,159,159,159],"floor_reached":48,"playtime":4259,"items_purged":["Strike_B","Sunder+1","Echo Form"],"score":450,"play_id":"c15ca514-da76-4ecb-a055-4a0d57e48e10","local_time":"20180915151735","is_ascension_mode":false,"campfire_choices":[{"data":"Zap","floor":6,"key":"SMITH"},{"data":"Loop","floor":8,"key":"SMITH"},{"data":"Defragment","floor":15,"key":"SMITH"},{"data":"Capacitor","floor":23,"key":"SMITH"},{"floor":25,"key":"REST"},{"data":"Creative AI","floor":27,"key":"SMITH"},{"data":"Biased Cognition","floor":29,"key":"SMITH"},{"data":"Consume","floor":32,"key":"SMITH"},{"floor":42,"key":"REST"},{"floor":47,"key":"REST"}],"neow_cost":"NONE","seed_source_timestamp":160435214948942,"circlet_count":0,"master_deck":["Defend_B","Defend_B","Defend_B","Defend_B","Zap+1","Dualcast","Coolheaded","Sweeping Beam","BootSequence","Loop+1","Defragment+1","Biased Cognition+1","Creative AI+1","Conserve Battery+1","Capacitor+1","Capacitor+1","Steam+1","Ball Lightning+1","Consume+1","Tempest","Apotheosis","Panacea","Coolheaded","Darkness","Conserve Battery+1"],"relics":["Cracked Core","Sundial","Blood Vial","FaceOfCleric","Nuclear Battery","MutagenicStrength","Torii","Art of War","Empty Cage","Omamori"],"potions_floor_usage":[13,16,24,24,24,48],"damage_taken":[{"damage":1,"enemies":"Cultist","floor":1,"turns":4},{"damage":5,"enemies":"Small Slimes","floor":2,"turns":4},{"damage":4,"enemies":"Jaw Worm","floor":4,"turns":3},{"damage":10,"enemies":"3 Louse","floor":5,"turns":3},{"damage":0,"enemies":"2 Fungi Beasts","floor":7,"turns":2},{"damage":0,"enemies":"Exordium Wildlife","floor":12,"turns":2},{"damage":6,"enemies":"3 Sentries","floor":13,"turns":5},{"damage":8,"enemies":"Slime Boss","floor":16,"turns":9},{"damage":4,"enemies":"Spheric Guardian","floor":18,"turns":4},{"damage":15,"enemies":"Shell Parasite","floor":19,"turns":5},{"damage":4,"enemies":"Chosen and Byrds","floor":22,"turns":7},{"damage":28,"enemies":"Book of Stabbing","floor":24,"turns":7},{"damage":0,"enemies":"Centurion and Healer","floor":28,"turns":10},{"damage":16,"enemies":"Snake Plant","floor":30,"turns":5},{"damage":46,"enemies":"Automaton","floor":33,"turns":8},{"damage":31,"enemies":"3 Darklings","floor":35,"turns":6},{"damage":29,"enemies":"Orb Walker","floor":39,"turns":5},{"damage":16,"enemies":"Spire Growth","floor":40,"turns":5},{"damage":0,"enemies":"Maw","floor":44,"turns":6},{"damage":66,"enemies":"Reptomancer","floor":48,"turns":3}],"seed_played":"-3680268806332274171","potions_obtained":[{"floor":2,"key":"Energy Potion"},{"floor":4,"key":"Block Potion"},{"floor":7,"key":"EssenceOfSteel"},{"floor":18,"key":"Regen Potion"},{"floor":22,"key":"Weak Potion"},{"floor":35,"key":"FearPotion"},{"floor":39,"key":"LiquidBronze"}],"is_trial":false,"path_per_floor":["M","M","$","M","M","R","M","R","T","?","?","M","E","?","R","B",null,"M","M","$","?","M","R","E","R","T","R","M","R","M","?","R","B",null,"M","?","$","?","M","M","$","R","T","M","?","?","R"],"character_chosen":"DEFECT","items_purchased":["Capacitor","Tempest","Block Potion","PowerPotion"],"campfire_rested":3,"item_purchase_floors":[20,37,41,41],"current_hp_per_floor":[74,69,69,65,55,55,55,55,55,55,48,48,42,42,42,37,76,73,61,61,61,60,60,40,64,64,64,67,67,54,82,82,37,83,53,53,53,48,22,9,9,34,34,37,37,37,61,0],"gold":159,"neow_bonus":"REMOVE_CARD","is_prod":false,"is_daily":false,"chose_seed":false,"campfire_upgraded":7,"win_rate":0,"timestamp":1537021055,"path_taken":["M","M","$","?","M","R","M","R","T","?","?","?","E","?","R","BOSS","M","M","$","?","M","R","E","R","T","R","?","R","M","?","R","BOSS","M","?","$","?","M","M","$","R","T","?","?","?","R","M"],"build_version":"2018-09-06","purchased_purges":3,"victory":false,"max_hp_per_floor":[75,75,75,75,75,75,75,75,75,75,75,75,75,75,75,76,76,77,78,78,78,79,79,80,80,80,80,81,81,82,82,82,83,83,84,84,84,84,85,86,86,86,86,87,87,83,83,83],"card_choices":[{"not_picked":["Gash","Genetic Algorithm"],"picked":"Coolheaded","floor":1},{"not_picked":["Barrage","Static Discharge"],"picked":"Sweeping Beam","floor":2},{"not_picked":["Streamline","Stack"],"picked":"Sweeping Beam","floor":4},{"not_picked":["Stack","Aggregate"],"picked":"BootSequence","floor":5},{"not_picked":["Compile Driver","Go for the Eyes"],"picked":"Loop","floor":7},{"not_picked":["Turbo","Undo"],"picked":"Defragment","floor":12},{"not_picked":["Chill","Barrage"],"picked":"Biased Cognition","floor":13},{"not_picked":["Fission","Meteor Strike"],"picked":"Creative AI","floor":16},{"not_picked":["Undo","Ball Lightning+1"],"picked":"Sunder+1","floor":18},{"not_picked":["Go for the Eyes+1","Ball Lightning+1"],"picked":"Conserve Battery+1","floor":19},{"not_picked":["Coolheaded","Doom and Gloom"],"picked":"Capacitor+1","floor":22},{"not_picked":["Barrage","Double Energy"],"picked":"Steam+1","floor":24},{"not_picked":["Multi-Cast","Steam"],"picked":"Ball Lightning+1","floor":28},{"not_picked":["Go for the Eyes","Stack"],"picked":"Consume","floor":30},{"not_picked":["Rainbow","Creative AI"],"picked":"Echo Form","floor":33},{"not_picked":["Leap+1","Melter+1","Steam"],"picked":"SKIP","floor":35},{"not_picked":["Panache","Finesse"],"picked":"Apotheosis","floor":38},{"not_picked":["Trip","Blind"],"picked":"Panacea","floor":38},{"not_picked":["Loop+1","Gash+1"],"picked":"Coolheaded","floor":39},{"not_picked":["Sunder","Go for the Eyes"],"picked":"Darkness","floor":40},{"not_picked":["Self Repair","Consume+1"],"picked":"Conserve Battery+1","floor":44}],"player_experience":154379,"relics_obtained":[{"floor":9,"key":"Sundial"},{"floor":13,"key":"Blood Vial"},{"floor":24,"key":"Torii"},{"floor":26,"key":"Art of War"},{"floor":43,"key":"Omamori"}],"event_choices":[{"event_name":"Golden Shrine","player_choice":"Pray","floor":10,"damage_taken":0},{"event_name":"Golden Wing","player_choice":"Card Removal","floor":11,"damage_taken":0},{"event_name":"FaceTrader","player_choice":"Trade","floor":14,"damage_taken":0},{"event_name":"Drug Dealer","player_choice":"Inject Mutagens","floor":21,"damage_taken":0},{"event_name":"Wheel of Change","player_choice":"Full Heal","floor":31,"damage_taken":0},{"event_name":"Mysterious Sphere","player_choice":"Ignore","floor":36,"damage_taken":0},{"event_name":"SensoryStone","player_choice":"Memory 2","floor":38,"damage_taken":0},{"event_name":"Tomb of Lord Red Mask","player_choice":"Ignored","floor":45,"damage_taken":0},{"event_name":"Winding Halls","player_choice":"Max HP","floor":46,"damage_taken":0}],"is_beta":false,"boss_relics":[{"not_picked":["Runic Pyramid","Runic Dome"],"picked":"Nuclear Battery"},{"not_picked":["Coffee Dripper","Sozu"],"picked":"Empty Cage"}],"items_purged_floors":[3,20,41],"is_endless":false,"potions_floor_spawned":[2,4,7,18,22,35,39],"killed_by":"Reptomancer","ascension_level":0}