{"gold_per_floor":[110,128,53,53,64,64,97,97,97,97,97,97,109,127,127,227,227,241,241,256,256,9,9,26,26,106,106,106,116,116,116,116,213,213,229,0,0,14,33,33,64,76,76,76,103,103,103,117,117,117],"floor_reached":51,"playtime":1378,"items_purged":["Strike_R","Writhe"],"score":903,"play_id":"3bc4165a-fafe-49a9-b25d-f24b1e024552","local_time":"20190224202646","is_ascension_mode":false,"campfire_choices":[{"data":"Searing Blow","floor":6,"key":"SMITH"},{"data":"Searing Blow+1","floor":11,"key":"SMITH"},{"data":"Searing Blow+2","floor":15,"key":"SMITH"},{"data":"Searing Blow+3","floor":23,"key":"SMITH"},{"data":"Searing Blow+4","floor":25,"key":"SMITH"},{"data":"Searing Blow+5","floor":27,"key":"SMITH"},{"data":"Searing Blow+6","floor":30,"key":"SMITH"},{"data":"Searing Blow+7","floor":32,"key":"SMITH"},{"data":"Searing Blow+8","floor":40,"key":"SMITH"},{"data":"Searing Blow+9","floor":47,"key":"SMITH"},{"data":"Searing Blow+10","floor":49,"key":"SMITH"}],"neow_cost":"NONE","seed_source_timestamp":781513625093179,"circlet_count":0,"master_deck":["Strike_R+1","Strike_R+1","Defend_R","Bash","Searing Blow+11","Warcry","Brutality","Ghostly Armor","Feed"],"relics":["Philosopher\u0027s Stone","Champion Belt","Kunai","Boot","Busted Crown","Art of War","PreservedInsect","Pear","Empty Cage","Red Mask","Unceasing Top","Juzu Bracelet","Bronze Scales"],"potions_floor_usage":[13,16,33,50,50,50],"damage_taken":[{"damage":2,"enemies":"Jaw Worm","floor":1,"turns":3},{"damage":1,"enemies":"2 Louse","floor":2,"turns":2},{"damage":0,"enemies":"Small Slimes","floor":5,"turns":4},{"damage":34,"enemies":"Gremlin Nob","floor":7,"turns":5},{"damage":9,"enemies":"Exordium Thugs","floor":13,"turns":3},{"damage":0,"enemies":"3 Louse","floor":14,"turns":3},{"damage":0,"enemies":"Slime Boss","floor":16,"turns":3},{"damage":2,"enemies":"Chosen","floor":18,"turns":3},{"damage":13,"enemies":"2 Thieves","floor":20,"turns":4},{"damage":9,"enemies":"Cultist and Chosen","floor":24,"turns":4},{"damage":3,"enemies":"3 Cultists","floor":29,"turns":3},{"damage":10,"enemies":"Champ","floor":33,"turns":5},{"damage":1,"enemies":"3 Shapes","floor":35,"turns":3},{"damage":0,"enemies":"Orb Walker","floor":38,"turns":1},{"damage":4,"enemies":"Spire Growth","floor":39,"turns":3},{"damage":34,"enemies":"Nemesis","floor":41,"turns":3},{"damage":0,"enemies":"Sphere and 2 Shapes","floor":42,"turns":3},{"damage":0,"enemies":"Reptomancer","floor":45,"turns":2},{"damage":4,"enemies":"Transient","floor":48,"turns":5},{"damage":43,"enemies":"Donu and Deca","floor":50,"turns":5}],"seed_played":"1626663558150343191","potions_obtained":[{"floor":7,"key":"BloodPotion"},{"floor":13,"key":"SteroidPotion"},{"floor":16,"key":"PowerPotion"},{"floor":18,"key":"Weak Potion"},{"floor":24,"key":"Block Potion"},{"floor":38,"key":"Explosive Potion"},{"floor":42,"key":"Explosive Potion"}],"is_trial":false,"path_per_floor":["M","M","$","?","M","R","E","?","T","$","R","?","M","M","R","B",null,"M","?","M","?","$","R","M","R","T","R","$","M","R","?","R","B",null,"M","?","?","M","M","R","E","M","T","$","E","?","R","M","R","B",null],"character_chosen":"IRONCLAD","items_purchased":["PreservedInsect"],"campfire_rested":0,"item_purchase_floors":[22],"current_hp_per_floor":[78,77,77,70,70,70,36,20,20,20,20,8,7,7,7,7,80,78,78,65,65,65,65,56,56,66,66,66,63,63,63,63,53,90,89,89,89,89,85,85,51,51,51,51,51,51,51,47,47,7],"gold":117,"neow_bonus":"BOSS_RELIC","is_prod":false,"is_daily":false,"chose_seed":false,"campfire_upgraded":11,"win_rate":0,"timestamp":1551007606,"path_taken":["M","M","$","?","M","R","E","?","T","$","R","?","M","M","R","BOSS","M","?","M","?","?","R","?","R","T","R","$","M","R","?","R","BOSS","M","?","?","M","?","R","E","M","T","?","E","?","R","M","R","BOSS"],"build_version":"2019-01-23","purchased_purges":2,"victory":true,"max_hp_per_floor":[80,80,80,80,80,80,80,80,80,80,80,80,80,80,80,80,80,80,80,80,80,80,80,80,80,90,90,90,90,90,90,90,90,90,90,90,90,90,90,90,90,90,90,90,90,85,85,85,85,88],"card_choices":[{"not_picked":["Anger","Disarm"],"picked":"Searing Blow","floor":1},{"not_picked":["Clothesline","Headbutt","Thunderclap"],"picked":"SKIP","floor":2},{"not_picked":["Spot Weakness","Reckless Charge"],"picked":"Warcry","floor":5},{"not_picked":["Spot Weakness","Ghostly Armor","Warcry"],"picked":"SKIP","floor":7},{"not_picked":["Heavy Blade","Shockwave","Fire Breathing"],"picked":"SKIP","floor":13},{"not_picked":["Thunderclap","Body Slam","Bludgeon"],"picked":"SKIP","floor":14},{"not_picked":["Exhume","Barricade"],"picked":"Brutality","floor":16},{"not_picked":["Uppercut+1"],"picked":"SKIP","floor":18},{"not_picked":["Thunderclap"],"picked":"SKIP","floor":20},{"not_picked":["Clothesline"],"picked":"SKIP","floor":24},{"not_picked":["Flex"],"picked":"SKIP","floor":29},{"not_picked":["Body Slam"],"picked":"SKIP","floor":35},{"not_picked":["Wild Strike+1"],"picked":"SKIP","floor":38},{"not_picked":["Combust+1"],"picked":"SKIP","floor":39},{"not_picked":["Combust"],"picked":"SKIP","floor":41},{"not_picked":["Body Slam"],"picked":"SKIP","floor":42},{"not_picked":[],"picked":"Feed","floor":45},{"not_picked":["Heavy Blade+1"],"picked":"SKIP","floor":48}],"player_experience":924906,"relics_obtained":[{"floor":7,"key":"Champion Belt"},{"floor":9,"key":"Kunai"},{"floor":26,"key":"Pear"},{"floor":41,"key":"Unceasing Top"},{"floor":43,"key":"Juzu Bracelet"},{"floor":45,"key":"Bronze Scales"}],"event_choices":[{"cards_removed":["Strike_R"],"damage_healed":0,"gold_gain":0,"player_choice":"Card Removal","damage_taken":7,"max_hp_gain":0,"max_hp_loss":0,"event_name":"Golden Wing","floor":4,"gold_loss":0},{"damage_healed":0,"gold_gain":0,"player_choice":"Entered Light","damage_taken":16,"max_hp_gain":0,"max_hp_loss":0,"event_name":"Shining Light","floor":8,"gold_loss":0,"cards_upgraded":["Strike_R","Strike_R"]},{"damage_healed":0,"gold_gain":0,"player_choice":"Success","damage_taken":12,"relics_obtained":["Boot"],"max_hp_gain":0,"max_hp_loss":0,"event_name":"Scrap Ooze","floor":12,"gold_loss":0},{"damage_healed":0,"gold_gain":0,"player_choice":"Ignored","damage_taken":0,"max_hp_gain":0,"max_hp_loss":0,"event_name":"Vampires","floor":19,"gold_loss":0},{"damage_healed":0,"gold_gain":0,"player_choice":"Opened","damage_taken":0,"relics_obtained":["Art of War"],"max_hp_gain":0,"max_hp_loss":0,"event_name":"The Mausoleum","floor":21,"gold_loss":0,"cards_obtained":["Writhe"]},{"damage_healed":0,"gold_gain":0,"cards_transformed":["Defend_R","Defend_R"],"player_choice":"Became Test Subject","damage_taken":0,"max_hp_gain":0,"max_hp_loss":0,"event_name":"Drug Dealer","floor":31,"gold_loss":0,"cards_obtained":["Ghostly Armor","Searing Blow"]},{"damage_healed":0,"gold_gain":0,"player_choice":"Paid","damage_taken":0,"relics_obtained":["Red Mask"],"max_hp_gain":0,"max_hp_loss":0,"event_name":"Tomb of Lord Red Mask","floor":36,"gold_loss":229},{"cards_removed":["Defend_R"],"damage_healed":0,"gold_gain":0,"player_choice":"Purged","damage_taken":0,"max_hp_gain":0,"max_hp_loss":0,"event_name":"Purifier","floor":37,"gold_loss":0},{"damage_healed":0,"gold_gain":0,"player_choice":"Max HP","damage_taken":0,"max_hp_gain":0,"max_hp_loss":5,"event_name":"Winding Halls","floor":46,"gold_loss":0}],"is_beta":false,"boss_relics":[{"not_picked":["Lizard Tail","Fusion Hammer"],"picked":"Busted Crown"},{"not_picked":["Runic Dome","Velvet Choker"],"picked":"Empty Cage"}],"items_purged_floors":[3,22],"is_endless":false,"potions_floor_spawned":[7,13,16,18,24,38,42],"ascension_level":0}