{"gold_per_floor":[112,39,50,68,82,82,42,53,101,101,112,112,112,144,144,249,249,259,273,287,287,304,304],"floor_reached":23,"playtime":1468,"items_purged":[],"score":195,"play_id":"3d78097d-acbe-4f80-a394-285916c6e124","local_time":"20190130015457","is_ascension_mode":false,"campfire_choices":[{"data":"Infinite Blades","floor":6,"key":"SMITH"},{"floor":10,"key":"RECALL"},{"data":"Noxious Fumes","floor":12,"key":"SMITH"},{"floor":15,"key":"REST"}],"neow_cost":"NONE","seed_source_timestamp":1801414536814285,"circlet_count":0,"master_deck":["Defend_G","Defend_G","Defend_G","Defend_G","Defend_G","Strike_G","Strike_G","Strike_G","Survivor","Neutralize","Infinite Blades+1","Caltrops","Deadly Poison","Noxious Fumes+1","Deflect","Infinite Blades","A Thousand Cuts+1","Burst","PiercingWail","Blade Dance"],"relics":["Ring of the Snake","Frozen Egg 2"],"potions_floor_usage":[14,16,19,20],"damage_taken":[{"damage":1,"enemies":"Cultist","floor":1,"turns":5},{"damage":0,"enemies":"Small Slimes","floor":3,"turns":5},{"damage":0,"enemies":"2 Louse","floor":4,"turns":4},{"damage":4,"enemies":"Blue Slaver","floor":5,"turns":5},{"damage":10,"enemies":"Large Slime","floor":8,"turns":6},{"damage":0,"enemies":"Gremlin Gang","floor":11,"turns":5},{"damage":46,"enemies":"Gremlin Nob","floor":14,"turns":6},{"damage":37,"enemies":"Slime Boss","floor":16,"turns":8},{"damage":16,"enemies":"Chosen","floor":18,"turns":6},{"damage":28,"enemies":"3 Byrds","floor":19,"turns":4},{"damage":16,"enemies":"Snake Plant","floor":20,"turns":5},{"damage":22,"enemies":"Chosen and Byrds","floor":22,"turns":6},{"damage":7,"enemies":"Gremlin Leader","floor":23,"turns":3}],"seed_played":"1279623699594464461","potions_obtained":[{"floor":1,"key":"Regen Potion"},{"floor":8,"key":"Dexterity Potion"},{"floor":14,"key":"Regen Potion"},{"floor":18,"key":"Energy Potion"},{"floor":20,"key":"Swift Potion"}],"is_trial":false,"path_per_floor":["M","$","M","M","M","R","$","M","T","R","M","R","?","E","R","B",null,"M","M","M","?","M","E"],"character_chosen":"THE_SILENT","items_purchased":["Infinite Blades","Noxious Fumes"],"campfire_rested":1,"item_purchase_floors":[2,7],"current_hp_per_floor":[69,69,69,69,65,65,65,55,55,55,55,55,48,14,35,13,70,54,26,10,33,11,4],"gold":304,"neow_bonus":"REMOVE_CARD","is_prod":false,"is_daily":false,"chose_seed":false,"campfire_upgraded":2,"win_rate":0,"timestamp":1548831297,"path_taken":["M","$","M","M","?","R","$","M","T","R","M","R","?","E","R","BOSS","M","M","M","?","M","E"],"build_version":"2019-01-23","purchased_purges":0,"victory":false,"max_hp_per_floor":[70,70,70,70,70,70,70,70,70,70,70,70,70,70,70,70,70,70,70,70,70,70,70],"card_choices":[{"not_picked":["Calculated Gamble","Underhanded Strike","Skewer"],"picked":"SKIP","floor":1},{"not_picked":["Dagger Spray","Prepared","Crippling Poison"],"picked":"SKIP","floor":3},{"not_picked":["Cloak And Dagger","PiercingWail"],"picked":"Caltrops","floor":4},{"not_picked":["Well Laid Plans","Tactician"],"picked":"Deadly Poison","floor":5},{"not_picked":["Acrobatics","Dagger Spray"],"picked":"Deflect","floor":8},{"not_picked":["Choke","Slice"],"picked":"Infinite Blades","floor":11},{"not_picked":["Dagger Spray","Die Die Die"],"picked":"A Thousand Cuts","floor":14},{"not_picked":["Storm of Steel","Grand Finale"],"picked":"Burst","floor":16},{"not_picked":["Dash+1","Calculated Gamble","Crippling Poison"],"picked":"SKIP","floor":18},{"not_picked":["Quick Slash","Sucker Punch","Acrobatics"],"picked":"SKIP","floor":19},{"not_picked":["Quick Slash","Dagger Throw"],"picked":"PiercingWail","floor":20},{"not_picked":["Sucker Punch","Concentrate+1"],"picked":"Blade Dance","floor":22}],"player_experience":971524,"relics_obtained":[{"floor":14,"key":"Frozen Egg 2"}],"event_choices":[{"cards_removed":["Strike_G"],"damage_healed":0,"gold_gain":0,"player_choice":"Card Removal","damage_taken":7,"max_hp_gain":0,"max_hp_loss":0,"event_name":"Golden Wing","floor":13,"gold_loss":0},{"damage_healed":23,"gold_gain":0,"player_choice":"Heal","damage_taken":0,"max_hp_gain":0,"max_hp_loss":0,"event_name":"The Library","floor":21,"gold_loss":0}],"is_beta":false,"boss_relics":[{"not_picked":["Calling Bell","Velvet Choker","Runic Dome"]}],"items_purged_floors":[],"is_endless":false,"potions_floor_spawned":[1,8,14,18,20],"killed_by":"Gremlin Leader","ascension_level":0}