{"gold_per_floor":[109,109,109,121,131,131,157,157,157,188,188,188,206,126,126,200,200,215,215,126,144,144,144,144],"floor_reached":24,"playtime":1015,"items_purged":[],"score":384,"play_id":"910a3629-5318-4ba4-ae38-46f1a7e513ee","local_time":"20190303070023","is_ascension_mode":true,"campfire_choices":[{"data":"Crippling Poison","floor":6.0,"key":"SMITH"},{"data":"Poisoned Stab","floor":8.0,"key":"SMITH"},{"floor":15.0,"key":"REST"},{"floor":23.0,"key":"REST"}],"neow_cost":"NONE","seed_source_timestamp":122385637105417,"circlet_count":0,"master_deck":["AscendersBane","Defend_G","Defend_G","Defend_G","Defend_G","Defend_G","Strike_G","Strike_G","Strike_G","Strike_G","Strike_G","Survivor","Neutralize","Poisoned Stab+1","Crippling Poison+1","All Out Attack","Backflip","PiercingWail","Noxious Fumes+1","Die Die Die","Noxious Fumes","Dodge and Roll"],"special_seed":0,"relics":["Ring of the Snake","NeowsBlessing","The Specimen","Dead Branch","Gremlin Horn","Snake Skull","Happy Flower","Black Star"],"potions_floor_usage":[],"damage_taken":[{"damage":0.0,"enemies":"Jaw Worm","floor":1.0,"turns":1.0},{"damage":0.0,"enemies":"Cultist","floor":4.0,"turns":1.0},{"damage":0.0,"enemies":"Small Slimes","floor":5.0,"turns":1.0},{"damage":7.0,"enemies":"Lagavulin","floor":7.0,"turns":5.0},{"damage":17.0,"enemies":"3 Sentries","floor":10.0,"turns":6.0},{"damage":4.0,"enemies":"Exordium Thugs","floor":13.0,"turns":4.0},{"damage":2.0,"enemies":"The Guardian","floor":16.0,"turns":9.0},{"damage":12.0,"enemies":"Shell Parasite","floor":18.0,"turns":5.0},{"damage":12.0,"enemies":"3 Byrds","floor":21.0,"turns":3.0},{"damage":47,"enemies":"Slavers","floor":24,"turns":4}],"seed_played":"8507676929610861862","potions_obtained":[{"floor":5.0,"key":"EntropicBrew"},{"floor":7.0,"key":"Block Potion"},{"floor":13.0,"key":"Weak Potion"},{"floor":16.0,"key":"Swift Potion"}],"is_trial":false,"path_per_floor":["M","?","$","M","M","R","E","R","T","E","T","?","M","$","R","B",null,"M","?","$","M","?","R","E"],"character_chosen":"THE_SILENT","items_purchased":["Noxious Fumes","Noxious Fumes"],"campfire_rested":2,"item_purchase_floors":[14,20],"current_hp_per_floor":[59,50,50,50,50,50,43,43,43,26,26,26,22,22,41,39,59,47,47,47,35,17,38,0],"gold":144,"neow_bonus":"THREE_ENEMY_KILL","is_prod":false,"is_daily":false,"chose_seed":false,"campfire_upgraded":2,"win_rate":0,"timestamp":1551589223,"path_taken":["M","?","?","M","M","R","E","R","T","E","?","?","M","$","R","BOSS","M","?","$","?","?","R","E"],"build_version":"2019-01-23","purchased_purges":0,"victory":false,"max_hp_per_floor":[66,66,66,66,66,66,66,66,66,66,66,66,66,66,66,66,66,66,66,66,66,71,71,71],"card_choices":[{"not_picked":["Dagger Throw","Outmaneuver"],"picked":"Poisoned Stab","floor":1.0},{"not_picked":["Concentrate","Sucker Punch"],"picked":"Crippling Poison","floor":4.0},{"not_picked":["Masterful Stab","Acrobatics"],"picked":"All Out Attack","floor":5.0},{"not_picked":["Blade Dance","Eviscerate"],"picked":"Backflip","floor":7.0},{"not_picked":["Doppelganger","Blade Dance"],"picked":"Terror","floor":10.0},{"not_picked":["Acrobatics","Quick Slash"],"picked":"PiercingWail","floor":13.0},{"not_picked":["Tools of the Trade","Phantasmal Killer"],"picked":"Die Die Die","floor":16.0},{"not_picked":["Riddle With Holes","Skewer","Poisoned Stab"],"picked":"SKIP","floor":18.0},{"not_picked":["Slice","Bane"],"picked":"Dodge and Roll","floor":21.0}],"player_experience":341246,"relics_obtained":[{"floor":7.0,"key":"The Specimen"},{"floor":9.0,"key":"Dead Branch"},{"floor":10.0,"key":"Gremlin Horn"},{"floor":11.0,"key":"Snake Skull"}],"event_choices":[{"damage_healed":0.0,"max_hp_gain":0.0,"max_hp_loss":0.0,"gold_gain":0.0,"event_name":"Wheel of Change","player_choice":"Damaged","floor":2.0,"gold_loss":0.0,"damage_taken":9.0},{"cards_removed":["Terror"],"damage_healed":0.0,"max_hp_gain":0.0,"max_hp_loss":0.0,"gold_gain":0.0,"event_name":"WeMeetAgain","player_choice":"Gave Card","floor":12.0,"gold_loss":0.0,"damage_taken":0.0,"relics_obtained":["Happy Flower"]},{"damage_healed":0.0,"max_hp_gain":0.0,"max_hp_loss":0.0,"gold_gain":0.0,"event_name":"Upgrade Shrine","player_choice":"Upgraded","floor":19.0,"gold_loss":0.0,"damage_taken":0.0,"cards_upgraded":["Noxious Fumes"]},{"damage_healed":0.0,"max_hp_gain":5.0,"max_hp_loss":0.0,"gold_gain":0.0,"event_name":"Forgotten Altar","player_choice":"Shed Blood","floor":22.0,"gold_loss":0.0,"damage_taken":23.0}],"is_beta":false,"boss_relics":[{"not_picked":["Ectoplasm","Velvet Choker"],"picked":"Black Star"}],"items_purged_floors":[],"is_endless":false,"potions_floor_spawned":[5,7,13,16],"killed_by":"Slavers","ascension_level":18}