{"gold_per_floor":[114,64,81,98,110,110,126,126,126,140,140,157,157,127,127,227,227,245,170,17,30,43,43,43,56,131,142,142,160,160,160],"floor_reached":31,"playtime":2376,"items_purged":[],"score":360,"play_id":"c0a9ed95-bbf8-4195-8fe3-2b956455474b","local_time":"20181204031637","is_ascension_mode":true,"campfire_choices":[{"data":"Footwork","floor":6,"key":"SMITH"},{"floor":11,"key":"REST"},{"floor":13,"key":"REST"},{"data":"After Image","floor":15,"key":"SMITH"},{"data":"Bouncing Flask","floor":23,"key":"SMITH"},{"floor":30,"key":"REST"}],"neow_cost":"NONE","seed_source_timestamp":1725892320639816,"circlet_count":0,"master_deck":["Defend_G","Defend_G","Defend_G","Defend_G","Defend_G","Strike_G","Strike_G","Strike_G","Survivor","Neutralize","Grand Finale","Footwork+1","Cloak And Dagger","Footwork","Deadly Poison","Footwork","Blur","After Image+1","Crippling Poison","Bouncing Flask+1","Malaise","Poisoned Stab","Footwork","Crippling Poison","Corpse Explosion","Catalyst"],"relics":["Ring of the Snake","Paper Crane","Lizard Tail","Shuriken"],"potions_floor_usage":[16,28,28,29],"damage_taken":[{"damage":2,"enemies":"2 Louse","floor":1,"turns":3},{"damage":4,"enemies":"Cultist","floor":3,"turns":6},{"damage":1,"enemies":"Small Slimes","floor":4,"turns":5},{"damage":15,"enemies":"3 Louse","floor":5,"turns":6},{"damage":12,"enemies":"Large Slime","floor":7,"turns":11},{"damage":14,"enemies":"Lots of Slimes","floor":10,"turns":9},{"damage":12,"enemies":"2 Fungi Beasts","floor":12,"turns":6},{"damage":1,"enemies":"Looter","floor":14,"turns":4},{"damage":19,"enemies":"Hexaghost","floor":16,"turns":12},{"damage":7,"enemies":"Shell Parasite","floor":18,"turns":9},{"damage":18,"enemies":"3 Byrds","floor":21,"turns":8},{"damage":4,"enemies":"Centurion and Healer","floor":22,"turns":13},{"damage":9,"enemies":"Snake Plant","floor":25,"turns":6},{"damage":0,"enemies":"Shelled Parasite and Fungi","floor":27,"turns":10},{"damage":16,"enemies":"Colosseum Slavers","floor":28,"turns":6},{"damage":44,"enemies":"Cultist and Chosen","floor":29,"turns":9},{"damage":43,"enemies":"3 Cultists","floor":31,"turns":4}],"seed_played":"-2642534756074571091","potions_obtained":[{"floor":1,"key":"Fire Potion"},{"floor":12,"key":"Poison Potion"},{"floor":16,"key":"GhostInAJar"},{"floor":21,"key":"Regen Potion"}],"is_trial":false,"path_per_floor":["M","?","M","M","M","R","M","?","T","M","R","M","R","M","R","B",null,"M","?","$","M","M","R","$","M","T","M","?","M","R","M"],"character_chosen":"THE_SILENT","items_purchased":["Footwork","Crippling Poison"],"campfire_rested":3,"item_purchase_floors":[20,20],"current_hp_per_floor":[61,61,57,56,41,41,29,29,29,15,36,24,45,44,44,25,59,52,52,52,34,30,30,30,21,21,21,20,14,35,0],"gold":160,"neow_bonus":"ONE_RANDOM_RARE_CARD","is_prod":false,"is_daily":false,"chose_seed":false,"campfire_upgraded":3,"win_rate":0,"timestamp":1543911397,"path_taken":["M","?","M","M","M","R","M","?","T","M","R","M","R","?","R","BOSS","M","?","$","M","M","R","$","M","T","M","?","M","R","M"],"build_version":"2018-11-15","purchased_purges":0,"victory":false,"max_hp_per_floor":[70,70,70,70,70,70,70,70,70,70,70,70,70,70,70,70,70,70,70,70,70,70,70,70,70,70,70,70,70,70,70],"card_choices":[{"not_picked":["Backflip","Cloak And Dagger"],"picked":"Footwork","floor":1},{"not_picked":["Dagger Spray","Bane"],"picked":"Cloak And Dagger","floor":3},{"not_picked":["Heel Hook","Deflect"],"picked":"Footwork","floor":4},{"not_picked":["PiercingWail","Leg Sweep"],"picked":"Deadly Poison","floor":5},{"not_picked":["Prepared","Blur"],"picked":"Footwork","floor":7},{"not_picked":["Leg Sweep","Escape Plan"],"picked":"After Image","floor":10},{"not_picked":["Eviscerate","Finisher"],"picked":"Crippling Poison","floor":12},{"not_picked":["Heel Hook","Underhanded Strike"],"picked":"Bouncing Flask","floor":14},{"not_picked":["Grand Finale","Glass Knife"],"picked":"Malaise","floor":16},{"not_picked":["Bane+1","Acrobatics"],"picked":"Poisoned Stab","floor":18},{"not_picked":["Finisher+1","Slice","Endless Agony"],"picked":"SKIP","floor":21},{"not_picked":["Outmaneuver","Underhanded Strike+1","Choke"],"picked":"SKIP","floor":22},{"not_picked":["Underhanded Strike","Setup"],"picked":"Corpse Explosion","floor":25},{"not_picked":["Endless Agony","Heel Hook"],"picked":"Catalyst","floor":27},{"not_picked":["Underhanded Strike+1","PiercingWail+1","Deflect"],"picked":"SKIP","floor":29}],"player_experience":862720,"relics_obtained":[{"floor":9,"key":"Paper Crane"},{"floor":26,"key":"Shuriken"}],"event_choices":[{"cards_removed":["Strike_G"],"damage_healed":0,"gold_gain":0,"player_choice":"Card Removal","damage_taken":0,"max_hp_gain":0,"max_hp_loss":0,"event_name":"The Cleric","floor":2,"gold_loss":50},{"damage_healed":0,"gold_gain":0,"player_choice":"1 cards matched","damage_taken":0,"max_hp_gain":0,"max_hp_loss":0,"event_name":"Match and Keep!","floor":8,"gold_loss":0,"cards_obtained":["Blur"]},{"cards_removed":["Strike_G"],"damage_healed":0,"gold_gain":0,"player_choice":"Gave Gold","damage_taken":0,"max_hp_gain":0,"max_hp_loss":0,"event_name":"Beggar","floor":19,"gold_loss":75},{"damage_healed":0,"gold_gain":0,"player_choice":"Fight","damage_taken":0,"max_hp_gain":0,"max_hp_loss":0,"event_name":"Colosseum","floor":28,"gold_loss":0},{"damage_healed":0,"gold_gain":0,"player_choice":"Fled From Nobs","damage_taken":0,"max_hp_gain":0,"max_hp_loss":0,"event_name":"Colosseum","floor":28,"gold_loss":0}],"is_beta":false,"boss_relics":[{"not_picked":["Coffee Dripper","Pandora\u0027s Box"],"picked":"Lizard Tail"}],"items_purged_floors":[],"is_endless":false,"potions_floor_spawned":[1,12,16,21,25,27],"killed_by":"3 Cultists","ascension_level":9}