{"gold_per_floor":[109,109,109,109,40,53,53,69,69,69,34,53,77,77,77,202,202,225,245,345,369,385,385,102,102,102,118,131,184,184,222,222,222],"floor_reached":33,"playtime":2242,"items_purged":["Strike_R"],"score":237,"play_id":"655acad5-4dc9-44c0-86ac-bdcfb488ddb1","local_time":"20190123220901","is_ascension_mode":false,"campfire_choices":[{"data":"Inflame","floor":7,"key":"SMITH"},{"data":"Spot Weakness","floor":10,"key":"SMITH"},{"data":"Evolve","floor":15,"key":"SMITH"},{"data":"Double Tap","floor":23,"key":"SMITH"},{"data":"Shrug It Off","floor":30,"key":"SMITH"},{"data":"Rampage","floor":32,"key":"SMITH"}],"neow_cost":"NONE","seed_source_timestamp":296602535841994,"circlet_count":0,"master_deck":["Strike_R+1","Strike_R","Strike_R","Strike_R","Defend_R","Defend_R+1","Defend_R+1","Defend_R+1","Inflame+1","Evolve+1","Thunderclap","Spot Weakness+1","Spot Weakness","Double Tap+1","Pommel Strike+1","Armaments+1","Rampage+1","Shrug It Off+1"],"relics":["Burning Blood","War Paint","Golden Idol","Meat on the Bone","Gambling Chip","Snecko Eye","ClockworkSouvenir","Letter Opener","Vajra","Red Mask"],"potions_floor_usage":[16,16,19,21,33],"damage_taken":[{"damage":0,"enemies":"Small Slimes","floor":1,"turns":3},{"damage":7,"enemies":"2 Louse","floor":6,"turns":3},{"damage":0,"enemies":"Cultist","floor":8,"turns":3},{"damage":7,"enemies":"Red Slaver","floor":12,"turns":4},{"damage":18,"enemies":"3 Louse","floor":13,"turns":3},{"damage":23,"enemies":"Hexaghost","floor":16,"turns":10},{"damage":25,"enemies":"Shell Parasite","floor":18,"turns":8},{"damage":2,"enemies":"3 Byrds","floor":19,"turns":3},{"damage":22,"enemies":"Snecko","floor":21,"turns":6},{"damage":23,"enemies":"3 Cultists","floor":22,"turns":5},{"damage":29,"enemies":"Snake Plant","floor":27,"turns":3},{"damage":28,"enemies":"Shelled Parasite and Fungi","floor":28,"turns":8},{"damage":0,"enemies":"Masked Bandits","floor":31,"turns":2},{"damage":58,"enemies":"Automaton","floor":33,"turns":6}],"seed_played":"-2185297928037691942","potions_obtained":[{"floor":8,"key":"EssenceOfSteel"},{"floor":12,"key":"SpeedPotion"},{"floor":16,"key":"Explosive Potion"},{"floor":18,"key":"Strength Potion"},{"floor":19,"key":"Fire Potion"},{"floor":28,"key":"Swift Potion"}],"is_trial":false,"path_per_floor":["M","?","?","?","$","M","R","M","T","R","$","M","M","?","R","B",null,"M","M","?","M","M","R","$","$","T","M","M","T","R","?","R","B"],"character_chosen":"IRONCLAD","items_purchased":["Evolve","Spot Weakness","ClockworkSouvenir"],"campfire_rested":0,"item_purchase_floors":[5,11,24],"current_hp_per_floor":[80,60,60,60,60,59,59,65,65,65,65,64,52,36,36,31,80,61,65,65,49,44,44,44,44,44,33,23,23,23,41,41,0],"gold":222,"neow_bonus":"RANDOM_COMMON_RELIC","is_prod":false,"is_daily":false,"chose_seed":false,"campfire_upgraded":6,"win_rate":0,"timestamp":1548281341,"path_taken":["M","?","?","?","$","M","R","?","T","R","?","?","M","?","R","BOSS","M","M","?","M","?","R","?","$","T","M","M","?","R","?","R","BOSS"],"build_version":"2019-01-23","purchased_purges":1,"victory":false,"max_hp_per_floor":[80,80,80,80,80,80,80,80,80,80,80,80,80,80,80,80,80,80,80,80,80,80,80,80,80,80,80,80,80,80,80,80,80],"card_choices":[{"not_picked":["Cleave","Flex"],"picked":"Inflame","floor":1},{"not_picked":["Clothesline","Twin Strike"],"picked":"Thunderclap","floor":6},{"not_picked":["Corruption","Rampage"],"picked":"Spot Weakness","floor":8},{"not_picked":["Perfected Strike","Pommel Strike","Dropkick"],"picked":"SKIP","floor":12},{"not_picked":["Uppercut","Sword Boomerang","Bloodletting"],"picked":"SKIP","floor":13},{"not_picked":["Feed","Bludgeon"],"picked":"Double Tap","floor":16},{"not_picked":["Evolve","True Grit"],"picked":"Pommel Strike+1","floor":18},{"not_picked":["Sword Boomerang","Warcry","Thunderclap"],"picked":"SKIP","floor":19},{"not_picked":["Battle Trance","Exhume"],"picked":"Armaments+1","floor":21},{"not_picked":["Perfected Strike+1","Clothesline"],"picked":"Rampage","floor":22},{"not_picked":["Warcry","Headbutt+1","Flex"],"picked":"SKIP","floor":27},{"not_picked":["Corruption","Hemokinesis+1"],"picked":"Shrug It Off","floor":28}],"player_experience":333788,"relics_obtained":[{"floor":9,"key":"Gambling Chip"},{"floor":26,"key":"Letter Opener"},{"floor":29,"key":"Vajra"},{"floor":31,"key":"Red Mask"}],"event_choices":[{"damage_healed":0,"gold_gain":0,"player_choice":"Take Damage","damage_taken":20,"relics_obtained":["Golden Idol"],"max_hp_gain":0,"max_hp_loss":0,"event_name":"Golden Idol","floor":2,"gold_loss":0},{"damage_healed":0,"gold_gain":0,"cards_transformed":["Bash"],"player_choice":"Change","damage_taken":0,"max_hp_gain":0,"max_hp_loss":0,"event_name":"Living Wall","floor":3,"gold_loss":0,"cards_obtained":["Pommel Strike"]},{"cards_removed":["Pommel Strike"],"damage_healed":0,"gold_gain":0,"player_choice":"Gave Card","damage_taken":0,"relics_obtained":["Meat on the Bone"],"max_hp_gain":0,"max_hp_loss":0,"event_name":"WeMeetAgain","floor":4,"gold_loss":0},{"damage_healed":0,"gold_gain":0,"player_choice":"Entered Light","damage_taken":16,"max_hp_gain":0,"max_hp_loss":0,"event_name":"Shining Light","floor":14,"gold_loss":0,"cards_upgraded":["Defend_R","Strike_R"]},{"damage_healed":0,"gold_gain":100,"player_choice":"Pray","damage_taken":0,"max_hp_gain":0,"max_hp_loss":0,"event_name":"Golden Shrine","floor":20,"gold_loss":0},{"damage_healed":0,"gold_gain":0,"player_choice":"Fought Bandits","damage_taken":0,"max_hp_gain":0,"max_hp_loss":0,"event_name":"Masked Bandits","floor":31,"gold_loss":0}],"is_beta":false,"boss_relics":[{"not_picked":["Ectoplasm","Fusion Hammer"],"picked":"Snecko Eye"}],"items_purged_floors":[24],"is_endless":false,"potions_floor_spawned":[8,12,16,18,19,28],"killed_by":"Automaton","ascension_level":0}