{"path_per_floor":["M","$","?","M","T","E","R","M","T","R","M","$","R","M","R","B",null,"M","?","M","$","M","R","T","M","T","R","M","?","M","M","R","B",null,"M","M","M","?","?","E","R","M","T","R","M","M","$","M","R"],"character_chosen":"THE_SILENT","items_purchased":["Backflip","Blood Vial","Accuracy","Footwork"],"gold_per_floor":[110,35,210,227,252,280,280,297,342,342,358,29,29,40,40,141,141,160,60,79,6,19,19,19,37,37,37,49,49,69,88,88,189,189,203,220,232,0,0,26,26,44,44,44,54,65,65,78,78,78],"floor_reached":50,"campfire_rested":3,"playtime":4358,"current_hp_per_floor":[70,70,70,70,70,55,55,55,55,55,46,46,46,38,63,53,76,56,56,57,57,59,59,59,58,58,58,60,60,59,58,58,51,76,74,67,59,59,59,39,39,37,37,62,61,50,50,47,72,0],"items_purged":["Strike_G","Defend_G"],"gold":78,"score":623,"play_id":"fc171ac2-4a72-477d-bf04-b84334cf60de","local_time":"20180405221823","is_prod":false,"is_daily":false,"is_ascension_mode":true,"campfire_upgraded":7,"timestamp":1522981103,"path_taken":["M","$","?","?","?","E","R","M","T","R","M","$","R","M","R","BOSS","M","?","M","$","M","R","?","?","T","R","M","?","M","M","R","BOSS","M","M","?","?","?","E","R","M","T","R","M","M","?","M","R","BOSS"],"build_version":"2018-04-05","purchased_purges":2,"victory":false,"master_deck":["Defend_G","Defend_G+1","Defend_G","Strike_G","Strike_G","Strike_G","Strike_G","Survivor","Neutralize","After Image+1","Backstab","Doubt","Escape Plan","After Image+1","All Out Attack+1","Well Laid Plans","Backflip","Accuracy","Dagger Throw","Infinite Blades+1","Tactician","Clumsy","Clumsy","Clumsy","Backflip","J.A.X.","Infinite Blades+1","Footwork","Cloak And Dagger","Noxious Fumes+1","Caltrops","After Image+1","Escape Plan","Prepared+1","Accuracy","Noxious Fumes+1","Caltrops+1","Backstab"],"max_hp_per_floor":[70,70,70,70,70,84,84,84,84,84,84,84,84,84,84,84,84,84,84,84,84,84,84,84,84,84,84,84,84,84,84,84,84,84,84,84,84,84,84,84,84,84,84,84,84,84,84,84,84,84],"relics":["Ring of the Snake","War Paint","Mango","Dream Catcher","Blood Vial","Calling Bell","Bag of Preparation","Mummified Hand","Centennial Puzzle","Ice Cream","Snake Skull","Sozu","Red Mask","Blue Candle","Ginger"],"card_choices":[{"not_picked":["Dodge and Roll","Outmaneuver"],"picked":"Backstab","floor":1},{"not_picked":["Slice","Malaise"],"picked":"Escape Plan","floor":4},{"not_picked":["Bane","Acrobatics"],"picked":"After Image","floor":6},{"not_picked":["Dagger Spray","Skewer"],"picked":"All Out Attack","floor":8},{"not_picked":["Outmaneuver","Bane"],"picked":"Well Laid Plans","floor":11},{"not_picked":["Slice","Endless Agony"],"picked":"Dagger Throw","floor":14},{"not_picked":["Dagger Spray","Backflip"],"picked":"Infinite Blades","floor":15},{"not_picked":["Burst","Bullet Time"],"picked":"Tactician","floor":16},{"not_picked":["Prepared","Acrobatics"],"picked":"Backflip","floor":18},{"not_picked":["Riddle With Holes","Dagger Throw"],"picked":"Infinite Blades","floor":20},{"not_picked":["Backflip","Reflex"],"picked":"Cloak And Dagger","floor":28},{"not_picked":["Well Laid Plans","Slice"],"picked":"Caltrops","floor":31},{"not_picked":["Tools of the Trade","Corpse Explosion"],"picked":"After Image","floor":33},{"not_picked":["Dagger Throw","Flechettes"],"picked":"Escape Plan","floor":35},{"not_picked":["PiercingWail","Outmaneuver"],"picked":"Prepared","floor":37},{"not_picked":["Dodge and Roll","Skewer"],"picked":"Accuracy","floor":42},{"not_picked":["Skewer","Backflip"],"picked":"Noxious Fumes","floor":44},{"not_picked":["Dash","Endless Agony"],"picked":"Caltrops","floor":48},{"not_picked":["Malaise","Poisoned Stab"],"picked":"Backstab","floor":49}],"player_experience":397120,"potions_floor_usage":[16,40,40,40],"damage_taken":[{"damage":0,"enemies":"Jaw Worm","floor":1,"turns":5},{"damage":0,"enemies":"2 Louse","floor":4,"turns":3},{"damage":29,"enemies":"3 Sentries","floor":6,"turns":13},{"damage":0,"enemies":"Cultist","floor":8,"turns":5},{"damage":9,"enemies":"Lots of Slimes","floor":11,"turns":4},{"damage":10,"enemies":"Exordium Thugs","floor":14,"turns":6},{"damage":27,"enemies":"Hexaghost","floor":16,"turns":12},{"damage":22,"enemies":"3 Byrds","floor":18,"turns":6},{"damage":1,"enemies":"Spheric Guardian","floor":20,"turns":4},{"damage":0,"enemies":"Centurion and Healer","floor":22,"turns":7},{"damage":3,"enemies":"Snake Plant","floor":25,"turns":6},{"damage":0,"enemies":"Sentry and Sphere","floor":28,"turns":5},{"damage":3,"enemies":"3 Cultists","floor":30,"turns":4},{"damage":3,"enemies":"Snake Plant","floor":31,"turns":5},{"damage":9,"enemies":"Champ","floor":33,"turns":11},{"damage":4,"enemies":"3 Darklings","floor":35,"turns":4},{"damage":9,"enemies":"3 Shapes","floor":36,"turns":7},{"damage":10,"enemies":"3 Darklings","floor":37,"turns":5},{"damage":22,"enemies":"Giant Head","floor":40,"turns":7},{"damage":4,"enemies":"Sphere and 2 Shapes","floor":42,"turns":5},{"damage":3,"enemies":"Maw","floor":45,"turns":6},{"damage":13,"enemies":"3 Darklings","floor":46,"turns":4},{"damage":5,"enemies":"Sphere and 2 Shapes","floor":48,"turns":5},{"damage":85,"enemies":"Time Eater","floor":50,"turns":9}],"event_choices":[{"event_name":"Liars Game","player_choice":"agreed","floor":3,"damage_taken":0},{"event_name":"Drug Dealer","player_choice":"Got JAXXED","floor":19,"damage_taken":0},{"event_name":"The Library","player_choice":"Read","floor":29,"damage_taken":0},{"event_name":"Tomb of Lord Red Mask","player_choice":"Paid","floor":38,"damage_taken":0}],"boss_relics":[{"not_picked":["Snecko Eye","Runic Dome"],"picked":"Calling Bell"},{"not_picked":["Lizard Tail","Astrolabe"],"picked":"Sozu"}],"potions_floor_spawned":[1,6,14,16,18,28,30,35,37,42,46],"seed_played":"6349459184747279473","killed_by":"Time Eater","ascension_level":5,"is_trial":false}