{"gold_per_floor":[119,119,119,38,52,52,84,95,121,133,175,187,226,238,250,358,370,392,319,331,356,278,290,317,329,341,369,306,243,243,171,171,276,276,295,16,29,43,58,13,13,13,13,13,26,44,55,66,66,66],"floor_reached":51,"playtime":3097,"items_purged":["Defend_G","Survivor"],"score":782,"play_id":"d9449824-fbc4-4f3d-a2a7-5047aaf67418","local_time":"20181013164721","is_ascension_mode":false,"campfire_choices":[{"data":"Caltrops","floor":6.0,"key":"SMITH"},{"data":"Defend_G","floor":12.0,"key":"PURGE"},{"floor":15,"key":"REST"},{"data":"Defend_G","floor":23,"key":"PURGE"},{"data":"Strike_G","floor":25,"key":"PURGE"},{"data":"Strike_G","floor":30,"key":"PURGE"},{"data":"Defend_G","floor":32,"key":"PURGE"},{"data":"Prepared+1","floor":41,"key":"PURGE"},{"data":"Parasite","floor":44,"key":"PURGE"},{"data":"Defend_G+1","floor":49,"key":"PURGE"}],"neow_cost":"NONE","seed_source_timestamp":305139065997857,"circlet_count":0,"master_deck":["Neutralize","Caltrops+1","Footwork","Backstab","Heel Hook","Sucker Punch","Heel Hook","Adrenaline","After Image","Adrenaline","Prepared+1","Panache","Acrobatics+1","Backflip","Acrobatics","A Thousand Cuts"],"special_seed":0,"relics":["Ring of the Snake","NeowsBlessing","Regal Pillow","MawBank","Peace Pipe","Bag of Marbles","Cursed Key","PreservedInsect","Letter Opener","Sozu","Question Card"],"potions_floor_usage":[16],"damage_taken":[{"damage":0.0,"enemies":"2 Louse","floor":1.0,"turns":1.0},{"damage":0.0,"enemies":"Cultist","floor":5.0,"turns":1.0},{"damage":0.0,"enemies":"Gremlin Nob","floor":7.0,"turns":1.0},{"damage":0.0,"enemies":"Small Slimes","floor":8.0,"turns":4.0},{"damage":28.0,"enemies":"Lagavulin","floor":11.0,"turns":8.0},{"damage":5.0,"enemies":"Blue Slaver","floor":13.0,"turns":3.0},{"damage":49,"enemies":"The Guardian","floor":16,"turns":12},{"damage":10,"enemies":"Spheric Guardian","floor":18,"turns":4},{"damage":0,"enemies":"3 Byrds","floor":21,"turns":3},{"damage":16,"enemies":"Snecko","floor":24,"turns":6},{"damage":2,"enemies":"Snake Plant","floor":27,"turns":5},{"damage":0,"enemies":"Champ","floor":33,"turns":3},{"damage":2,"enemies":"Orb Walker","floor":35,"turns":3},{"damage":8,"enemies":"3 Shapes","floor":37,"turns":2},{"damage":25,"enemies":"Reptomancer","floor":38,"turns":3},{"damage":0,"enemies":"3 Darklings","floor":39,"turns":2},{"damage":0,"enemies":"Sphere and 2 Shapes","floor":45,"turns":2},{"damage":0,"enemies":"Transient","floor":46,"turns":3},{"damage":0,"enemies":"Maw","floor":47,"turns":2},{"damage":0,"enemies":"Reptomancer","floor":48,"turns":2},{"damage":0,"enemies":"Donu and Deca","floor":50,"turns":3}],"seed_played":"-4000708661477440798","potions_obtained":[{"floor":5.0,"key":"Ancient Potion"},{"floor":8.0,"key":"Regen Potion"},{"floor":18,"key":"Regen Potion"}],"is_trial":false,"path_per_floor":["M","?","?","$","M","R","E","M","T","$","E","R","M","?","R","B",null,"M","?","?","M","?","R","M","R","T","M","?","$","R","$","R","B",null,"M","$","M","M","M","$","R","?","T","R","M","M","M","M","R","B"],"character_chosen":"THE_SILENT","items_purchased":["Footwork","After Image","Panache","Backflip"],"campfire_rested":1,"item_purchase_floors":[4,31,36,40],"current_hp_per_floor":[70,70,63,63,63,63,63,63,63,63,35,35,30,18,54,20,70,60,60,60,60,60,60,44,44,44,42,42,42,42,42,42,42,70,68,68,60,35,35,35,35,61,61,58,58,58,58,58,58,58],"gold":66,"neow_bonus":"THREE_ENEMY_KILL","is_prod":false,"is_daily":false,"chose_seed":false,"campfire_upgraded":1,"win_rate":0,"timestamp":1539463641,"path_taken":["M","?","?","$","?","R","E","M","T","?","E","R","M","?","R","BOSS","M","?","?","?","?","R","M","R","T","M","?","$","R","?","R","BOSS","M","$","M","M","M","$","R","?","T","R","M","?","M","?","R","BOSS"],"build_version":"2018-10-11","purchased_purges":2,"victory":true,"max_hp_per_floor":[70,70,70,70,70,70,70,70,70,70,70,70,70,70,70,70,70,70,70,70,70,70,70,70,70,70,70,70,70,70,70,70,70,70,70,70,70,70,70,70,70,61,61,58,58,58,58,58,58,58],"card_choices":[{"not_picked":["Deflect","Deadly Poison"],"picked":"Caltrops","floor":1.0},{"not_picked":["Outmaneuver","Blur"],"picked":"Backstab","floor":5.0},{"not_picked":["Blade Dance","Flying Knee"],"picked":"Heel Hook","floor":7.0},{"not_picked":["Dagger Spray","Infinite Blades"],"picked":"Sucker Punch","floor":8.0},{"not_picked":["Dagger Spray","Masterful Stab","Glass Knife"],"picked":"SKIP","floor":11.0},{"not_picked":["Prepared","Slice"],"picked":"Heel Hook","floor":13},{"not_picked":["Malaise","Phantasmal Killer"],"picked":"Adrenaline","floor":16},{"not_picked":["Underhanded Strike","Outmaneuver+1","Slice+1"],"picked":"SKIP","floor":18},{"not_picked":["Backflip","Flying Knee","Riddle With Holes"],"picked":"SKIP","floor":21},{"not_picked":["Outmaneuver+1","Flying Knee","Skewer"],"picked":"SKIP","floor":24},{"not_picked":["Quick Slash+1","Dodge and Roll","Cloak And Dagger"],"picked":"SKIP","floor":27},{"not_picked":["Wraith Form v2","Glass Knife"],"picked":"Adrenaline","floor":33},{"not_picked":["Slice+1","Poisoned Stab"],"picked":"Prepared+1","floor":35},{"not_picked":["Blade Dance","Acrobatics","Doppelganger"],"picked":"SKIP","floor":37},{"not_picked":["Blade Dance","Acrobatics","Doppelganger"],"picked":"SKIP","floor":37},{"not_picked":["Backflip","Predator"],"picked":"Prepared+1","floor":38},{"not_picked":["Backstab+1","Eviscerate"],"picked":"Acrobatics+1","floor":39},{"not_picked":["Dagger Throw+1","Slice","Underhanded Strike"],"picked":"Acrobatics","floor":45},{"not_picked":["Dash+1","Endless Agony","Prepared+1","Backflip"],"picked":"SKIP","floor":46},{"not_picked":["Quick Slash","Terror","Dodge and Roll"],"picked":"A Thousand Cuts","floor":47},{"not_picked":["PiercingWail","Choke+1","Footwork+1","Concentrate+1"],"picked":"SKIP","floor":48}],"player_experience":596881,"relics_obtained":[{"floor":7.0,"key":"Regal Pillow"},{"floor":9.0,"key":"MawBank"},{"floor":11.0,"key":"Peace Pipe"},{"floor":26,"key":"Letter Opener"},{"floor":43,"key":"Question Card"}],"event_choices":[{"event_name":"Bonfire Elementals","player_choice":"BASIC","floor":2.0,"damage_taken":0.0},{"event_name":"Golden Wing","player_choice":"Card Removal","floor":3.0,"damage_taken":0.0},{"event_name":"Scrap Ooze","player_choice":"success","floor":14,"damage_taken":12},{"event_name":"Addict","player_choice":"Obtained Relic","floor":19,"damage_taken":0},{"event_name":"Vampires","player_choice":"Ignored","floor":20,"damage_taken":0},{"event_name":"Designer","player_choice":"Full Service","floor":22,"damage_taken":0},{"event_name":"Beggar","player_choice":"Gave Gold","floor":28,"damage_taken":0},{"event_name":"The Moai Head","player_choice":"Heal","floor":42,"damage_taken":0}],"is_beta":false,"boss_relics":[{"not_picked":["Coffee Dripper","Eternal Feather"],"picked":"Cursed Key"},{"not_picked":["Tiny House","Astrolabe"],"picked":"Sozu"}],"items_purged_floors":[29,36],"is_endless":false,"potions_floor_spawned":[5,8,18,37,46,47],"ascension_level":0}