{"gold_per_floor":[118,129,129,129,139,139,156,184,184,197,227,192,192,202,202,202],"floor_reached":16,"playtime":1061,"items_purged":[],"score":168,"play_id":"b5c8794d-d75e-4961-8848-717cedcdd2d7","local_time":"20190301140424","is_ascension_mode":true,"campfire_choices":[{"data":"Blade Dance","floor":6,"key":"SMITH"},{"data":"Blur","floor":15,"key":"SMITH"}],"neow_cost":"NONE","seed_source_timestamp":153650990769896,"circlet_count":0,"master_deck":["AscendersBane","Defend_G","Defend_G","Defend_G","Defend_G","Defend_G","Strike_G","Strike_G","Strike_G","Strike_G","Strike_G","Survivor","Neutralize","Malaise+1","Sucker Punch","Blade Dance+1","Blur+1","Noxious Fumes","Poisoned Stab","Bane","Cloak And Dagger+1","Night Terror+1"],"relics":["Ring of the Snake","Mummified Hand","Ornamental Fan","Toxic Egg 2"],"potions_floor_usage":[8,10,16],"damage_taken":[{"damage":4,"enemies":"Jaw Worm","floor":1,"turns":7},{"damage":5,"enemies":"Small Slimes","floor":2,"turns":5},{"damage":7,"enemies":"2 Louse","floor":5,"turns":3},{"damage":0,"enemies":"2 Fungi Beasts","floor":7,"turns":4},{"damage":16,"enemies":"3 Sentries","floor":8,"turns":9},{"damage":5,"enemies":"3 Louse","floor":10,"turns":4},{"damage":18,"enemies":"Gremlin Nob","floor":11,"turns":5},{"damage":4,"enemies":"Exordium Thugs","floor":14,"turns":5},{"damage":35,"enemies":"Slime Boss","floor":16,"turns":8}],"seed_played":"-7937958042231367667","potions_obtained":[{"floor":5,"key":"Dexterity Potion"},{"floor":8,"key":"Block Potion"},{"floor":11,"key":"Dexterity Potion"}],"is_trial":false,"path_per_floor":["M","M","?","?","M","R","M","E","T","M","E","?","?","M","R","B"],"character_chosen":"THE_SILENT","items_purchased":[],"campfire_rested":0,"item_purchase_floors":[],"current_hp_per_floor":[59,54,54,59,52,52,52,36,36,31,13,31,31,27,27,0],"gold":202,"neow_bonus":"ONE_RANDOM_RARE_CARD","is_prod":false,"is_daily":false,"chose_seed":false,"campfire_upgraded":2,"win_rate":0,"timestamp":1551467064,"path_taken":["M","M","?","?","M","R","M","E","T","M","E","?","?","M","R","BOSS"],"build_version":"2019-01-23","purchased_purges":0,"victory":false,"max_hp_per_floor":[70,70,70,75,75,75,75,75,75,75,75,75,75,75,75,75],"card_choices":[{"not_picked":["Backflip","Footwork"],"picked":"Sucker Punch","floor":1},{"not_picked":["Poisoned Stab","Backflip"],"picked":"Blade Dance","floor":2},{"not_picked":["Dagger Throw","Backflip"],"picked":"Blur","floor":5},{"not_picked":["Endless Agony","Sucker Punch"],"picked":"Noxious Fumes","floor":7},{"not_picked":["Endless Agony","Distraction"],"picked":"Poisoned Stab","floor":8},{"not_picked":["Dagger Throw","PiercingWail"],"picked":"Bane","floor":10},{"not_picked":["Eviscerate","Masterful Stab"],"picked":"Cloak And Dagger","floor":11},{"not_picked":["Backstab","Backflip+1"],"picked":"Night Terror+1","floor":14}],"player_experience":292529,"relics_obtained":[{"floor":8,"key":"Mummified Hand"},{"floor":9,"key":"Ornamental Fan"},{"floor":11,"key":"Toxic Egg 2"}],"event_choices":[{"damage_healed":0,"gold_gain":0,"player_choice":"Grow","damage_taken":0,"max_hp_gain":0,"max_hp_loss":0,"event_name":"Living Wall","floor":3,"gold_loss":0,"cards_upgraded":["Malaise"]},{"damage_healed":0,"gold_gain":0,"player_choice":"Donut","damage_taken":0,"max_hp_gain":5,"max_hp_loss":0,"event_name":"Big Fish","floor":4,"gold_loss":0},{"damage_healed":18,"gold_gain":0,"player_choice":"Healed","damage_taken":0,"max_hp_gain":0,"max_hp_loss":0,"event_name":"The Cleric","floor":12,"gold_loss":35},{"damage_healed":0,"gold_gain":0,"player_choice":"Ignored","damage_taken":0,"max_hp_gain":0,"max_hp_loss":0,"event_name":"Liars Game","floor":13,"gold_loss":0}],"is_beta":false,"boss_relics":[],"items_purged_floors":[],"is_endless":false,"potions_floor_spawned":[5,8,11],"killed_by":"Slime Boss","ascension_level":10}