{"gold_per_floor":[13,23,23,37,50,50,83,94,117,127,52,52,70,104,104,104],"floor_reached":16,"playtime":625,"items_purged":["Strike_R"],"score":222,"play_id":"1a797efc-2c26-4830-8679-bdfc1b8caaf1","local_time":"20190302202458","is_ascension_mode":true,"campfire_choices":[{"data":"Cleave","floor":6,"key":"SMITH"},{"data":"Whirlwind","floor":12,"key":"SMITH"},{"data":"Bash","floor":15,"key":"SMITH"}],"neow_cost":"NO_GOLD","seed_source_timestamp":83068354477626,"circlet_count":0,"master_deck":["AscendersBane","Strike_R","Strike_R","Strike_R","Strike_R","Defend_R","Defend_R","Defend_R","Defend_R","Bash+1","Headbutt+1","Cleave+1","Whirlwind+1","Shrug It Off"],"relics":["Burning Blood","Peace Pipe","Bronze Scales","Bag of Marbles"],"potions_floor_usage":[14,16],"damage_taken":[{"damage":2,"enemies":"Cultist","floor":1,"turns":4},{"damage":4,"enemies":"2 Louse","floor":2,"turns":3},{"damage":14,"enemies":"Jaw Worm","floor":4,"turns":4},{"damage":5,"enemies":"2 Fungi Beasts","floor":5,"turns":3},{"damage":20,"enemies":"3 Sentries","floor":7,"turns":5},{"damage":5,"enemies":"Gremlin Gang","floor":8,"turns":2},{"damage":13,"enemies":"Large Slime","floor":10,"turns":4},{"damage":6,"enemies":"Exordium Thugs","floor":13,"turns":4},{"damage":8,"enemies":"Gremlin Nob","floor":14,"turns":3},{"damage":61,"enemies":"Hexaghost","floor":16,"turns":9}],"seed_played":"-7569989271372001668","potions_obtained":[{"floor":1,"key":"GamblersBrew"},{"floor":7,"key":"Poison Potion"},{"floor":10,"key":"Strength Potion"},{"floor":14,"key":"FearPotion"}],"is_trial":false,"path_per_floor":["M","M","?","M","M","R","E","M","T","M","$","R","M","E","R","B"],"character_chosen":"IRONCLAD","items_purchased":[],"campfire_rested":0,"item_purchase_floors":[],"current_hp_per_floor":[86,88,88,80,81,81,67,68,68,61,61,61,61,59,59,0],"gold":104,"neow_bonus":"TWENTY_PERCENT_HP_BONUS","is_prod":false,"is_daily":false,"chose_seed":false,"campfire_upgraded":3,"win_rate":0,"timestamp":1551525898,"path_taken":["M","M","?","M","M","R","E","M","T","?","?","R","M","E","R","BOSS"],"build_version":"2019-01-23","purchased_purges":1,"victory":false,"max_hp_per_floor":[89,89,89,89,89,89,89,89,89,89,89,89,89,89,89,89],"card_choices":[{"not_picked":["Uppercut","Twin Strike"],"picked":"Headbutt","floor":1},{"not_picked":["Body Slam","Iron Wave","Heavy Blade"],"picked":"SKIP","floor":2},{"not_picked":["Flame Barrier","Sword Boomerang"],"picked":"Cleave","floor":4},{"not_picked":["Havoc","Inflame"],"picked":"Whirlwind","floor":5},{"not_picked":["Body Slam","Uppercut","Feel No Pain"],"picked":"SKIP","floor":7},{"not_picked":["Fiend Fire","Armaments","Infernal Blade"],"picked":"SKIP","floor":8},{"not_picked":["Sentinel","Wild Strike"],"picked":"Shrug It Off","floor":10},{"not_picked":["Seeing Red","Flex","Uppercut"],"picked":"SKIP","floor":13},{"not_picked":["Seeing Red","Flex","Uppercut"],"picked":"SKIP","floor":13},{"not_picked":["Wild Strike","Shrug It Off","Anger"],"picked":"SKIP","floor":14}],"player_experience":1002730,"relics_obtained":[{"floor":7,"key":"Peace Pipe"},{"floor":9,"key":"Bronze Scales"},{"floor":14,"key":"Bag of Marbles"}],"event_choices":[{"damage_healed":0,"gold_gain":0,"player_choice":"Upgraded","damage_taken":0,"max_hp_gain":0,"max_hp_loss":0,"event_name":"Upgrade Shrine","floor":3,"gold_loss":0,"cards_upgraded":["Headbutt"]}],"is_beta":false,"boss_relics":[],"items_purged_floors":[11],"is_endless":false,"potions_floor_spawned":[1,7,10,14],"killed_by":"Hexaghost","ascension_level":19}