{"path_per_floor":["M","M","?","T","?","R","E","M","T","M","M","M","$","M","R","B",null,"M","M","$","M"],"character_chosen":"THE_SILENT","items_purchased":["Deep Breath","Well Laid Plans","Adrenaline","Slice"],"gold_per_floor":[118,133,133,159,159,159,195,211,236,249,265,279,27,52,52,178,178,197,216,2,18,18],"floor_reached":22,"campfire_rested":2,"playtime":1562,"current_hp_per_floor":[63,63,49,49,49,70,47,47,47,46,40,30,30,9,30,8,55,34,27,27,19,0],"items_purged":["Injury"],"gold":18,"score":238,"play_id":"4c992088-ad13-40f4-9a3f-b404c6556fe8","local_time":"20180328205313","is_prod":false,"is_daily":false,"is_ascension_mode":true,"campfire_upgraded":0,"timestamp":1522284793,"path_taken":["M","?","?","?","?","R","E","M","T","M","M","M","$","?","R","BOSS","M","M","$","M","M"],"build_version":"2018-03-22v2","purchased_purges":1,"victory":false,"master_deck":["Defend_G","Defend_G","Defend_G","Defend_G","Defend_G","Strike_G","Strike_G+1","Strike_G","Strike_G","Strike_G","Survivor","Neutralize","Poisoned Stab","Choke+1","Slice","Dagger Spray","Escape Plan","Acrobatics","Acrobatics","Deep Breath","Well Laid Plans","Heel Hook","Bullet Time","Slice","Adrenaline","Slice"],"max_hp_per_floor":[70,70,70,70,70,70,70,70,70,70,70,70,70,70,70,70,70,70,70,70,70,70],"relics":["Ring of the Snake","Oddly Smooth Stone","Golden Idol","Girya","Bag of Preparation","Lizard Tail"],"card_choices":[{"not_picked":["Deadly Poison","Flying Knee"],"picked":"Poisoned Stab","floor":0.0},{"not_picked":["Eviscerate","Flying Knee"],"picked":"Choke","floor":1.0},{"not_picked":["Poisoned Stab","Deadly Poison"],"picked":"Slice","floor":2.0},{"not_picked":["Eviscerate","Dodge and Roll"],"picked":"Dagger Spray","floor":8.0},{"not_picked":["Catalyst","Dodge and Roll"],"picked":"Escape Plan","floor":10.0},{"not_picked":["Bouncing Flask","Terror"],"picked":"Acrobatics","floor":11.0},{"not_picked":["Caltrops","Flechettes"],"picked":"Acrobatics","floor":12.0},{"not_picked":["Choke","Deflect"],"picked":"Heel Hook","floor":14.0},{"not_picked":["Tactician","Burst"],"picked":"Bullet Time","floor":16.0},{"not_picked":["Predator","Eviscerate"],"picked":"Slice","floor":18}],"player_experience":362877,"potions_floor_usage":[],"damage_taken":[{"damage":7.0,"enemies":"Cultist","floor":1.0,"turns":4.0},{"damage":0.0,"enemies":"2 Louse","floor":2.0,"turns":2.0},{"damage":23.0,"enemies":"Gremlin Nob","floor":7.0,"turns":4.0},{"damage":0.0,"enemies":"Jaw Worm","floor":8.0,"turns":2.0},{"damage":1.0,"enemies":"2 Fungi Beasts","floor":10.0,"turns":2.0},{"damage":6.0,"enemies":"3 Louse","floor":11.0,"turns":3.0},{"damage":10.0,"enemies":"Looter","floor":12.0,"turns":3.0},{"damage":21.0,"enemies":"Gremlin Gang","floor":14.0,"turns":5.0},{"damage":22.0,"enemies":"The Guardian","floor":16.0,"turns":12.0},{"damage":21,"enemies":"Shell Parasite","floor":18,"turns":8},{"damage":7,"enemies":"2 Thieves","floor":19,"turns":3},{"damage":44,"enemies":"Snake Plant","floor":21,"turns":5},{"damage":22,"enemies":"Snecko","floor":22,"turns":4}],"event_choices":[{"event_name":"Shining Light","player_choice":"Entered Light","floor":3.0,"damage_taken":0.0},{"event_name":"Golden Idol","player_choice":"Take Wound","floor":5.0,"damage_taken":0.0}],"boss_relics":[{"not_picked":["Velvet Choker","Runic Pyramid"],"picked":"Lizard Tail"}],"potions_floor_spawned":[1,2,10],"seed_played":"-7552591709714546790","killed_by":"Snecko","ascension_level":5,"is_trial":false}