{"path_per_floor":["M","?","M","?","?","R","E","M","T","$","M","$","R","?","R","B",null,"M","?","$","M","M","R","?","R","T","R","E","M","R","M","R","B",null,"M","M","?","$","?","R","$","M","T","M"],"character_chosen":"IRONCLAD","items_purchased":["Battle Trance","Spot Weakness","Iron Wave","Metallicize","Paper Frog"],"gold_per_floor":[114,114,129,129,129,129,161,176,176,86,103,37,37,37,37,141,141,156,156,58,68,86,86,86,86,86,86,119,137,137,157,157,261,261,274,294,294,37,37,37,37,50,50,62],"floor_reached":45,"campfire_rested":3,"playtime":1676,"current_hp_per_floor":[69,57,56,56,49,73,60,59,59,59,62,62,62,62,62,61,75,73,73,73,62,52,52,52,76,76,76,62,58,58,45,80,33,68,54,56,61,61,61,61,61,36,36,34],"items_purged":["Bash","Feel No Pain"],"gold":62,"score":539,"play_id":"3b7165c3-bd28-4633-98b3-4f7e864aef27","is_prod":false,"is_daily":false,"is_ascension_mode":true,"campfire_upgraded":6,"path_taken":["M","?","?","?","?","R","E","M","T","?","?","$","R","?","R","BOSS","M","?","$","?","M","R","?","R","T","R","E","M","R","?","R","BOSS","M","?","?","?","?","R","?","M","T","M","?"],"build_version":"2018-02-08-PROD1","purchased_purges":2,"victory":false,"master_deck":["Strike_R+1","Strike_R+1","Strike_R+1","Strike_R+1","Defend_R+1","Defend_R+1","Metallicize+1","Uppercut+1","Cleave","Battle Trance","Thunderclap","Spot Weakness+1","Offering+1","Shrug It Off","Exhume+1","Pommel Strike+1","Iron Wave+1","Exhume+1","Sword Boomerang+1","Iron Wave+1","Metallicize"],"max_hp_per_floor":[80,80,80,80,80,80,80,80,80,80,80,80,80,80,80,80,80,80,80,80,80,80,80,80,80,80,80,80,80,80,80,80,80,80,80,80,80,80,80,80,80,80,80,80],"relics":["Black Blood","Whetstone","The Courier","Torii","Dead Branch","White Beast Statue","Regal Pillow","Smiling Mask","Paper Frog","Matryoshka"],"card_choices":[{"not_picked":["Wild Strike","Burning Pact"],"picked":"Metallicize"},{"not_picked":["Sentinel","Shrug It Off"],"picked":"Uppercut"},{"not_picked":["Bloodletting","Clash"],"picked":"Cleave"},{"not_picked":["Pommel Strike","Second Wind"],"picked":"Thunderclap"},{"not_picked":["Limit Break","Juggernaut"],"picked":"Offering"},{"not_picked":["Anger","Fire Breathing"],"picked":"Shrug It Off"},{"not_picked":["Anger","Warcry"],"picked":"Exhume"},{"not_picked":["Anger","Sword Boomerang"],"picked":"Pommel Strike"},{"not_picked":["Clash","Inflame"],"picked":"Iron Wave"},{"not_picked":["Impervious","Brutality"],"picked":"Exhume"},{"not_picked":["Thunderclap","Uppercut"],"picked":"Sword Boomerang"},{"not_picked":["Perfected Strike","Rage"],"picked":"Iron Wave"}],"player_experience":251967,"potions_floor_usage":[7,22,28,28,28,29,31,36,42,42,45,45],"damage_taken":[{"damage":9,"enemies":"2 Louse","floor":1,"turns":3},{"damage":7,"enemies":"Small Slimes","floor":3,"turns":4},{"damage":19,"enemies":"Gremlin Nob","floor":7,"turns":5},{"damage":7,"enemies":"Jaw Worm","floor":8,"turns":4},{"damage":3,"enemies":"Gremlin Gang","floor":11,"turns":4},{"damage":7,"enemies":"Slime Boss","floor":16,"turns":5},{"damage":8,"enemies":"3 Byrds","floor":18,"turns":3},{"damage":18,"enemies":"2 Thieves","floor":21,"turns":4},{"damage":16,"enemies":"Snake Plant","floor":22,"turns":4},{"damage":20,"enemies":"Slavers","floor":28,"turns":2},{"damage":10,"enemies":"Snecko","floor":29,"turns":5},{"damage":28,"enemies":"Chosen and Byrds","floor":31,"turns":4},{"damage":53,"enemies":"Champ","floor":33,"turns":10},{"damage":24,"enemies":"3 Shapes","floor":35,"turns":4},{"damage":8,"enemies":"Orb Walker","floor":36,"turns":1},{"damage":35,"enemies":"4 Shapes","floor":42,"turns":5},{"damage":12,"enemies":"Sphere and 2 Shapes","floor":44,"turns":3},{"damage":34,"enemies":"Maw","floor":45,"turns":5}],"event_choices":[{"event_name":"Scrap Ooze","player_choice":"success","floor":2,"damage_taken":12},{"event_name":"Wheel of Change","player_choice":"Card Removal","floor":4,"damage_taken":0},{"event_name":"Golden Wing","player_choice":"Card Removal","floor":5,"damage_taken":0},{"event_name":"Living Wall","player_choice":"Change","floor":14,"damage_taken":0},{"event_name":"Back to Basics","player_choice":"Simplicity","floor":19,"damage_taken":0},{"event_name":"Vampires","player_choice":"Ignored","floor":24,"damage_taken":0},{"event_name":"Bonfire Elementals","player_choice":"COMMON","floor":37,"damage_taken":0},{"event_name":"Mysterious Sphere","player_choice":"Ignore","floor":39,"damage_taken":0}],"boss_relics":[{"not_picked":["Runic Pyramid","Mark of Pain"],"picked":"White Beast Statue"},{"not_picked":["Runic Cube","Calling Bell"],"picked":"Black Blood"}],"potions_floor_spawned":[1,3,16,18,21,22,28,29,31,33,35,36,42,44],"seed_played":"7279685253618360317","killed_by":"Maw","ascension_level":7,"is_trial":false}