{"path_per_floor":["M","?","?","M","?","R","E","M","T","R","T","R","M","T","R","B",null,"M","M","?","M","?","R","E","R","T","M","M","?","M","$","R","B",null,"M","M","?","M","M","R","T","T","T","$","M","M"],"character_chosen":"IRONCLAD","items_purchased":["Bag of Preparation","Seeing Red","Metallicize","Strength Potion","Toolbox","War Paint"],"gold_per_floor":[118,118,218,235,235,235,300,318,318,318,318,318,331,408,408,504,504,520,540,540,553,478,478,510,510,558,572,583,583,597,262,262,365,365,375,386,386,399,418,418,418,418,464,17,30,44],"floor_reached":47,"campfire_rested":5,"playtime":1651,"current_hp_per_floor":[79,79,79,76,60,60,50,52,52,52,52,76,76,76,76,41,80,83,78,78,65,65,83,59,85,85,87,71,91,75,75,95,42,95,82,79,79,62,49,78,78,78,78,78,86,72],"items_purged":["Defend_R","Writhe"],"gold":44,"score":447,"play_id":"fa56a12a-9f5b-45d2-a742-a825b02a71d7","is_prod":false,"is_daily":false,"is_ascension_mode":false,"campfire_upgraded":3,"path_taken":["M","?","?","M","?","R","E","?","T","R","?","R","M","?","R","BOSS","M","M","?","M","?","R","E","R","T","M","?","?","?","?","R","BOSS","M","M","?","M","M","R","?","?","T","$","?","M","E"],"build_version":"2018-02-12-PROD1","purchased_purges":2,"victory":false,"master_deck":["Strike_R","Strike_R","Strike_R","Strike_R","Strike_R","Defend_R+1","Bash+1","Cleave+1","Metallicize+1","Pommel Strike+1","Iron Wave","Feed+1","Clash","Rampage","Shrug It Off","Seeing Red+1","Metallicize","Whirlwind+1","Clumsy","Decay","Shrug It Off+1"],"max_hp_per_floor":[80,80,80,80,80,80,80,80,80,80,80,80,80,80,80,80,80,83,83,83,83,83,83,87,87,87,91,91,91,95,95,95,95,95,99,99,99,99,99,99,99,99,99,99,99,103],"relics":["Burning Blood","Blood Vial","Tiny Chest","Orichalcum","Vajra","Pantograph","Black Star","Letter Opener","The Courier","Oddly Smooth Stone","Bag of Preparation","Cursed Key","Charon\u0027s Ashes","Smiling Mask","Pen Nib","Toolbox","War Paint"],"card_choices":[{"not_picked":["Bloodletting","Anger"],"picked":"Cleave"},{"not_picked":["Iron Wave","Anger"],"picked":"Metallicize"},{"not_picked":["Spot Weakness","Inflame"],"picked":"Pommel Strike"},{"not_picked":["Exhume","Flex"],"picked":"Iron Wave"},{"not_picked":["Exhume","Barricade"],"picked":"Feed"},{"not_picked":["Iron Wave","Entrench"],"picked":"Clash"},{"not_picked":["Disarm","Pommel Strike"],"picked":"Rampage"},{"not_picked":["Berserk","Pommel Strike"],"picked":"Shrug It Off"},{"not_picked":["Disarm","Spot Weakness"],"picked":"Whirlwind"},{"not_picked":["Havoc","Flex"],"picked":"Shrug It Off"}],"player_experience":265414,"potions_floor_usage":[7,18,18,24,28,33,38,46,47],"damage_taken":[{"damage":7,"enemies":"2 Louse","floor":1,"turns":3},{"damage":10,"enemies":"Jaw Worm","floor":4,"turns":4},{"damage":18,"enemies":"Lagavulin","floor":7,"turns":7},{"damage":6,"enemies":"Cultist","floor":8,"turns":3},{"damage":8,"enemies":"3 Louse","floor":13,"turns":2},{"damage":45,"enemies":"The Guardian","floor":16,"turns":9},{"damage":4,"enemies":"Chosen","floor":18,"turns":3},{"damage":11,"enemies":"Spheric Guardian","floor":19,"turns":4},{"damage":21,"enemies":"Cultist and Chosen","floor":21,"turns":5},{"damage":34,"enemies":"Slavers","floor":24,"turns":7},{"damage":10,"enemies":"Snecko","floor":27,"turns":5},{"damage":24,"enemies":"Chosen and Byrds","floor":28,"turns":5},{"damage":26,"enemies":"Snake Plant","floor":30,"turns":3},{"damage":59,"enemies":"Automaton","floor":33,"turns":12},{"damage":23,"enemies":"3 Shapes","floor":35,"turns":4},{"damage":11,"enemies":"Orb Walker","floor":36,"turns":3},{"damage":25,"enemies":"4 Shapes","floor":38,"turns":3},{"damage":21,"enemies":"Maw","floor":39,"turns":7},{"damage":0,"enemies":"3 Darklings","floor":45,"turns":2},{"damage":26,"enemies":"Sphere and 2 Shapes","floor":46,"turns":5},{"damage":92,"enemies":"Giant Head","floor":47,"turns":9}],"event_choices":[{"event_name":"Living Wall","player_choice":"Change","floor":2,"damage_taken":0},{"event_name":"Golden Shrine","player_choice":"Pray","floor":3,"damage_taken":0},{"event_name":"Shining Light","player_choice":"Entered Light","floor":5,"damage_taken":0},{"event_name":"Upgrade Shrine","player_choice":"Upgraded","floor":20,"damage_taken":0},{"event_name":"Beggar","player_choice":"Gave Gold","floor":22,"damage_taken":0},{"event_name":"Bonfire Elementals","player_choice":"UNCOMMON","floor":29,"damage_taken":0},{"event_name":"Tomb of Lord Red Mask","player_choice":"Ignored","floor":37,"damage_taken":0}],"boss_relics":[{"not_picked":["Runic Cube","Mark of Pain"],"picked":"Black Star"},{"not_picked":["Pandora\u0027s Box","Tiny House"],"picked":"Cursed Key"}],"potions_floor_spawned":[1,13,16,21,24,33,35,36],"seed_played":"-2298886657600214263","killed_by":"Giant Head","ascension_level":0,"is_trial":false}