{"gold_per_floor":[116,191,191,215,36,48,88,100,193,240,267,301,313,345,357,472,484,509,521,545,574,141,141,154,171,171,171,86,86,97,109,109,205,205,220,239,254,254],"floor_reached":38,"playtime":2119,"items_purged":["Strike_G"],"score":610,"play_id":"98e25ea8-48af-4d95-a88e-ea9f7441a40e","local_time":"20181023205625","is_ascension_mode":true,"campfire_choices":[{"data":"Noxious Fumes","floor":6.0,"key":"SMITH"},{"data":"Dodge and Roll","floor":8.0,"key":"SMITH"},{"data":"Die Die Die","floor":15.0,"key":"SMITH"},{"data":"Noxious Fumes","floor":23.0,"key":"SMITH"},{"data":"Accuracy","floor":27.0,"key":"SMITH"},{"floor":32.0,"key":"REST"}],"neow_cost":"NONE","seed_source_timestamp":0,"circlet_count":0,"master_deck":["Defend_G","Defend_G","Defend_G","Defend_G","Defend_G","Strike_G","Strike_G","Strike_G","Survivor","Neutralize","Accuracy+1","Noxious Fumes+1","Dodge and Roll+1","Dodge and Roll+1","Cloak And Dagger+1","Die Die Die+1","Prepared+1","Noxious Fumes+1","After Image","Normality","Noxious Fumes+1","Escape Plan+1","After Image","Cloak And Dagger+1","Dodge and Roll+1","Backflip+1","Acrobatics+1"],"special_seed":0,"relics":["Ring of the Snake","NeowsBlessing","Anchor","MawBank","Torii","Toxic Egg 2","Blood Vial","Smiling Mask","Cursed Key","Blue Candle","Omamori","Vajra","Orrery"],"potions_floor_usage":[38],"damage_taken":[{"damage":0.0,"enemies":"2 Louse","floor":1.0,"turns":1.0},{"damage":0.0,"enemies":"Lagavulin","floor":7.0,"turns":1.0},{"damage":0.0,"enemies":"Gremlin Nob","floor":10.0,"turns":2.0},{"damage":1.0,"enemies":"Small Slimes","floor":11.0,"turns":4.0},{"damage":0.0,"enemies":"Jaw Worm","floor":12.0,"turns":4.0},{"damage":0.0,"enemies":"Red Slaver","floor":14.0,"turns":3.0},{"damage":32.0,"enemies":"Slime Boss","floor":16.0,"turns":10.0},{"damage":11.0,"enemies":"Chosen","floor":18.0,"turns":5.0},{"damage":0.0,"enemies":"3 Byrds","floor":20.0,"turns":5.0},{"damage":9.0,"enemies":"3 Cultists","floor":21.0,"turns":5.0},{"damage":0.0,"enemies":"Centurion and Healer","floor":24.0,"turns":6.0},{"damage":8.0,"enemies":"Snecko","floor":25.0,"turns":7.0},{"damage":20.0,"enemies":"Snake Plant","floor":30.0,"turns":5.0},{"damage":20.0,"enemies":"Cultist and Chosen","floor":31.0,"turns":7.0},{"damage":1.0,"enemies":"Automaton","floor":33.0,"turns":10.0},{"damage":1.0,"enemies":"3 Shapes","floor":35.0,"turns":5.0},{"damage":20.0,"enemies":"3 Darklings","floor":36.0,"turns":5.0},{"damage":19,"enemies":"Writhing Mass","floor":37,"turns":8},{"damage":30,"enemies":"Jaw Worm Horde","floor":38,"turns":2}],"seed_played":"361524116244295581","potions_obtained":[{"floor":1.0,"key":"SteroidPotion"},{"floor":7.0,"key":"GamblersBrew"},{"floor":16.0,"key":"LiquidBronze"},{"floor":18.0,"key":"GamblersBrew"},{"floor":31.0,"key":"SkillPotion"},{"floor":33.0,"key":"SpeedPotion"},{"floor":36,"key":"GamblersBrew"}],"is_trial":false,"path_per_floor":["M","?","?","T","$","R","E","R","T","E","M","M","?","M","R","B",null,"M","?","M","M","$","R","M","M","T","R","?","?","M","M","R","B",null,"M","M","M"],"character_chosen":"THE_SILENT","items_purchased":["Noxious Fumes","MawBank","After Image","Blue Candle"],"campfire_rested":1,"item_purchase_floors":[5,5,22,22],"current_hp_per_floor":[70,59,59,59,59,59,59,59,59,59,60,62,62,64,64,34,61,52,52,54,47,47,47,49,43,43,43,43,43,25,7,28,29,60,61,43,26,0],"gold":254,"neow_bonus":"THREE_ENEMY_KILL","is_prod":false,"is_daily":false,"chose_seed":false,"campfire_upgraded":5,"win_rate":0,"timestamp":1540342585,"path_taken":["M","?","?","?","$","R","E","R","T","E","M","M","?","M","R","BOSS","M","?","M","M","$","R","M","M","T","R","?","?","M","M","R","BOSS","M","?","M","M"],"build_version":"2018-10-18","purchased_purges":1,"victory":false,"max_hp_per_floor":[70,70,70,70,70,70,70,70,70,70,70,70,70,70,70,70,70,70,70,70,70,70,70,70,70,70,70,70,70,70,70,70,70,70,70,70,70,70],"card_choices":[{"not_picked":["Blur","Masterful Stab"],"picked":"Accuracy","floor":1.0},{"not_picked":["Acrobatics","Dagger Spray"],"picked":"Dodge and Roll","floor":7.0},{"not_picked":["Dagger Spray","Outmaneuver+1"],"picked":"Dodge and Roll+1","floor":10.0},{"not_picked":["Deadly Poison+1","PiercingWail+1"],"picked":"Cloak And Dagger+1","floor":11.0},{"not_picked":["Setup+1","Slice","Choke"],"picked":"SKIP","floor":12.0},{"not_picked":["Acrobatics+1","Deadly Poison+1"],"picked":"Die Die Die","floor":14.0},{"not_picked":["Flying Knee","Dagger Throw"],"picked":"Prepared+1","floor":18.0},{"not_picked":["Sucker Punch","Prepared+1","Finisher"],"picked":"SKIP","floor":20.0},{"not_picked":["Sucker Punch+1","Prepared+1","Dagger Throw+1"],"picked":"SKIP","floor":21.0},{"not_picked":["Dagger Throw","Flechettes","Underhanded Strike+1"],"picked":"SKIP","floor":24.0},{"not_picked":["Deadly Poison+1","Prepared+1","Sucker Punch+1"],"picked":"SKIP","floor":25.0},{"not_picked":["Quick Slash","Slice"],"picked":"Escape Plan+1","floor":30.0},{"not_picked":["Underhanded Strike","Caltrops+1"],"picked":"After Image","floor":31.0},{"not_picked":["Bane","Underhanded Strike+1"],"picked":"Cloak And Dagger+1","floor":34.0},{"not_picked":["Bullet Time+1","PiercingWail+1"],"picked":"Dodge and Roll+1","floor":34.0},{"not_picked":["Heel Hook+1","Deflect+1"],"picked":"Backflip+1","floor":35.0},{"not_picked":["Prepared+1","Slice"],"picked":"Acrobatics+1","floor":36},{"not_picked":["Poisoned Stab+1","Underhanded Strike","Dagger Throw"],"picked":"SKIP","floor":37}],"player_experience":669145,"relics_obtained":[{"floor":4.0,"key":"Anchor"},{"floor":7.0,"key":"Torii"},{"floor":9.0,"key":"Toxic Egg 2"},{"floor":10.0,"key":"Blood Vial"},{"floor":26.0,"key":"Omamori"}],"event_choices":[{"damage_healed":0.0,"max_hp_gain":0.0,"max_hp_loss":0.0,"gold_gain":75.0,"event_name":"World of Goop","player_choice":"Gather Gold","floor":2.0,"gold_loss":0.0,"damage_taken":11.0},{"cards_removed":["Strike_G"],"damage_healed":0.0,"max_hp_gain":0.0,"max_hp_loss":0.0,"gold_gain":0.0,"event_name":"Purifier","player_choice":"Purged","floor":3.0,"gold_loss":0.0,"damage_taken":0.0},{"damage_healed":0.0,"max_hp_gain":0.0,"max_hp_loss":0.0,"gold_gain":0.0,"event_name":"WeMeetAgain","player_choice":"Gave Potion","floor":13.0,"gold_loss":0.0,"damage_taken":0.0,"relics_obtained":["Smiling Mask"]},{"damage_healed":0.0,"max_hp_gain":0.0,"max_hp_loss":0.0,"gold_gain":0.0,"event_name":"The Library","player_choice":"Read","floor":19.0,"gold_loss":0.0,"damage_taken":0.0,"cards_obtained":["Noxious Fumes"]},{"damage_healed":0.0,"max_hp_gain":0.0,"max_hp_loss":0.0,"gold_gain":0.0,"event_name":"Addict","player_choice":"Obtained Relic","floor":28.0,"gold_loss":85.0,"damage_taken":0.0,"relics_obtained":["Vajra"]},{"damage_healed":0.0,"max_hp_gain":0.0,"max_hp_loss":0.0,"gold_gain":0.0,"event_name":"Duplicator","player_choice":"Copied","floor":29.0,"gold_loss":0.0,"damage_taken":0.0,"cards_obtained":["Noxious Fumes"]}],"is_beta":false,"boss_relics":[{"not_picked":["Pandora\u0027s Box","Fusion Hammer"],"picked":"Cursed Key"},{"not_picked":["Velvet Choker","Black Star"],"picked":"Orrery"}],"items_purged_floors":[22],"is_endless":false,"potions_floor_spawned":[1,7,16,18,31,33,36],"killed_by":"Jaw Worm Horde","ascension_level":5}