{"gold_per_floor":[112,187,187,207,224,224,238,238,238,238,251,251,3,23,23,23],"floor_reached":16,"playtime":693,"items_purged":[],"score":92,"play_id":"1d155e66-758c-4f12-bd06-3a55f53d88f8","local_time":"20180624160135","is_ascension_mode":false,"campfire_choices":[{"data":"Genetic Algorithm","floor":6,"key":"SMITH"},{"data":"Stack","floor":8,"key":"SMITH"},{"floor":12,"key":"REST"},{"floor":15,"key":"REST"}],"neow_cost":"NONE","seed_source_timestamp":944185413112214,"circlet_count":0,"master_deck":["Strike_B","Strike_B","Strike_B","Strike_B","Defend_B","Defend_B","Defend_B","Defend_B","Zap","Dualcast","Biased Cognition+1","Genetic Algorithm+1","Redo","Stack+1","Stack","Reboot"],"relics":["Cracked Core","Smiling Mask","Peace Pipe","Pear"],"potions_floor_usage":[16,16],"damage_taken":[{"damage":6,"enemies":"Jaw Worm","floor":1,"turns":4},{"damage":0,"enemies":"2 Louse","floor":4,"turns":1},{"damage":3,"enemies":"Small Slimes","floor":5,"turns":3},{"damage":22,"enemies":"3 Louse","floor":7,"turns":4},{"damage":21,"enemies":"Gremlin Gang","floor":11,"turns":4},{"damage":17,"enemies":"Exordium Thugs","floor":14,"turns":5},{"damage":43,"enemies":"Slime Boss","floor":16,"turns":10}],"seed_played":"-2733792887630393184","potions_obtained":[{"floor":7,"key":"Swift Potion"},{"floor":11,"key":"Explosive Potion"}],"is_trial":false,"path_per_floor":["M","?","?","M","M","R","M","R","T","?","M","R","$","M","R"],"character_chosen":"DEFECT","items_purchased":["Pear"],"campfire_rested":2,"item_purchase_floors":[13],"current_hp_per_floor":[69,58,58,58,55,55,33,33,33,30,9,31,41,24,49,6],"gold":23,"neow_bonus":"ONE_RANDOM_RARE_CARD","is_prod":false,"is_daily":false,"chose_seed":false,"campfire_upgraded":2,"win_rate":0,"timestamp":1529870495,"path_taken":["M","?","?","?","M","R","M","R","T","?","M","R","$","M","R","BOSS"],"build_version":"2018-06-21v2","purchased_purges":0,"victory":false,"max_hp_per_floor":[75,75,75,75,75,75,75,75,75,75,75,75,85,85,85,85],"card_choices":[{"not_picked":["Beam Cell","Rebound","Leap"],"picked":"SKIP","floor":1},{"not_picked":["Heatsinks","Melter"],"picked":"Genetic Algorithm","floor":4},{"not_picked":["Turbo","Auto Shields"],"picked":"Redo","floor":5},{"not_picked":["Go for the Eyes","Turbo"],"picked":"Stack","floor":7},{"not_picked":["Lockon","Beam Cell"],"picked":"Stack","floor":11},{"not_picked":["Beam Cell","Consume"],"picked":"Reboot","floor":14}],"player_experience":522705,"relics_obtained":[{"floor":9,"key":"Smiling Mask"}],"event_choices":[{"event_name":"World of Goop","player_choice":"Gather Gold","floor":2,"damage_taken":0},{"event_name":"Living Wall","player_choice":"Grow","floor":3,"damage_taken":0},{"event_name":"Scrap Ooze","player_choice":"success","floor":10,"damage_taken":3}],"boss_relics":[],"items_purged_floors":[],"is_endless":false,"potions_floor_spawned":[7,11],"killed_by":"Slime Boss","ascension_level":0}