{"gold_per_floor":[112,125,50,64,64,64,81,81,81,98,98,115,89,106,106,180,180,193,193,208,54,54,54,54],"floor_reached":24,"playtime":770,"items_purged":[],"score":329,"play_id":"50f27245-a8b7-413d-9105-0a622149c13b","local_time":"20190301164542","is_ascension_mode":true,"campfire_choices":[{"data":"Searing Blow+1","floor":6.0,"key":"SMITH"},{"data":"Bloodletting","floor":11.0,"key":"SMITH"},{"data":"Armaments","floor":15.0,"key":"SMITH"},{"data":"Searing Blow+2","floor":23,"key":"SMITH"}],"neow_cost":"NONE","seed_source_timestamp":138348425323295,"circlet_count":0,"master_deck":["AscendersBane","Strike_R","Strike_R","Defend_R","Defend_R","Defend_R","Defend_R","Bash","Searing Blow+3","Bloodletting+1","Double Tap","Armaments+1","Seeing Red","Rage+1","Shame"],"special_seed":0,"relics":["Burning Blood","NeowsBlessing","Anchor","Empty Cage","Bag of Preparation","Toxic Egg 2"],"potions_floor_usage":[16,16,20],"damage_taken":[{"damage":0.0,"enemies":"Small Slimes","floor":1.0,"turns":1.0},{"damage":0.0,"enemies":"Jaw Worm","floor":2.0,"turns":1.0},{"damage":0.0,"enemies":"2 Louse","floor":4.0,"turns":1.0},{"damage":6.0,"enemies":"Gremlin Gang","floor":7.0,"turns":6.0},{"damage":4.0,"enemies":"Exordium Wildlife","floor":10.0,"turns":3.0},{"damage":3.0,"enemies":"2 Fungi Beasts","floor":12.0,"turns":4.0},{"damage":3.0,"enemies":"Blue Slaver","floor":14.0,"turns":3.0},{"damage":80,"enemies":"Hexaghost","floor":16,"turns":11},{"damage":3,"enemies":"Chosen","floor":18,"turns":4},{"damage":46,"enemies":"3 Byrds","floor":20,"turns":11},{"damage":35,"enemies":"Sentry and Sphere","floor":24,"turns":5}],"seed_played":"5890057356053723206","potions_obtained":[{"floor":1.0,"key":"Block Potion"},{"floor":4.0,"key":"BloodPotion"},{"floor":10.0,"key":"Dexterity Potion"},{"floor":16,"key":"FairyPotion"},{"floor":18,"key":"SkillPotion"}],"is_trial":false,"path_per_floor":["M","M","?","M","?","R","M","?","T","M","R","M","$","M","R","B",null,"M","?","M","$","?","R","M"],"character_chosen":"IRONCLAD","items_purchased":["Armaments","Bag of Preparation"],"campfire_rested":0,"item_purchase_floors":[13,21],"current_hp_per_floor":[74,75,75,75,75,75,75,75,75,75,75,75,75,75,75,8,58,61,61,21,21,21,21,0],"gold":54,"neow_bonus":"THREE_ENEMY_KILL","is_prod":false,"is_daily":false,"chose_seed":false,"campfire_upgraded":4,"win_rate":0,"timestamp":1551480342,"path_taken":["M","M","?","M","?","R","M","?","T","M","R","M","?","M","R","BOSS","M","?","?","$","?","R","M"],"build_version":"2019-01-23","purchased_purges":0,"victory":false,"max_hp_per_floor":[75,75,75,75,75,75,75,75,75,75,75,75,75,75,75,75,75,75,75,75,75,75,75,75],"card_choices":[{"not_picked":["Feel No Pain","Armaments","Blood for Blood"],"picked":"SKIP","floor":1.0},{"not_picked":["Shrug It Off","Cleave"],"picked":"Searing Blow","floor":2.0},{"not_picked":["Pommel Strike","Twin Strike","Armaments"],"picked":"SKIP","floor":4.0},{"not_picked":["Reckless Charge","Clash","Anger"],"picked":"SKIP","floor":7.0},{"not_picked":["Reckless Charge","Clash","Anger"],"picked":"SKIP","floor":7.0},{"not_picked":["Inflame","Sword Boomerang"],"picked":"Bloodletting","floor":10.0},{"not_picked":["Inflame","Shockwave"],"picked":"Double Tap","floor":12.0},{"not_picked":["Heavy Blade","Warcry","Havoc"],"picked":"SKIP","floor":14.0},{"not_picked":["Twin Strike","Cleave"],"picked":"Seeing Red","floor":18},{"not_picked":["Feel No Pain","Pommel Strike"],"picked":"Rage+1","floor":20}],"player_experience":617401,"relics_obtained":[{"floor":9.0,"key":"Anchor"}],"event_choices":[{"cards_removed":["Strike_R"],"damage_healed":0.0,"max_hp_gain":0.0,"max_hp_loss":0.0,"gold_gain":0.0,"event_name":"The Cleric","player_choice":"Card Removal","floor":3.0,"gold_loss":75.0,"damage_taken":0.0},{"damage_healed":0.0,"max_hp_gain":0.0,"max_hp_loss":0.0,"gold_gain":0.0,"event_name":"Living Wall","player_choice":"Grow","floor":5.0,"gold_loss":0.0,"damage_taken":0.0,"cards_upgraded":["Searing Blow"]},{"damage_healed":0.0,"max_hp_gain":0.0,"max_hp_loss":0.0,"gold_gain":0.0,"event_name":"Liars Game","player_choice":"Ignored","floor":8.0,"gold_loss":0.0,"damage_taken":0.0},{"damage_healed":0,"gold_gain":0,"player_choice":"Got Potions","damage_taken":0,"max_hp_gain":0,"max_hp_loss":0,"event_name":"Lab","floor":19,"gold_loss":0},{"damage_healed":0,"gold_gain":0,"player_choice":"Stole Relic","damage_taken":0,"relics_obtained":["Toxic Egg 2"],"max_hp_gain":0,"max_hp_loss":0,"event_name":"Addict","floor":22,"gold_loss":0,"cards_obtained":["Shame"]}],"is_beta":false,"boss_relics":[{"not_picked":["Calling Bell","Runic Cube"],"picked":"Empty Cage"}],"items_purged_floors":[],"is_endless":false,"potions_floor_spawned":[1,4,10,16,18],"killed_by":"Sentry and Sphere","ascension_level":15}