{"path_per_floor":["M","M","?","M","?","E","R","$","T","R","E","M","$","E","R","B",null,"M","?","$","?","M","R","E","R","T","?","?","R","E","M","R","B",null,"M","?","M","?","?","R","E","M","T","M","E","$","?","E","R","B"],"character_chosen":"IRONCLAD","items_purchased":["Flash of Steel","Burning Pact","Dexterity Potion"],"gold_per_floor":[119,133,133,151,151,181,181,9,9,9,40,58,58,90,90,185,185,175,175,75,75,88,88,116,116,116,116,116,116,144,158,158,262,262,277,277,295,295,295,295,321,334,334,345,377,120,166,192,192,192],"floor_reached":51,"campfire_rested":1,"playtime":4287,"current_hp_per_floor":[80,80,85,83,80,63,63,63,63,63,53,59,59,59,59,62,85,82,66,66,66,72,72,73,73,73,73,73,73,62,65,65,54,85,85,85,85,95,95,95,88,94,104,105,105,105,89,53,84,30],"items_purged":["Strike_R","Strike_R","Offering"],"gold":192,"score":755,"play_id":"e78ffa92-0f7a-4203-abb0-1b7b819d1a80","is_prod":false,"is_daily":false,"is_ascension_mode":true,"campfire_upgraded":8,"path_taken":["M","M","?","?","?","E","R","?","T","R","E","?","$","E","R","BOSS","M","?","$","?","?","R","E","R","T","?","?","R","E","M","R","BOSS","M","?","M","?","?","R","E","M","T","M","E","$","?","E","R","BOSS"],"build_version":"2018-02-08-BETA1","purchased_purges":3,"victory":true,"master_deck":["Strike_R","Strike_R","Defend_R","Defend_R","Defend_R","Defend_R+1","Bash+1","Shrug It Off+1","Flame Barrier+1","Body Slam+1","True Grit+1","Flash of Steel","Exhume","Body Slam+1","Necronomicurse","Shrug It Off+1","Bloodletting+1","Body Slam+1","Armaments+1","Flame Barrier+1","Writhe","True Grit+1","Body Slam+1","Burning Pact","Power Through+1","Body Slam+1"],"max_hp_per_floor":[80,80,85,85,85,85,85,85,85,85,85,85,85,85,85,85,85,85,85,85,85,85,85,85,85,85,85,85,85,85,85,85,85,85,85,85,85,95,95,95,95,95,105,105,105,105,105,105,105,105],"relics":["Burning Blood","Pen Nib","Frozen Egg 2","Du-Vu Doll","War Paint","Gremlin Horn","Runic Dome","Necronomicon","Juzu Bracelet","Unceasing Top","Sundial","Snecko Eye","Gambling Chip","Pear","Orichalcum","Charon\u0027s Ashes","Oddly Smooth Stone"],"card_choices":[{"not_picked":["Iron Wave","Perfected Strike"],"picked":"Shrug It Off"},{"not_picked":["Havoc","Heavy Blade"],"picked":"Flame Barrier"},{"not_picked":["Flex","Searing Blow"],"picked":"Body Slam"},{"not_picked":["Hemokinesis","Sever Soul"],"picked":"True Grit"},{"not_picked":["Thunderclap","Intimidate"],"picked":"Exhume"},{"not_picked":["Pommel Strike","Intimidate"],"picked":"Body Slam"},{"not_picked":["Offering","Feed"],"picked":"Barricade"},{"not_picked":["Flame Barrier","Body Slam"],"picked":"Shrug It Off"},{"not_picked":["Anger","Rampage"],"picked":"Bloodletting"},{"not_picked":["Anger","Evolve"],"picked":"Armaments"},{"not_picked":["Feed","Reaper"],"picked":"Barricade"},{"not_picked":["Twin Strike","Sword Boomerang"],"picked":"Flame Barrier"},{"not_picked":["Burning Pact","Havoc"],"picked":"True Grit"},{"not_picked":["Fiend Fire","Shockwave"],"picked":"Body Slam"},{"not_picked":["Havoc","Hemokinesis"],"picked":"Offering"},{"not_picked":["True Grit","Hemokinesis"],"picked":"Power Through"},{"not_picked":["Rupture","Warcry"],"picked":"Body Slam"}],"player_experience":69696,"potions_floor_usage":[14,22,24,24,41,41,50,50,50],"damage_taken":[{"damage":2,"enemies":"2 Louse","floor":1,"turns":3},{"damage":0,"enemies":"Small Slimes","floor":2,"turns":3},{"damage":8,"enemies":"Blue Slaver","floor":4,"turns":4},{"damage":23,"enemies":"3 Sentries","floor":6,"turns":11},{"damage":16,"enemies":"Gremlin Nob","floor":11,"turns":3},{"damage":0,"enemies":"2 Fungi Beasts","floor":12,"turns":3},{"damage":6,"enemies":"3 Sentries","floor":14,"turns":10},{"damage":3,"enemies":"The Guardian","floor":16,"turns":11},{"damage":9,"enemies":"2 Thieves","floor":18,"turns":4},{"damage":0,"enemies":"Chosen","floor":22,"turns":2},{"damage":5,"enemies":"Book of Stabbing","floor":24,"turns":4},{"damage":17,"enemies":"Slavers","floor":30,"turns":4},{"damage":3,"enemies":"Snecko","floor":31,"turns":4},{"damage":17,"enemies":"Collector","floor":33,"turns":8},{"damage":0,"enemies":"3 Shapes","floor":35,"turns":3},{"damage":0,"enemies":"Orb Walker","floor":37,"turns":3},{"damage":13,"enemies":"Nemesis","floor":41,"turns":4},{"damage":0,"enemies":"Sphere and 2 Shapes","floor":42,"turns":3},{"damage":5,"enemies":"Spire Growth","floor":44,"turns":3},{"damage":3,"enemies":"2 Orb Walkers","floor":45,"turns":3},{"damage":22,"enemies":"Mysterious Sphere","floor":47,"turns":6},{"damage":42,"enemies":"Giant Head","floor":48,"turns":7},{"damage":60,"enemies":"Time Eater","floor":50,"turns":9}],"event_choices":[{"event_name":"Big Fish","player_choice":"Donut","floor":3,"damage_taken":0},{"event_name":"Scrap Ooze","player_choice":"success","floor":5,"damage_taken":3},{"event_name":"Cursed Tome","player_choice":"Obtained Book","floor":19,"damage_taken":0},{"event_name":"The Woman in Blue","player_choice":"Bought 0 Potions","floor":21,"damage_taken":0},{"event_name":"Transmorgrifier","player_choice":"Transform","floor":27,"damage_taken":0},{"event_name":"The Lab","player_choice":"Got Potions","floor":28,"damage_taken":0},{"event_name":"Winding Halls","player_choice":"Writhe","floor":36,"damage_taken":0},{"event_name":"Bonfire Elementals","player_choice":"RARE","floor":38,"damage_taken":0},{"event_name":"Mysterious Sphere","player_choice":"Fight","floor":47,"damage_taken":0}],"boss_relics":[{"not_picked":["Ectoplasm","White Beast Statue"],"picked":"Runic Dome"},{"not_picked":["Eternal Feather","Calling Bell"],"picked":"Snecko Eye"}],"potions_floor_spawned":[11,12,14,16,22,31,41,42],"seed_played":"-7437762211238180969","ascension_level":4,"is_trial":false}