{"gold_per_floor":[110,28,28,28,28,28,61,61,113,132,132,143,143,21,21,121,121,136,150,161,161,84,84,84,84,107,107,27,27,42,42,42,140,190,205,223,50,65,65,65,65,0,53,72,84,102,102,120,120,120],"floor_reached":51,"playtime":3423,"items_purged":["Parasite","Writhe"],"score":782,"play_id":"d649c757-6f20-489d-ae55-a6f6a1b2cf6f","local_time":"20181020012057","is_ascension_mode":true,"campfire_choices":[{"data":"Infinite Blades","floor":6,"key":"SMITH"},{"floor":8,"key":"REST"},{"data":"Noxious Fumes","floor":15,"key":"SMITH"},{"floor":23,"key":"REST"},{"data":"Footwork","floor":25,"key":"SMITH"},{"data":"Dodge and Roll","floor":27,"key":"SMITH"},{"data":"Noxious Fumes","floor":32,"key":"SMITH"},{"data":"Noxious Fumes","floor":40,"key":"SMITH"},{"floor":47,"key":"REST"},{"floor":49,"key":"REST"}],"neow_cost":"NONE","seed_source_timestamp":854029504200194,"circlet_count":0,"master_deck":["Defend_G","Defend_G","Defend_G","Defend_G","Defend_G","Strike_G","Strike_G","Strike_G+1","Survivor","Neutralize","Burst","Backflip","Infinite Blades+1","Noxious Fumes+1","Corpse Explosion","Dodge and Roll+1","Tools of the Trade","PiercingWail","Footwork+1","Noxious Fumes+1","Dash","Footwork+1","Dodge and Roll","Noxious Fumes+1","Parasite","Parasite","Shame","Dodge and Roll+1","Dodge and Roll+1"],"relics":["Ring of the Snake","Singing Bowl","Orichalcum","Boot","Cursed Key","Lantern","Tiny House","Toxic Egg 2","FossilizedHelix","Red Mask","Tiny Chest"],"potions_floor_usage":[16,16,33,46,50],"damage_taken":[{"damage":2,"enemies":"Jaw Worm","floor":1,"turns":7},{"damage":58,"enemies":"Lagavulin","floor":7,"turns":10},{"damage":9,"enemies":"Small Slimes","floor":10,"turns":5},{"damage":0,"enemies":"Cultist","floor":12,"turns":3},{"damage":27,"enemies":"Slime Boss","floor":16,"turns":10},{"damage":33,"enemies":"Spheric Guardian","floor":18,"turns":8},{"damage":2,"enemies":"3 Byrds","floor":19,"turns":5},{"damage":25,"enemies":"Shelled Parasite and Fungi","floor":20,"turns":8},{"damage":9,"enemies":"Sentry and Sphere","floor":30,"turns":7},{"damage":36,"enemies":"Collector","floor":33,"turns":9},{"damage":20,"enemies":"3 Darklings","floor":35,"turns":4},{"damage":4,"enemies":"3 Shapes","floor":36,"turns":5},{"damage":21,"enemies":"Writhing Mass","floor":38,"turns":9},{"damage":5,"enemies":"Mind Bloom Boss Battle","floor":41,"turns":6},{"damage":20,"enemies":"Spire Growth","floor":44,"turns":8},{"damage":0,"enemies":"Maw","floor":45,"turns":10},{"damage":17,"enemies":"Jaw Worm Horde","floor":46,"turns":8},{"damage":0,"enemies":"Writhing Mass","floor":48,"turns":8},{"damage":61,"enemies":"Time Eater","floor":50,"turns":18}],"seed_played":"-6710003928882008276","potions_obtained":[{"floor":7,"key":"Poison Potion"},{"floor":12,"key":"Strength Potion"},{"floor":19,"key":"Swift Potion"},{"floor":33,"key":"LiquidBronze"},{"floor":34,"key":"SteroidPotion"},{"floor":36,"key":"SteroidPotion"},{"floor":44,"key":"Regen Potion"},{"floor":45,"key":"Fire Potion"},{"floor":48,"key":"FearPotion"}],"is_trial":false,"path_per_floor":["M","$","?","T","?","R","E","R","T","M","?","M","?","$","R","B",null,"M","M","M","?","$","R","?","R","T","R","$","?","M","?","R","B",null,"M","M","$","M","T","R","?","?","T","M","M","M","R","M","R","B"],"character_chosen":"THE_SILENT","items_purchased":["Infinite Blades","Dodge and Roll","Footwork","Noxious Fumes","Noxious Fumes"],"campfire_rested":4,"item_purchase_floors":[2,14,22,28,37],"current_hp_per_floor":[68,68,68,68,68,68,10,31,31,24,29,31,31,31,31,4,76,45,43,20,20,20,44,44,44,44,44,44,44,37,64,64,30,89,69,65,65,46,46,46,43,43,43,23,25,23,51,53,82,21],"gold":120,"neow_bonus":"ONE_RANDOM_RARE_CARD","is_prod":false,"is_daily":false,"chose_seed":false,"campfire_upgraded":6,"win_rate":0,"timestamp":1540012857,"path_taken":["M","$","?","?","?","R","E","R","T","?","?","M","?","$","R","BOSS","M","?","?","?","$","R","?","R","T","R","$","?","M","?","R","BOSS","M","M","$","M","?","R","?","?","T","M","M","M","R","M","R","BOSS"],"build_version":"2018-10-18","purchased_purges":2,"victory":true,"max_hp_per_floor":[70,70,70,70,70,70,70,70,70,72,77,79,79,76,76,76,76,78,78,80,80,80,80,80,80,80,80,80,80,82,82,82,84,89,89,89,89,91,91,91,93,93,93,93,95,95,95,97,97,97],"card_choices":[{"not_picked":["Quick Slash","Sucker Punch"],"picked":"Backflip","floor":1},{"not_picked":["Poisoned Stab","Phantasmal Killer"],"picked":"Noxious Fumes","floor":7},{"not_picked":["Sucker Punch","PiercingWail","Well Laid Plans"],"picked":"Singing Bowl","floor":10},{"not_picked":["Underhanded Strike","Crippling Poison","Distraction"],"picked":"Singing Bowl","floor":12},{"not_picked":["Phantasmal Killer","Night Terror"],"picked":"Tools of the Trade","floor":16},{"not_picked":["Well Laid Plans","Quick Slash","Skewer+1"],"picked":"Singing Bowl","floor":18},{"not_picked":["Quick Slash","Bane"],"picked":"PiercingWail","floor":19},{"not_picked":["Blade Dance","Poisoned Stab","Choke"],"picked":"Singing Bowl","floor":20},{"not_picked":["Deflect+1","Sucker Punch+1","Dagger Spray"],"picked":"Singing Bowl","floor":30},{"not_picked":["Wraith Form v2","Die Die Die","Unload"],"picked":"Singing Bowl","floor":33},{"not_picked":["Dagger Spray","Dagger Throw"],"picked":"Dash","floor":34},{"not_picked":["All Out Attack","Prepared"],"picked":"Footwork+1","floor":35},{"not_picked":["Masterful Stab","PiercingWail+1"],"picked":"Dodge and Roll","floor":36},{"not_picked":["Expertise+1","Blade Dance","Slice+1"],"picked":"Singing Bowl","floor":38},{"not_picked":["PiercingWail+1","Quick Slash+1","Backflip+1"],"picked":"Singing Bowl","floor":41},{"not_picked":["Masterful Stab+1","Setup+1"],"picked":"Dodge and Roll+1","floor":44},{"not_picked":["Terror+1","Eviscerate+1","Acrobatics+1"],"picked":"Singing Bowl","floor":45},{"not_picked":["Slice+1","Deflect+1"],"picked":"Dodge and Roll+1","floor":46},{"not_picked":["Prepared+1","Quick Slash","Heel Hook+1"],"picked":"Singing Bowl","floor":48}],"player_experience":648526,"relics_obtained":[{"floor":4,"key":"Singing Bowl"},{"floor":7,"key":"Orichalcum"},{"floor":9,"key":"Boot"},{"floor":26,"key":"Lantern"},{"floor":39,"key":"Toxic Egg 2"},{"floor":41,"key":"FossilizedHelix"},{"floor":43,"key":"Tiny Chest"}],"event_choices":[{"damage_healed":0,"gold_gain":0,"player_choice":"Leave","damage_taken":0,"max_hp_gain":0,"max_hp_loss":0,"event_name":"The Cleric","floor":3,"gold_loss":0},{"cards_removed":["Strike_G"],"damage_healed":0,"gold_gain":0,"player_choice":"Offered Basic","damage_taken":0,"max_hp_gain":0,"max_hp_loss":0,"event_name":"Bonfire Elementals","floor":5,"gold_loss":0},{"damage_healed":0,"gold_gain":0,"player_choice":"Donut","damage_taken":0,"max_hp_gain":5,"max_hp_loss":0,"event_name":"Big Fish","floor":11,"gold_loss":0},{"damage_healed":0,"gold_gain":0,"player_choice":"2 cards matched","damage_taken":0,"max_hp_gain":0,"max_hp_loss":0,"event_name":"Match and Keep!","floor":13,"gold_loss":0,"cards_obtained":["Corpse Explosion","Parasite"]},{"damage_healed":0,"gold_gain":0,"player_choice":"Ignored","damage_taken":0,"max_hp_gain":0,"max_hp_loss":0,"event_name":"Cursed Tome","floor":21,"gold_loss":0},{"cards_removed":["Strike_G"],"damage_healed":0,"gold_gain":0,"player_choice":"Elegance","damage_taken":0,"max_hp_gain":0,"max_hp_loss":0,"event_name":"Back to Basics","floor":24,"gold_loss":0},{"damage_healed":0,"gold_gain":0,"player_choice":"Ignored","damage_taken":0,"max_hp_gain":0,"max_hp_loss":0,"event_name":"N\u0027loth","floor":29,"gold_loss":0},{"damage_healed":27,"gold_gain":0,"player_choice":"Heal","damage_taken":0,"max_hp_gain":0,"max_hp_loss":0,"event_name":"The Library","floor":31,"gold_loss":0},{"damage_healed":0,"gold_gain":0,"player_choice":"Fight","damage_taken":0,"max_hp_gain":0,"max_hp_loss":0,"event_name":"MindBloom","floor":41,"gold_loss":0},{"damage_healed":0,"gold_gain":0,"player_choice":"Paid","damage_taken":0,"relics_obtained":["Red Mask"],"max_hp_gain":0,"max_hp_loss":0,"event_name":"Tomb of Lord Red Mask","floor":42,"gold_loss":65}],"is_beta":false,"boss_relics":[{"not_picked":["Sozu","Coffee Dripper"],"picked":"Cursed Key"},{"not_picked":["HoveringKite","Calling Bell"],"picked":"Tiny House"}],"items_purged_floors":[14,37],"is_endless":false,"potions_floor_spawned":[7,12,19,33,36,44,45,48],"ascension_level":3}