{"path_per_floor":["M","$","M","?","M","R","M","M","T","M","M","M","$","?","R","B",null,"M","$","M","M","$","R","M","R","T","R","?","R","M","$","R"],"character_chosen":"THE_SILENT","items_purchased":["Adrenaline","Cloak And Dagger","Bouncing Flask","Cloak And Dagger","Infinite Blades"],"gold_per_floor":[116,47,62,62,79,79,67,37,37,55,71,82,37,37,37,136,136,151,31,48,58,58,58,72,72,72,72,72,72,89,21,21,21],"floor_reached":33,"campfire_rested":4,"playtime":2746,"current_hp_per_floor":[60,60,60,60,60,60,44,38,38,27,27,26,26,26,47,49,65,57,57,51,23,23,44,22,43,43,43,43,43,23,23,44,0],"items_purged":[],"gold":21,"score":311,"play_id":"503ebb81-d91b-4f6b-9911-19c9e2181e56","local_time":"20180416213420","is_prod":false,"is_daily":false,"chose_seed":false,"is_ascension_mode":true,"campfire_upgraded":3,"timestamp":1523928860,"path_taken":["M","$","M","?","M","R","M","M","T","?","M","M","$","?","R","BOSS","M","$","M","M","$","R","M","R","T","R","?","R","?","$","R","BOSS"],"build_version":"2018-04-12","seed_source_timestamp":0,"purchased_purges":1,"victory":false,"master_deck":["Defend_G","Defend_G","Defend_G","Defend_G","Defend_G","Strike_G","Strike_G","Strike_G","Strike_G","Survivor","Neutralize","Backflip","Infinite Blades","Adrenaline","Noxious Fumes+1","Malaise","Leg Sweep","Prepared","Catalyst","Cloak And Dagger+1","Neutralize","A Thousand Cuts+1","Cloak And Dagger","Bouncing Flask","Cloak And Dagger","Prepared","Doubt","Dash+1","Infinite Blades"],"max_hp_per_floor":[70,70,70,70,70,70,70,70,70,70,70,70,70,70,70,70,70,70,70,70,70,70,70,70,70,70,70,70,70,70,70,70,70],"relics":["Ring of the Snake","Gambling Chip","Cursed Key","Calipers"],"card_choices":[{"not_picked":["Dagger Spray","Bane"],"picked":"Infinite Blades","floor":1.0},{"not_picked":["Backflip","Cloak And Dagger"],"picked":"Noxious Fumes","floor":3.0},{"not_picked":["Deadly Poison","Acrobatics"],"picked":"Malaise","floor":5.0},{"not_picked":["Heel Hook","Outmaneuver"],"picked":"Leg Sweep","floor":7},{"not_picked":["Poisoned Stab","Acrobatics"],"picked":"Prepared","floor":8},{"not_picked":["Finisher","Backflip"],"picked":"Catalyst","floor":11},{"not_picked":["Tactician","Tools of the Trade"],"picked":"A Thousand Cuts","floor":16},{"not_picked":["Poisoned Stab","PiercingWail"],"picked":"Cloak And Dagger","floor":18},{"not_picked":["Quick Slash","Flying Knee"],"picked":"Prepared","floor":21},{"not_picked":["Reflex","Quick Slash"],"picked":"Dash","floor":30}],"player_experience":457994,"potions_floor_usage":[10,16,16,24,33],"damage_taken":[{"damage":3.0,"enemies":"Small Slimes","floor":1.0,"turns":5.0},{"damage":0.0,"enemies":"Cultist","floor":3.0,"turns":4.0},{"damage":0.0,"enemies":"2 Louse","floor":5.0,"turns":3.0},{"damage":16.0,"enemies":"Exordium Thugs","floor":7.0,"turns":5.0},{"damage":6,"enemies":"Looter","floor":8,"turns":4},{"damage":11,"enemies":"Gremlin Gang","floor":10,"turns":4},{"damage":0,"enemies":"Red Slaver","floor":11,"turns":5},{"damage":1,"enemies":"Large Slime","floor":12,"turns":7},{"damage":13,"enemies":"The Guardian","floor":16,"turns":10},{"damage":8,"enemies":"Spheric Guardian","floor":18,"turns":5},{"damage":6,"enemies":"3 Byrds","floor":20,"turns":5},{"damage":28,"enemies":"3 Cultists","floor":21,"turns":6},{"damage":22,"enemies":"Cultist and Chosen","floor":24,"turns":6},{"damage":20,"enemies":"Snecko","floor":30,"turns":6},{"damage":50,"enemies":"Collector","floor":33,"turns":5}],"event_choices":[{"event_name":"The Lab","player_choice":"Got Potions","floor":4.0,"damage_taken":0.0},{"event_name":"Match and Keep!","player_choice":"1 cards matched","floor":14,"damage_taken":0},{"event_name":"Vampires","player_choice":"Ignored","floor":28,"damage_taken":0}],"boss_relics":[{"not_picked":["Ectoplasm","White Beast Statue"],"picked":"Cursed Key"}],"potions_floor_spawned":[3,7,11,12,20],"seed_played":"-2544522458832607116","killed_by":"Collector","ascension_level":6,"is_trial":false}