{"gold_per_floor":[118,134,134,309,324,349,68,68,68,101,112,35,35,35,35,137,137,154,154,154,164,87,119,119,148,148,0,0,0],"floor_reached":29,"playtime":1205,"items_purged":[],"score":330,"play_id":"3a96ff95-0f44-4003-a6c8-1f6b905c2381","local_time":"20181208191340","daily_mods":["Hoarder","Time Dilation"],"is_ascension_mode":true,"campfire_choices":[{"data":"Loop","floor":8.0,"key":"SMITH"},{"floor":13.0,"key":"REST"},{"data":"Loop","floor":15.0,"key":"SMITH"},{"floor":24.0,"key":"REST"},{"floor":28.0,"key":"REST"}],"neow_cost":"","seed_source_timestamp":0,"circlet_count":0,"master_deck":["Demon Form","Wraith Form v2","Echo Form","Strike_B+1","Strike_B","Strike_B+1","Strike_B","Defend_B","Defend_B","Defend_B","Defend_B","Zap","Dualcast","Conserve Battery","Conserve Battery","Conserve Battery","Doubt","Doubt","Doubt","Loop+1","Loop","Loop+1","Loop","Loop","Loop","Hologram","Hologram","Hologram","Capacitor","Capacitor","Capacitor","Self Repair","Self Repair","Self Repair","Ball Lightning","Ball Lightning","Ball Lightning","Defragment","Defragment","Defragment","Cold Snap","Cold Snap","Cold Snap","Loop","Loop","Loop"],"special_seed":0,"relics":["Snecko Eye","Whetstone","Sundial","Gremlin Horn","Dream Catcher","Bag of Preparation","Torii","Cursed Key","Bottled Flame","Singing Bowl"],"potions_floor_usage":[29],"damage_taken":[{"damage":1.0,"enemies":"Cultist","floor":1.0,"turns":4.0},{"damage":7.0,"enemies":"Jaw Worm","floor":2.0,"turns":5.0},{"damage":0.0,"enemies":"Small Slimes","floor":5.0,"turns":3.0},{"damage":6.0,"enemies":"Gremlin Nob","floor":6.0,"turns":5.0},{"damage":26.0,"enemies":"3 Sentries","floor":10.0,"turns":7.0},{"damage":5.0,"enemies":"Looter","floor":11.0,"turns":4.0},{"damage":31.0,"enemies":"Hexaghost","floor":16.0,"turns":9.0},{"damage":3.0,"enemies":"Chosen","floor":18.0,"turns":6.0},{"damage":2.0,"enemies":"Spheric Guardian","floor":21.0,"turns":5.0},{"damage":48.0,"enemies":"Book of Stabbing","floor":23.0,"turns":6.0},{"damage":35.0,"enemies":"Slavers","floor":25.0,"turns":5.0},{"damage":40,"enemies":"Gremlin Leader","floor":29,"turns":6}],"seed_played":"-533565218660371677","potions_obtained":[{"floor":5.0,"key":"Weak Potion"},{"floor":16.0,"key":"LiquidBronze"},{"floor":18.0,"key":"GamblersBrew"},{"floor":23.0,"key":"Fire Potion"},{"floor":25.0,"key":"AttackPotion"}],"is_trial":true,"path_per_floor":["M","M","T","?","M","E","$","R","T","E","M","$","R","T","R","B",null,"M","$","?","M","$","E","R","E","E","T","?","R","E"],"character_chosen":"DEFECT","items_purchased":["Gremlin Horn","Loop","Capacitor","Defragment"],"campfire_rested":3,"item_purchase_floors":[7,7,12,22],"current_hp_per_floor":[74,67,67,67,67,61,61,61,61,35,30,30,52,52,52,28,75,75,75,75,75,75,27,49,14,14,14,38,0],"gold":0,"neow_bonus":"","is_prod":false,"is_daily":false,"chose_seed":false,"campfire_upgraded":2,"win_rate":0,"timestamp":1544292820,"path_taken":["M","?","?","?","M","E","$","R","T","E","M","?","R","?","R","BOSS","M","?","?","M","$","E","R","E","T","?","R","E"],"build_version":"2018-12-06","purchased_purges":0,"victory":false,"max_hp_per_floor":[75,75,75,75,75,75,75,75,75,75,75,75,75,75,75,75,75,75,75,75,75,75,75,75,75,75,75,77,77],"card_choices":[{"not_picked":["Stack","Gash"],"picked":"Conserve Battery","floor":1.0},{"not_picked":["Gash","Compile Driver","Double Energy"],"picked":"SKIP","floor":2.0},{"not_picked":["Streamline","Undo","Sweeping Beam"],"picked":"SKIP","floor":5.0},{"not_picked":["Gash","Lockon"],"picked":"Loop","floor":6.0},{"not_picked":["Redo","Streamline","Turbo"],"picked":"SKIP","floor":10.0},{"not_picked":["FTL","Stack"],"picked":"Hologram","floor":11.0},{"not_picked":["Doom and Gloom","Barrage"],"picked":"Self Repair","floor":13.0},{"not_picked":["Compile Driver+1","Barrage"],"picked":"Ball Lightning","floor":18.0},{"not_picked":["Barrage+1","Blizzard","Go for the Eyes"],"picked":"SKIP","floor":21.0},{"not_picked":["Undo","Doom and Gloom","Streamline"],"picked":"SKIP","floor":23.0},{"not_picked":["Compile Driver+1","Turbo"],"picked":"Cold Snap","floor":24.0},{"not_picked":["Conserve Battery","Ball Lightning+1"],"picked":"Loop","floor":25.0},{"not_picked":["FTL","Barrage","Stack"],"picked":"Singing Bowl","floor":28.0}],"player_experience":493400,"relics_obtained":[{"floor":3.0,"key":"Whetstone"},{"floor":6.0,"key":"Sundial"},{"floor":9.0,"key":"Dream Catcher"},{"floor":10.0,"key":"Bag of Preparation"},{"floor":14.0,"key":"Torii"},{"floor":23.0,"key":"Bottled Flame"},{"floor":25.0,"key":"Singing Bowl"}],"event_choices":[{"damage_healed":0.0,"max_hp_gain":0.0,"max_hp_loss":0.0,"gold_gain":175.0,"event_name":"Liars Game","player_choice":"AGREE","floor":4.0,"gold_loss":0.0,"damage_taken":0.0,"cards_obtained":["Doubt"]},{"damage_healed":0.0,"max_hp_gain":0.0,"max_hp_loss":0.0,"gold_gain":0.0,"event_name":"Vampires","player_choice":"Ignored","floor":20.0,"gold_loss":0.0,"damage_taken":0.0},{"damage_healed":0.0,"max_hp_gain":0.0,"max_hp_loss":0.0,"gold_gain":0.0,"event_name":"Masked Bandits","player_choice":"Paid Fearfully","floor":27.0,"gold_loss":148.0,"damage_taken":0.0}],"is_beta":false,"boss_relics":[{"not_picked":["Lizard Tail","Eternal Feather"],"picked":"Cursed Key"}],"items_purged_floors":[],"is_endless":false,"potions_floor_spawned":[5,16,18,23,25],"killed_by":"Gremlin Leader","ascension_level":1}