{"gold_per_floor":[119,119,82,96,115,115,131,131,157,176,190,208,228,178,178,283,283,303,303,303,313,329,329,4,4,4,21,21,34,50,50,50,145,145,165,178,49,49,49,49,4,0,0,0,17,17,50,50,50,50,50,50,15,40,40],"floor_reached":55,"playtime":1540,"items_purged":[],"score":894,"play_id":"3596c685-b71c-4d14-8afd-fa50cba5e0e1","local_time":"20181201020422","is_ascension_mode":false,"campfire_choices":[{"data":"Noxious Fumes","floor":6.0,"key":"SMITH"},{"data":"Neutralize","floor":8.0,"key":"SMITH"},{"data":"Terror","floor":15.0,"key":"SMITH"},{"data":"Footwork","floor":23.0,"key":"SMITH"},{"data":"Dash","floor":28.0,"key":"SMITH"},{"floor":32.0,"key":"REST"},{"data":"Accuracy","floor":40.0,"key":"SMITH"},{"data":"Cloak And Dagger","floor":44,"key":"SMITH"},{"data":"Blade Dance","floor":46,"key":"SMITH"},{"floor":49,"key":"RECALL"},{"data":"After Image","floor":52,"key":"SMITH"}],"neow_cost":"NONE","seed_source_timestamp":10029318371199,"circlet_count":0,"master_deck":["Defend_G","Defend_G","Defend_G","Defend_G","Defend_G","Strike_G","Strike_G","Strike_G","Strike_G","Neutralize+1","Noxious Fumes+1","PiercingWail","Backstab","Sucker Punch","Backflip","Terror+1","Die Die Die","Cloak And Dagger+1","Footwork+1","Dash+1","Escape Plan","Noxious Fumes","After Image+1","Footwork","PiercingWail+1","Blade Dance+1","Accuracy+1","Master of Strategy","Cloak And Dagger+1","Leg Sweep+1","Escape Plan","Writhe","Caltrops","Dodge and Roll"],"special_seed":0,"relics":["Ring of the Snake","FaceOfCleric","Strawberry","WristBlade","Gremlin Horn","Sozu","Red Mask","Kunai","Blood Vial","Dream Catcher"],"potions_floor_usage":[55],"damage_taken":[{"damage":1.0,"enemies":"Cultist","floor":1.0,"turns":5.0},{"damage":1.0,"enemies":"2 Louse","floor":4.0,"turns":3.0},{"damage":1.0,"enemies":"Jaw Worm","floor":5.0,"turns":5.0},{"damage":0.0,"enemies":"3 Louse","floor":7.0,"turns":3.0},{"damage":0.0,"enemies":"Exordium Wildlife","floor":10.0,"turns":4.0},{"damage":5.0,"enemies":"2 Fungi Beasts","floor":11.0,"turns":4.0},{"damage":2.0,"enemies":"Large Slime","floor":12.0,"turns":6.0},{"damage":0.0,"enemies":"Blue Slaver","floor":13.0,"turns":4.0},{"damage":30.0,"enemies":"Hexaghost","floor":16.0,"turns":10.0},{"damage":7.0,"enemies":"2 Thieves","floor":18.0,"turns":4.0},{"damage":9.0,"enemies":"Spheric Guardian","floor":21.0,"turns":5.0},{"damage":0.0,"enemies":"Snake Plant","floor":22.0,"turns":5.0},{"damage":16.0,"enemies":"Snecko","floor":27.0,"turns":6.0},{"damage":11.0,"enemies":"Centurion and Healer","floor":29.0,"turns":5.0},{"damage":15.0,"enemies":"Chosen and Byrds","floor":30.0,"turns":5.0},{"damage":58.0,"enemies":"Collector","floor":33.0,"turns":10.0},{"damage":0.0,"enemies":"Orb Walker","floor":35.0,"turns":3.0},{"damage":9.0,"enemies":"3 Shapes","floor":36.0,"turns":4.0},{"damage":6,"enemies":"Maw","floor":45,"turns":6},{"damage":15,"enemies":"Nemesis","floor":47,"turns":9},{"damage":74,"enemies":"Time Eater","floor":50,"turns":15},{"damage":26,"enemies":"Shield and Spear","floor":54,"turns":8},{"damage":77,"enemies":"The Heart","floor":55,"turns":6}],"seed_played":"-7270555939732462747","potions_obtained":[{"floor":4.0,"key":"GhostInAJar"},{"floor":7.0,"key":"SteroidPotion"},{"floor":11.0,"key":"SteroidPotion"},{"floor":18.0,"key":"GhostInAJar"},{"floor":33.0,"key":"Energy Potion"}],"is_trial":false,"path_per_floor":["M","?","$","M","M","R","M","R","T","M","M","M","M","?","R","B",null,"M","?","?","M","M","R","$","?","T","M","R","M","M","$","R","B",null,"M","M","$","?","?","R","$","?","T","R","M","R","E","?","R","B",null,"R","$","E","B"],"character_chosen":"THE_SILENT","items_purchased":["Noxious Fumes","Gremlin Horn","Dash","Blade Dance","Accuracy","Cloak And Dagger","Caltrops"],"campfire_rested":1,"item_purchase_floors":[3,24,24,37,37,41,53],"current_hp_per_floor":[69,69,69,69,69,69,70,70,77,78,74,73,74,74,74,45,85,79,79,79,71,72,72,72,72,72,57,57,47,33,33,60,3,92,93,85,85,85,85,85,85,85,85,85,80,80,66,90,90,19,97,97,97,72,0],"gold":40,"neow_bonus":"THREE_CARDS","is_prod":false,"is_daily":false,"chose_seed":false,"campfire_upgraded":9,"win_rate":0,"timestamp":1543626262,"path_taken":["M","?","$","M","M","R","M","R","T","?","M","M","M","?","R","BOSS","M","?","?","?","M","R","$","?","T","M","R","M","M","$","R","BOSS","M","M","$","?","?","R","$","?","T","R","M","R","E","?","R","BOSS","R","$","E","BOSS"],"build_version":"2018-11-15","purchased_purges":0,"victory":false,"max_hp_per_floor":[70,70,70,71,72,72,73,73,80,81,82,83,84,84,84,85,85,86,86,86,87,88,88,88,88,88,89,89,90,91,91,91,92,92,93,94,94,94,94,94,94,94,94,94,95,95,96,96,96,97,97,97,97,98,98],"card_choices":[{"not_picked":["Underhanded Strike","Dagger Throw"],"picked":"Crippling Poison","floor":0.0},{"not_picked":["Acrobatics","Underhanded Strike","Skewer"],"picked":"SKIP","floor":1.0},{"not_picked":["Flying Knee","Distraction"],"picked":"PiercingWail","floor":4.0},{"not_picked":["Poisoned Stab","Underhanded Strike"],"picked":"Backstab","floor":5.0},{"not_picked":["PiercingWail","Acrobatics"],"picked":"Sucker Punch","floor":7.0},{"not_picked":["Finisher","Heel Hook"],"picked":"Backflip","floor":10.0},{"not_picked":["Choke","Slice","Doppelganger"],"picked":"SKIP","floor":11.0},{"not_picked":["Choke","PiercingWail","Sucker Punch"],"picked":"SKIP","floor":12.0},{"not_picked":["Calculated Gamble","PiercingWail"],"picked":"Terror","floor":13.0},{"not_picked":["Wraith Form v2","Phantasmal Killer"],"picked":"Die Die Die","floor":16.0},{"not_picked":["Terror+1","Sucker Punch"],"picked":"Cloak And Dagger+1","floor":18.0},{"not_picked":["Slice","Dagger Throw+1","Concentrate+1"],"picked":"SKIP","floor":21.0},{"not_picked":["PiercingWail","Dagger Spray"],"picked":"Footwork","floor":22.0},{"not_picked":["PiercingWail","Choke","Flying Knee+1"],"picked":"SKIP","floor":27.0},{"not_picked":["Prepared","PiercingWail"],"picked":"Escape Plan","floor":29.0},{"not_picked":["Flying Knee","Dodge and Roll"],"picked":"Noxious Fumes","floor":30.0},{"not_picked":["Wraith Form v2","Phantasmal Killer"],"picked":"After Image","floor":33.0},{"not_picked":["Flying Knee","Outmaneuver"],"picked":"Footwork","floor":35.0},{"not_picked":["Setup","Deadly Poison"],"picked":"PiercingWail+1","floor":36.0},{"not_picked":["PanicButton","Enlightenment"],"picked":"Master of Strategy","floor":39.0},{"not_picked":["Concentrate+1","Calculated Gamble"],"picked":"Leg Sweep+1","floor":45},{"not_picked":["Poisoned Stab+1","Quick Slash+1"],"picked":"Escape Plan","floor":47},{"not_picked":["Acrobatics","Catalyst+1"],"picked":"Dodge and Roll","floor":54}],"player_experience":473876,"relics_obtained":[{"floor":9.0,"key":"Strawberry"},{"floor":43,"key":"Kunai"},{"floor":47,"key":"Blood Vial"},{"floor":54,"key":"Dream Catcher"}],"event_choices":[{"damage_healed":0.0,"max_hp_gain":0.0,"max_hp_loss":0.0,"gold_gain":0.0,"event_name":"FaceTrader","player_choice":"Trade","floor":2.0,"gold_loss":0.0,"damage_taken":0.0,"relics_obtained":["FaceOfCleric"]},{"cards_removed":["Strike_G"],"damage_healed":0.0,"max_hp_gain":0.0,"max_hp_loss":0.0,"gold_gain":0.0,"event_name":"The Cleric","player_choice":"Card Removal","floor":14.0,"gold_loss":50.0,"damage_taken":0.0},{"damage_healed":0.0,"max_hp_gain":0.0,"max_hp_loss":0.0,"gold_gain":0.0,"event_name":"Vampires","player_choice":"Ignored","floor":19.0,"gold_loss":0.0,"damage_taken":0.0},{"damage_healed":0.0,"max_hp_gain":0.0,"max_hp_loss":0.0,"gold_gain":0.0,"event_name":"The Woman in Blue","player_choice":"Bought 0 Potions","floor":20.0,"gold_loss":0.0,"damage_taken":0.0},{"damage_healed":0.0,"max_hp_gain":0.0,"max_hp_loss":0.0,"gold_gain":0.0,"event_name":"Beggar","player_choice":"Ignored","floor":25.0,"gold_loss":0.0,"damage_taken":0.0},{"cards_removed":["Survivor"],"damage_healed":0.0,"max_hp_gain":0.0,"max_hp_loss":0.0,"gold_gain":0.0,"event_name":"Falling","player_choice":"Removed Skill","floor":38.0,"gold_loss":0.0,"damage_taken":0.0},{"damage_healed":0.0,"max_hp_gain":0.0,"max_hp_loss":0.0,"gold_gain":0.0,"event_name":"SensoryStone","player_choice":"Memory 1","floor":39.0,"gold_loss":0.0,"damage_taken":0.0},{"damage_healed":0,"gold_gain":0,"player_choice":"Paid","damage_taken":0,"relics_obtained":["Red Mask"],"max_hp_gain":0,"max_hp_loss":0,"event_name":"Tomb of Lord Red Mask","floor":42,"gold_loss":4},{"damage_healed":24,"gold_gain":0,"player_choice":"Writhe","damage_taken":0,"max_hp_gain":0,"max_hp_loss":0,"event_name":"Winding Halls","floor":48,"gold_loss":0,"cards_obtained":["Writhe"]}],"is_beta":false,"boss_relics":[{"not_picked":["Ectoplasm","Calling Bell"],"picked":"WristBlade"},{"not_picked":["Runic Pyramid","Eternal Feather"],"picked":"Sozu"}],"items_purged_floors":[],"is_endless":false,"potions_floor_spawned":[4,7,11,13,18,21,33,36],"killed_by":"The Heart","ascension_level":0}