{"gold_per_floor":[111,121,121,132,152,178,178,195,195,217,229,251,292,269,281,388,430,412,424,535,562,587,599,611,623,635,666,678],"floor_reached":28,"playtime":1149,"items_purged":[],"score":278,"play_id":"bbe67ce9-4779-4e84-b302-cff3b1ec70d4","local_time":"20190115133724","is_ascension_mode":true,"campfire_choices":[{"data":"Shrug It Off","floor":7,"key":"SMITH"},{"data":"Armaments","floor":11,"key":"SMITH"},{"floor":15,"key":"REST"},{"floor":23,"key":"REST"},{"floor":25,"key":"REST"}],"neow_cost":"NONE","seed_source_timestamp":415667719230280,"circlet_count":0,"master_deck":["Strike_R","Strike_R","Strike_R","Strike_R","Defend_R","Defend_R","Defend_R","Defend_R","Bash","Pommel Strike","Armaments+1","Sword Boomerang","Shrug It Off+1","Armaments","Thunderclap","True Grit","Dark Embrace","Fiend Fire","Parasite","Regret","Normality","Sentinel","Feed","Burning Pact","Infernal Blade"],"relics":["Burning Blood","NeowsBlessing","Vajra","MawBank","Oddly Smooth Stone","Calling Bell","Tiny Chest","Self Forming Clay","Champion Belt","Charon\u0027s Ashes"],"potions_floor_usage":[13,13,22,27],"damage_taken":[{"damage":0,"enemies":"2 Louse","floor":1,"turns":1},{"damage":0,"enemies":"Cultist","floor":2,"turns":1},{"damage":0,"enemies":"Jaw Worm","floor":4,"turns":1},{"damage":15,"enemies":"3 Louse","floor":5,"turns":4},{"damage":46,"enemies":"Gremlin Nob","floor":6,"turns":5},{"damage":1,"enemies":"2 Fungi Beasts","floor":8,"turns":4},{"damage":0,"enemies":"Blue Slaver","floor":10,"turns":5},{"damage":11,"enemies":"Lots of Slimes","floor":12,"turns":6},{"damage":24,"enemies":"Lagavulin","floor":13,"turns":9},{"damage":51,"enemies":"Slime Boss","floor":16,"turns":11},{"damage":19,"enemies":"2 Thieves","floor":18,"turns":5},{"damage":11,"enemies":"3 Byrds","floor":21,"turns":7},{"damage":40,"enemies":"Snake Plant","floor":22,"turns":7},{"damage":40,"enemies":"Snecko","floor":27,"turns":6},{"damage":32,"enemies":"Sentry and Sphere","floor":28,"turns":5}],"seed_played":"-8030690940721753263","potions_obtained":[{"floor":1,"key":"Swift Potion"},{"floor":5,"key":"Energy Potion"},{"floor":8,"key":"PowerPotion"},{"floor":13,"key":"Ancient Potion"},{"floor":18,"key":"GamblersBrew"}],"is_trial":false,"path_per_floor":["M","M","?","M","M","E","R","M","T","M","R","M","E","?","R","B",null,"M","?","?","M","M","R","$","R","T","M","M"],"character_chosen":"IRONCLAD","items_purchased":[],"campfire_rested":3,"item_purchase_floors":[],"current_hp_per_floor":[80,80,80,80,71,31,31,36,36,42,42,37,19,39,63,18,80,67,52,52,47,13,38,38,63,63,29,0],"gold":678,"neow_bonus":"THREE_ENEMY_KILL","is_prod":false,"is_daily":false,"chose_seed":false,"campfire_upgraded":2,"win_rate":0,"timestamp":1547588244,"path_taken":["M","M","?","?","M","E","R","M","T","M","R","M","E","?","R","BOSS","M","?","?","M","M","R","$","R","T","M","M"],"build_version":"2019-01-10","purchased_purges":0,"victory":false,"max_hp_per_floor":[80,80,80,80,80,80,80,80,80,80,80,80,80,80,80,80,80,80,85,85,85,85,85,85,85,85,85,85],"card_choices":[{"not_picked":["Burning Pact","Flex"],"picked":"Pommel Strike","floor":1},{"not_picked":["Clothesline","Fire Breathing"],"picked":"Armaments","floor":2},{"not_picked":["Anger","Heavy Blade"],"picked":"Sword Boomerang","floor":4},{"not_picked":["Warcry","Blood for Blood"],"picked":"Shrug It Off","floor":5},{"not_picked":["Twin Strike","Clash"],"picked":"Armaments","floor":6},{"not_picked":["Headbutt","Cleave"],"picked":"Thunderclap","floor":8},{"not_picked":["Armaments","Cleave"],"picked":"True Grit","floor":10},{"not_picked":["Rage","Clash"],"picked":"Dark Embrace","floor":12},{"not_picked":["Body Slam","Dark Embrace","Clothesline"],"picked":"SKIP","floor":13},{"not_picked":["Brutality","Exhume"],"picked":"Fiend Fire","floor":16},{"not_picked":["Anger","Pommel Strike"],"picked":"Sentinel","floor":18},{"not_picked":["Thunderclap","Bloodletting"],"picked":"Feed","floor":21},{"not_picked":["Perfected Strike+1","Warcry"],"picked":"Burning Pact","floor":22},{"not_picked":["Thunderclap","Cleave"],"picked":"Infernal Blade","floor":27}],"player_experience":168270,"relics_obtained":[{"floor":6,"key":"Vajra"},{"floor":9,"key":"MawBank"},{"floor":13,"key":"Oddly Smooth Stone"},{"floor":17,"key":"Tiny Chest"},{"floor":17,"key":"Self Forming Clay"},{"floor":17,"key":"Champion Belt"},{"floor":26,"key":"Charon\u0027s Ashes"}],"event_choices":[{"cards_removed":["Strike_R"],"damage_healed":0,"gold_gain":0,"player_choice":"Purged","damage_taken":0,"max_hp_gain":0,"max_hp_loss":0,"event_name":"Purifier","floor":3,"gold_loss":0},{"damage_healed":20,"gold_gain":0,"player_choice":"Healed","damage_taken":0,"max_hp_gain":0,"max_hp_loss":0,"event_name":"The Cleric","floor":14,"gold_loss":35},{"damage_healed":0,"gold_gain":0,"player_choice":"Shed Blood","damage_taken":20,"max_hp_gain":5,"max_hp_loss":0,"event_name":"Forgotten Altar","floor":19,"gold_loss":0},{"damage_healed":0,"gold_gain":99,"player_choice":"Stole From Cult","damage_taken":0,"max_hp_gain":0,"max_hp_loss":0,"event_name":"Nest","floor":20,"gold_loss":0}],"is_beta":false,"boss_relics":[{"not_picked":["Black Star","Pandora\u0027s Box"],"picked":"Calling Bell"}],"items_purged_floors":[],"is_endless":false,"potions_floor_spawned":[1,5,8,12,13,18],"killed_by":"Sentry and Sphere","ascension_level":4}