{"gold_per_floor":[361,536,205,219,249,249,265,265,318,328,346,359,375,275,275,370,370,389,409,409,423,423],"floor_reached":22,"playtime":1459,"items_purged":["Doubt","Strike_R"],"score":180,"play_id":"0752ebe8-711c-427e-97d1-39bba6f655b3","local_time":"20181007211113","is_ascension_mode":false,"campfire_choices":[{"data":"Whirlwind","floor":6,"key":"SMITH"},{"data":"Headbutt","floor":8,"key":"SMITH"},{"floor":15,"key":"REST"}],"neow_cost":"PERCENT_DAMAGE","seed_source_timestamp":261243243509920,"circlet_count":0,"master_deck":["Strike_R","Strike_R","Strike_R","Strike_R","Defend_R","Defend_R","Defend_R","Defend_R","Bash","Cleave","Thunderclap","Whirlwind+1","Headbutt+1","Inflame","Heavy Blade","Shrug It Off","Juggernaut","Iron Wave","Metallicize","Spot Weakness"],"relics":["Burning Blood","Frozen Eye","Tiny Chest","PreservedInsect","Runic Cube"],"potions_floor_usage":[16,16,19,19],"damage_taken":[{"damage":1,"enemies":"Jaw Worm","floor":1,"turns":7},{"damage":2,"enemies":"2 Louse","floor":4,"turns":2},{"damage":1,"enemies":"Cultist","floor":7,"turns":3},{"damage":8,"enemies":"Lots of Slimes","floor":10,"turns":2},{"damage":12,"enemies":"2 Fungi Beasts","floor":11,"turns":2},{"damage":2,"enemies":"3 Louse","floor":12,"turns":2},{"damage":8,"enemies":"Red Slaver","floor":13,"turns":5},{"damage":4,"enemies":"Slime Boss","floor":16,"turns":8},{"damage":33,"enemies":"Shell Parasite","floor":18,"turns":9},{"damage":27,"enemies":"Spheric Guardian","floor":19,"turns":5},{"damage":24,"enemies":"Centurion and Healer","floor":21,"turns":8},{"damage":27,"enemies":"Snecko","floor":22,"turns":4}],"seed_played":"8523030817731870243","potions_obtained":[{"floor":4,"key":"EssenceOfSteel"},{"floor":11,"key":"Regen Potion"},{"floor":12,"key":"SteroidPotion"},{"floor":16,"key":"LiquidBronze"},{"floor":21,"key":"PowerPotion"}],"is_trial":false,"path_per_floor":["M","?","$","M","?","R","M","R","T","M","M","M","M","$","R","B",null,"M","M","?","M"],"character_chosen":"IRONCLAD","items_purchased":["Thunderclap","Frozen Eye"],"campfire_rested":1,"item_purchase_floors":[3,3],"current_hp_per_floor":[61,61,61,65,47,47,52,52,52,50,44,48,46,46,70,72,80,53,41,41,23,0],"gold":423,"neow_bonus":"TWO_FIFTY_GOLD","is_prod":false,"is_daily":false,"chose_seed":false,"campfire_upgraded":2,"win_rate":0,"timestamp":1538943073,"path_taken":["M","?","$","?","?","R","M","R","T","M","M","M","?","$","R","BOSS","M","?","?","M","M"],"build_version":"2018-10-04v2","purchased_purges":2,"victory":false,"max_hp_per_floor":[80,80,80,80,80,80,80,80,80,80,80,80,80,80,80,80,80,80,80,80,80,80],"card_choices":[{"not_picked":["Sword Boomerang","Feel No Pain"],"picked":"Cleave","floor":1},{"not_picked":["True Grit","Wild Strike"],"picked":"Whirlwind","floor":4},{"not_picked":["Anger","Power Through"],"picked":"Headbutt","floor":7},{"not_picked":["Cleave","Twin Strike"],"picked":"Inflame","floor":10},{"not_picked":["Fiend Fire","Feel No Pain","Sever Soul"],"picked":"SKIP","floor":11},{"not_picked":["Perfected Strike","Power Through"],"picked":"Heavy Blade","floor":12},{"not_picked":["Sword Boomerang","Evolve"],"picked":"Shrug It Off","floor":13},{"not_picked":["Brutality","Bludgeon"],"picked":"Juggernaut","floor":16},{"not_picked":["Bloodletting","Body Slam"],"picked":"Iron Wave","floor":18},{"not_picked":["Flex+1","Battle Trance"],"picked":"Metallicize","floor":19},{"not_picked":["Juggernaut","Carnage","Rupture"],"picked":"SKIP","floor":21}],"player_experience":181376,"relics_obtained":[{"floor":9,"key":"PreservedInsect"}],"event_choices":[{"event_name":"Liars Game","player_choice":"agreed","floor":2,"damage_taken":0},{"event_name":"Scrap Ooze","player_choice":"success","floor":5,"damage_taken":18},{"event_name":"The Library","player_choice":"Read","floor":20,"damage_taken":0}],"is_beta":false,"boss_relics":[{"not_picked":["Sozu","Snecko Eye"],"picked":"Runic Cube"}],"items_purged_floors":[3,14],"is_endless":false,"potions_floor_spawned":[4,11,12,13,16,21],"killed_by":"Snecko","ascension_level":0}