{"gold_per_floor":[110,110,130,49,59,92,92,108,188,204,219,239,239,249,249,249],"floor_reached":16,"playtime":607,"items_purged":[],"score":152,"play_id":"53ac709b-c4c7-4338-b3af-804348c44638","local_time":"20190126174601","is_ascension_mode":true,"campfire_choices":[{"floor":7,"key":"REST"},{"floor":13,"key":"REST"},{"data":"Juggernaut","floor":15,"key":"SMITH"}],"neow_cost":"PERCENT_DAMAGE","seed_source_timestamp":1381462311312952,"circlet_count":0,"master_deck":["Strike_R","Strike_R","Strike_R","Strike_R","Defend_R","Defend_R","Defend_R","Defend_R","Bash","Rage","Whirlwind","Flame Barrier","Inflame","Shrug It Off","Twin Strike","Juggernaut+1","Iron Wave"],"special_seed":0,"relics":["Burning Blood","Peace Pipe","Bottled Lightning"],"potions_floor_usage":[6,12],"damage_taken":[{"damage":14.0,"enemies":"Jaw Worm","floor":1.0,"turns":3.0},{"damage":1.0,"enemies":"Cultist","floor":3.0,"turns":3.0},{"damage":13.0,"enemies":"Small Slimes","floor":5.0,"turns":4.0},{"damage":53,"enemies":"Gremlin Nob","floor":6,"turns":5},{"damage":10,"enemies":"2 Fungi Beasts","floor":8,"turns":4},{"damage":7,"enemies":"3 Louse","floor":10,"turns":3},{"damage":28,"enemies":"Gremlin Gang","floor":11,"turns":6},{"damage":8,"enemies":"Exordium Wildlife","floor":12,"turns":5},{"damage":6,"enemies":"3 Louse","floor":14,"turns":3},{"damage":42,"enemies":"The Guardian","floor":16,"turns":8}],"seed_played":"-1792401850960666697","potions_obtained":[{"floor":1.0,"key":"Energy Potion"},{"floor":3.0,"key":"FearPotion"},{"floor":10,"key":"Ancient Potion"},{"floor":12,"key":"Dexterity Potion"}],"is_trial":false,"path_per_floor":["M","?","M","$","M","E","R","M","T","M","M","M","R","M","R","B"],"character_chosen":"IRONCLAD","items_purchased":["Flame Barrier"],"campfire_rested":2,"item_purchase_floors":[4],"current_hp_per_floor":[64,64,69,69,62,15,43,39,39,38,16,14,42,42,42,0],"gold":249,"neow_bonus":"TWENTY_PERCENT_HP_BONUS","is_prod":false,"is_daily":false,"chose_seed":false,"campfire_upgraded":1,"win_rate":0,"timestamp":1548553561,"path_taken":["M","?","M","$","M","E","R","M","T","M","?","M","R","M","R","BOSS"],"build_version":"2019-01-23","purchased_purges":0,"victory":false,"max_hp_per_floor":[96,96,96,96,96,96,96,96,96,96,96,96,96,96,96,96],"card_choices":[{"not_picked":["Disarm","Warcry"],"picked":"Rage","floor":1.0},{"not_picked":["Body Slam","Pummel"],"picked":"Whirlwind","floor":3.0},{"not_picked":["Seeing Red","Havoc"],"picked":"Inflame","floor":5.0},{"not_picked":["Thunderclap","Whirlwind"],"picked":"Shrug It Off","floor":6},{"not_picked":["Headbutt","Clothesline","Battle Trance"],"picked":"SKIP","floor":8},{"not_picked":["Warcry","Hemokinesis"],"picked":"Twin Strike","floor":10},{"not_picked":["Second Wind","Perfected Strike"],"picked":"Juggernaut","floor":11},{"not_picked":["Clothesline","Flex"],"picked":"Iron Wave","floor":12},{"not_picked":["Bloodletting","Warcry","Perfected Strike"],"picked":"SKIP","floor":14}],"player_experience":211387,"relics_obtained":[{"floor":6,"key":"Peace Pipe"},{"floor":9,"key":"Bottled Lightning"}],"event_choices":[{"cards_removed":["Strike_R"],"damage_healed":0.0,"max_hp_gain":0.0,"max_hp_loss":0.0,"gold_gain":0.0,"event_name":"Purifier","player_choice":"Purged","floor":2.0,"gold_loss":0.0,"damage_taken":0.0}],"is_beta":false,"boss_relics":[],"items_purged_floors":[],"is_endless":false,"potions_floor_spawned":[1,3,10,12],"killed_by":"The Guardian","ascension_level":4}