{"path_per_floor":["M","M","?","M","M","R","?","M","T","R","M","M","R","E","R"],"character_chosen":"THE_SILENT","items_purchased":[],"gold_per_floor":[116,135,210,222,242,242,242,257,257,257,273,289,289,320,320,320],"floor_reached":16,"campfire_rested":0,"playtime":663,"item_purchase_floors":[],"current_hp_per_floor":[59,58,47,44,38,38,22,22,22,22,22,21,21,8,8,0],"items_purged":[],"gold":320,"score":177,"play_id":"3c2be96f-5059-4d23-9395-20f03b008a11","local_time":"20180620213337","is_prod":false,"is_daily":false,"chose_seed":false,"is_ascension_mode":true,"campfire_upgraded":4,"win_rate":0,"timestamp":1529498017,"campfire_choices":[{"data":"Backstab","floor":6,"key":"SMITH"},{"data":"Deadly Poison","floor":10,"key":"SMITH"},{"data":"Adrenaline","floor":13,"key":"SMITH"},{"data":"Blur","floor":15,"key":"SMITH"}],"path_taken":["M","M","?","M","M","R","?","M","T","R","M","?","R","E","R","BOSS"],"build_version":"2018-06-14v2","seed_source_timestamp":445988786981474,"purchased_purges":0,"victory":false,"master_deck":["Defend_G","Defend_G","Defend_G","Defend_G","Defend_G","Strike_G","Strike_G","Strike_G","Strike_G","Strike_G","Survivor","Neutralize","AscendersBane","Deadly Poison+1","Backstab+1","Blur+1","Adrenaline+1","Adrenaline"],"max_hp_per_floor":[66,66,66,66,66,66,66,66,66,66,66,66,66,66,66,66],"relics":["Ring of the Snake","Golden Idol","Ice Cream","Matryoshka"],"card_choices":[{"not_picked":["PiercingWail","Quick Slash"],"picked":"Deadly Poison","floor":1},{"not_picked":["Acrobatics","Outmaneuver","PiercingWail"],"picked":"SKIP","floor":2},{"not_picked":["Accuracy","Prepared"],"picked":"Backstab","floor":4},{"not_picked":["Sucker Punch","Reflex","Quick Slash"],"picked":"SKIP","floor":5},{"not_picked":["Acrobatics","Venomology"],"picked":"Blur","floor":8},{"not_picked":["Sucker Punch","Prepared","Underhanded Strike"],"picked":"SKIP","floor":11},{"not_picked":["Deflect","Predator"],"picked":"Adrenaline","floor":12},{"not_picked":["Underhanded Strike","Sucker Punch"],"picked":"Adrenaline","floor":14}],"player_experience":800305,"potions_floor_usage":[14,14],"damage_taken":[{"damage":0,"enemies":"Small Slimes","floor":1,"turns":5},{"damage":1,"enemies":"2 Louse","floor":2,"turns":3},{"damage":3,"enemies":"Jaw Worm","floor":4,"turns":4},{"damage":6,"enemies":"2 Fungi Beasts","floor":5,"turns":4},{"damage":0,"enemies":"Blue Slaver","floor":8,"turns":3},{"damage":0,"enemies":"Gremlin Gang","floor":11,"turns":6},{"damage":1,"enemies":"2 Fungi Beasts","floor":12,"turns":3},{"damage":13,"enemies":"Lagavulin","floor":14,"turns":6},{"damage":12,"enemies":"Hexaghost","floor":16,"turns":7}],"relics_obtained":[{"floor":9,"key":"Ice Cream"},{"floor":14,"key":"Matryoshka"}],"event_choices":[{"event_name":"World of Goop","player_choice":"Gather Gold","floor":3,"damage_taken":0},{"event_name":"Golden Idol","player_choice":"Take Damage","floor":7,"damage_taken":0}],"boss_relics":[],"items_purged_floors":[],"is_endless":false,"potions_floor_spawned":[4,11],"seed_played":"-7410519702498645761","killed_by":"Hexaghost","ascension_level":14,"potions_obtained":[{"floor":4,"key":"Strength Potion"},{"floor":11,"key":"Poison Potion"}],"is_trial":false}