{"gold_per_floor":[117,117,138,151,170,213,227,227,273,273,273,273,273,304,304,423,423,436,436,406,425,282,322,322,365,365,405,405,436,66,86,86,214,214,234,248,248,113,113,154,154,188,242,242,242,83,124,124,124,124],"floor_reached":51,"playtime":2968,"items_purged":[],"score":1243,"play_id":"f0870f33-f8d1-4859-9e20-61cfe0e13a20","local_time":"20190222191307","is_ascension_mode":true,"campfire_choices":[{"data":"Defragment","floor":8,"key":"SMITH"},{"floor":10,"key":"REST"},{"data":"Conserve Battery","floor":15,"key":"SMITH"},{"data":"Electrodynamics","floor":24,"key":"SMITH"},{"data":"Creative AI","floor":28,"key":"SMITH"},{"data":"Double Energy","floor":32,"key":"SMITH"},{"data":"Biased Cognition","floor":44,"key":"SMITH"},{"data":"Echo Form","floor":49,"key":"SMITH"}],"neow_cost":"TEN_PERCENT_HP_LOSS","seed_source_timestamp":695366138281600,"circlet_count":0,"master_deck":["Defend_B","Defend_B","Defend_B","Defend_B","Zap","Dualcast+1","Skim","Chill","Conserve Battery+1","Cold Snap","Defragment+1","Rebound","Undo+1","Electrodynamics+1","Turbo","Biased Cognition+1","Ball Lightning+1","Creative AI+1","Cold Snap+1","Creative AI","Loop","Double Energy+1","Machine Learning","Consume","Lockon+1","Echo Form+1","White Noise","Chaos+1","Biased Cognition","Heatsinks"],"relics":["Cracked Core","FossilizedHelix","Golden Idol","Blood Vial","Centennial Puzzle","Matryoshka","Bronze Scales","Lizard Tail","DataDisk","Incense Burner","War Paint","Mercury Hourglass","Boot","Happy Flower","Juzu Bracelet","Thread and Needle","Snecko Eye","Pen Nib","Anchor","Art of War","Omamori","Bottled Tornado","Ornamental Fan"],"potions_floor_usage":[6,21,25,29,33,35,42],"damage_taken":[{"damage":0,"enemies":"2 Louse","floor":1,"turns":3},{"damage":0,"enemies":"Small Slimes","floor":3,"turns":3},{"damage":0,"enemies":"Jaw Worm","floor":4,"turns":4},{"damage":0,"enemies":"Gremlin Gang","floor":5,"turns":5},{"damage":5,"enemies":"Gremlin Nob","floor":6,"turns":5},{"damage":0,"enemies":"Lots of Slimes","floor":7,"turns":5},{"damage":2,"enemies":"Lagavulin","floor":14,"turns":7},{"damage":27,"enemies":"Hexaghost","floor":16,"turns":10},{"damage":0,"enemies":"3 Byrds","floor":18,"turns":3},{"damage":0,"enemies":"2 Thieves","floor":21,"turns":3},{"damage":0,"enemies":"Gremlin Leader","floor":23,"turns":6},{"damage":12,"enemies":"Book of Stabbing","floor":25,"turns":5},{"damage":0,"enemies":"Gremlin Leader","floor":27,"turns":4},{"damage":0,"enemies":"Book of Stabbing","floor":29,"turns":5},{"damage":0,"enemies":"Snecko","floor":31,"turns":4},{"damage":0,"enemies":"Champ","floor":33,"turns":10},{"damage":0,"enemies":"Orb Walker","floor":35,"turns":3},{"damage":0,"enemies":"3 Darklings","floor":36,"turns":3},{"damage":0,"enemies":"Reptomancer","floor":40,"turns":4},{"damage":0,"enemies":"Nemesis","floor":42,"turns":8},{"damage":0,"enemies":"Reptomancer","floor":47,"turns":4},{"damage":0,"enemies":"Donu and Deca","floor":50,"turns":6}],"seed_played":"3081411738188434520","potions_obtained":[{"floor":4,"key":"EssenceOfSteel"},{"floor":6,"key":"Ancient Potion"},{"floor":20,"key":"EssenceOfSteel"},{"floor":20,"key":"EssenceOfSteel"},{"floor":21,"key":"Regen Potion"},{"floor":27,"key":"Weak Potion"},{"floor":33,"key":"GamblersBrew"},{"floor":35,"key":"FocusPotion"},{"floor":40,"key":"Regen Potion"}],"is_trial":false,"path_per_floor":["M","?","M","M","M","E","M","R","T","R","?","?","?","E","R","B",null,"M","?","?","M","$","E","R","E","T","E","R","E","$","M","R","B",null,"M","M","?","$","$","E","?","E","T","R","T","$","E","?","R","B",null],"character_chosen":"DEFECT","items_purchased":["DataDisk","Loop","Thread and Needle","Echo Form","Biased Cognition"],"campfire_rested":1,"item_purchase_floors":[22,30,30,38,46],"current_hp_per_floor":[68,51,51,51,51,46,48,48,48,68,61,61,61,61,61,36,68,68,68,68,68,68,68,68,56,56,58,58,60,60,62,62,68,68,68,68,68,68,68,68,68,68,68,68,68,68,68,68,68,68],"gold":124,"neow_bonus":"ONE_RARE_RELIC","is_prod":false,"is_daily":false,"chose_seed":false,"campfire_upgraded":7,"win_rate":0,"timestamp":1550880787,"path_taken":["M","?","M","M","M","E","M","R","T","R","?","?","?","E","R","BOSS","M","?","?","M","$","E","R","E","T","E","R","E","$","M","R","BOSS","M","M","?","?","$","E","?","E","T","R","?","$","E","?","R","BOSS"],"build_version":"2019-01-23","purchased_purges":0,"victory":true,"max_hp_per_floor":[68,68,68,68,68,68,68,68,68,68,68,68,68,68,68,68,68,68,68,68,68,68,68,68,68,68,68,68,68,68,68,68,68,68,68,68,68,68,68,68,68,68,68,68,68,68,68,68,68,68],"card_choices":[{"not_picked":["Hologram","Beam Cell"],"picked":"Skim","floor":1},{"not_picked":["BootSequence","Reinforced Body"],"picked":"Chill","floor":3},{"not_picked":["Rip and Tear","Fusion"],"picked":"Conserve Battery","floor":4},{"not_picked":["Leap","Sweeping Beam"],"picked":"Cold Snap","floor":5},{"not_picked":["Scrape","Auto Shields"],"picked":"Defragment","floor":6},{"not_picked":["All For One","Gash"],"picked":"Rebound","floor":7},{"not_picked":["Streamline","Redo"],"picked":"Undo","floor":14},{"not_picked":["Rainbow","Seek"],"picked":"Electrodynamics","floor":16},{"not_picked":["Sweeping Beam","Leap"],"picked":"Turbo","floor":18},{"not_picked":["Leap","Streamline"],"picked":"Ball Lightning+1","floor":21},{"not_picked":["Barrage","Undo+1","Reprogram"],"picked":"SKIP","floor":23},{"not_picked":["Conserve Battery+1","Hologram"],"picked":"Creative AI","floor":25},{"not_picked":["Sunder","Barrage"],"picked":"Cold Snap+1","floor":27},{"not_picked":["Leap","Turbo"],"picked":"Creative AI","floor":29},{"not_picked":["Turbo","Hologram"],"picked":"Double Energy","floor":31},{"not_picked":["Core Surge","Amplify"],"picked":"Machine Learning","floor":33},{"not_picked":["Ball Lightning+1","Go for the Eyes+1"],"picked":"Consume","floor":35},{"not_picked":["Redo+1","Compile Driver+1"],"picked":"Lockon+1","floor":36},{"not_picked":["Leap","Lockon+1"],"picked":"White Noise","floor":40},{"not_picked":["Ball Lightning+1","All For One"],"picked":"Chaos+1","floor":42},{"not_picked":["Leap+1","Go for the Eyes+1"],"picked":"Heatsinks","floor":47}],"player_experience":521072,"relics_obtained":[{"floor":6,"key":"Blood Vial"},{"floor":9,"key":"Centennial Puzzle"},{"floor":14,"key":"Bronze Scales"},{"floor":23,"key":"Incense Burner"},{"floor":25,"key":"War Paint"},{"floor":26,"key":"Mercury Hourglass"},{"floor":26,"key":"Boot"},{"floor":27,"key":"Happy Flower"},{"floor":29,"key":"Juzu Bracelet"},{"floor":40,"key":"Pen Nib"},{"floor":42,"key":"Anchor"},{"floor":43,"key":"Art of War"},{"floor":43,"key":"Omamori"},{"floor":45,"key":"Bottled Tornado"},{"floor":47,"key":"Ornamental Fan"}],"event_choices":[{"damage_healed":0,"gold_gain":0,"player_choice":"Take Damage","damage_taken":17,"relics_obtained":["Golden Idol"],"max_hp_gain":0,"max_hp_loss":0,"event_name":"Golden Idol","floor":2,"gold_loss":0},{"cards_removed":["Strike_B"],"damage_healed":0,"gold_gain":0,"player_choice":"Card Removal","damage_taken":7,"max_hp_gain":0,"max_hp_loss":0,"event_name":"Golden Wing","floor":11,"gold_loss":0},{"damage_healed":0,"gold_gain":0,"player_choice":"Box","damage_taken":0,"relics_obtained":["Matryoshka"],"max_hp_gain":0,"max_hp_loss":0,"event_name":"Big Fish","floor":12,"gold_loss":0,"cards_obtained":["Regret"]},{"cards_removed":["Regret"],"damage_healed":0,"gold_gain":0,"player_choice":"Forget","damage_taken":0,"max_hp_gain":0,"max_hp_loss":0,"event_name":"Living Wall","floor":13,"gold_loss":0},{"damage_healed":0,"gold_gain":0,"player_choice":"Read","damage_taken":0,"max_hp_gain":0,"max_hp_loss":0,"event_name":"The Library","floor":19,"gold_loss":0,"cards_obtained":["Biased Cognition"]},{"damage_healed":0,"gold_gain":0,"player_choice":"Bought 2 Potions","damage_taken":0,"max_hp_gain":0,"max_hp_loss":0,"event_name":"The Woman in Blue","floor":20,"gold_loss":0},{"cards_removed":["Strike_B"],"damage_healed":0,"gold_gain":0,"player_choice":"Offered Basic","damage_taken":0,"max_hp_gain":0,"max_hp_loss":0,"event_name":"Bonfire Elementals","floor":37,"gold_loss":0},{"cards_removed":["Strike_B"],"damage_healed":0,"gold_gain":0,"player_choice":"Purged","damage_taken":0,"max_hp_gain":0,"max_hp_loss":0,"event_name":"Purifier","floor":41,"gold_loss":0},{"cards_removed":["Strike_B"],"damage_healed":0,"gold_gain":0,"player_choice":"Card Removal","damage_taken":0,"max_hp_gain":0,"max_hp_loss":0,"event_name":"Wheel of Change","floor":48,"gold_loss":0}],"is_beta":false,"boss_relics":[{"not_picked":["Runic Pyramid","Calling Bell"],"picked":"Lizard Tail"},{"not_picked":["FrozenCore","Nuclear Battery"],"picked":"Snecko Eye"}],"items_purged_floors":[],"is_endless":false,"potions_floor_spawned":[4,6,21,23,27,33,35,40],"ascension_level":4}