{"path_per_floor":["M","M","M","M","M","E","R","?","T","R","M","E","$","M","R","B",null,"M","M","?","$","M"],"character_chosen":"IRONCLAD","items_purchased":["Flex","Anchor","Heavy Blade"],"gold_per_floor":[20,37,57,75,93,127,127,127,127,127,142,174,48,58,58,160,160,174,189,439,129,146],"floor_reached":23,"campfire_rested":2,"playtime":912,"current_hp_per_floor":[80,80,66,67,55,30,30,27,27,51,31,26,26,27,51,19,80,56,52,58,58,32],"items_purged":["Defend_R","Regret"],"gold":146,"score":205,"play_id":"4b04044e-bb43-455d-b745-9674e43e1582","local_time":"20180304121008","is_prod":false,"is_daily":false,"is_ascension_mode":false,"campfire_upgraded":1,"timestamp":1520183408,"path_taken":["M","M","M","?","M","E","R","?","T","R","M","E","?","M","R","BOSS","M","M","?","$","M","E"],"build_version":"2018-03-01-PROD1","purchased_purges":2,"victory":false,"master_deck":["Strike_R","Strike_R","Strike_R","Strike_R","Strike_R","Defend_R","Defend_R","Defend_R","Bash","Limit Break+1","Fire Breathing","Cleave","Uppercut","Fire Breathing","Heavy Blade","Sword Boomerang","Inflame","Flex","Thunderclap","Flex","Limit Break","Headbutt","Sword Boomerang","Heavy Blade","Sword Boomerang"],"max_hp_per_floor":[80,80,80,80,80,80,80,80,80,80,80,80,80,80,80,80,80,80,80,86,86,86],"relics":["Burning Blood","Pantograph","Darkstone Periapt","Dream Catcher","Champion Belt","Black Star","Anchor"],"card_choices":[{"not_picked":["Barricade","Fiend Fire"],"picked":"Limit Break"},{"not_picked":["Combust","Warcry"],"picked":"Fire Breathing"},{"not_picked":["Bloodletting","Ghostly Armor"],"picked":"Cleave"},{"not_picked":["True Grit","Dropkick"],"picked":"Uppercut"},{"not_picked":["Flame Barrier","Havoc"],"picked":"Fire Breathing"},{"not_picked":["Juggernaut","Perfected Strike"],"picked":"Heavy Blade"},{"not_picked":["Clash","Iron Wave"],"picked":"Sword Boomerang"},{"not_picked":["Rage","Rupture"],"picked":"Inflame"},{"not_picked":["Rage","Sever Soul"],"picked":"Thunderclap"},{"not_picked":["Wild Strike","Perfected Strike"],"picked":"Flex"},{"not_picked":["Dark Embrace","Brutality"],"picked":"Limit Break"},{"not_picked":["Sword Boomerang","Burning Pact"],"picked":"Headbutt"},{"not_picked":["Second Wind","Corruption"],"picked":"Sword Boomerang"},{"not_picked":["Thunderclap","Reckless Charge"],"picked":"Sword Boomerang"}],"player_experience":83249,"potions_floor_usage":[12,12,16,19],"damage_taken":[{"damage":5,"enemies":"Cultist","floor":1,"turns":4},{"damage":1,"enemies":"2 Louse","floor":2,"turns":2},{"damage":20,"enemies":"Jaw Worm","floor":3,"turns":4},{"damage":5,"enemies":"Large Slime","floor":4,"turns":6},{"damage":18,"enemies":"Exordium Wildlife","floor":5,"turns":4},{"damage":31,"enemies":"Gremlin Nob","floor":6,"turns":5},{"damage":26,"enemies":"Blue Slaver","floor":11,"turns":4},{"damage":11,"enemies":"3 Sentries","floor":12,"turns":4},{"damage":5,"enemies":"Lots of Slimes","floor":14,"turns":2},{"damage":63,"enemies":"The Guardian","floor":16,"turns":8},{"damage":30,"enemies":"Spheric Guardian","floor":18,"turns":4},{"damage":10,"enemies":"Chosen","floor":19,"turns":3},{"damage":32,"enemies":"Snake Plant","floor":22,"turns":3},{"damage":37,"enemies":"Gremlin Leader","floor":23,"turns":4}],"event_choices":[{"event_name":"Scrap Ooze","player_choice":"success","floor":8,"damage_taken":3},{"event_name":"Golden Shrine","player_choice":"Desecrate","floor":20,"damage_taken":0}],"boss_relics":[{"not_picked":["Ectoplasm","Runic Dome"],"picked":"Black Star"}],"potions_floor_spawned":[1,2,11,12,16],"seed_played":"-3207531710207709083","killed_by":"Gremlin Leader","ascension_level":0,"is_trial":false}