{"path_per_floor":["M","?","M","?","M","R","?","M","T","$","R","T","M","M","R","B",null,"M","?","M","$","M","R","?","M","T","M","?"],"character_chosen":"IRONCLAD","items_purchased":["Heavy Blade","Brutality","True Grit"],"gold_per_floor":[115,115,130,305,317,317,317,337,337,14,14,14,33,46,46,147,147,157,157,177,77,94,94,94,112,112,130,130,130],"floor_reached":29,"campfire_rested":1,"playtime":1237,"current_hp_per_floor":[80,80,80,80,80,80,80,74,74,74,74,74,76,75,75,43,71,35,35,31,31,26,50,50,31,31,9,9,0],"items_purged":["Normality","Strike_R"],"gold":130,"score":271,"play_id":"d7516cc7-cf30-48f0-841c-2efcf946444b","local_time":"20180329221837","is_prod":false,"is_daily":false,"is_ascension_mode":true,"campfire_upgraded":3,"timestamp":1522376317,"path_taken":["M","?","M","?","?","R","?","M","T","$","R","?","M","M","R","BOSS","M","?","M","$","M","R","?","M","T","M","?","M"],"build_version":"2018-03-29","purchased_purges":2,"victory":false,"master_deck":["Strike_R","Strike_R","Strike_R","Defend_R","Defend_R","Defend_R","Defend_R","Bash","Bludgeon","Headbutt","Heavy Blade+1","Rupture","Sword Boomerang","Heavy Blade+1","Brutality","True Grit+1","Spot Weakness","Offering","Burning Pact+1","Spot Weakness+1","Inflame"],"max_hp_per_floor":[80,80,80,80,80,80,80,80,80,80,80,80,80,80,80,80,80,80,80,80,80,80,80,80,80,80,80,80,80],"relics":["Burning Blood","Centennial Puzzle","Ginger","Bottled Lightning","Runic Cube","Toxic Egg 2","Shovel"],"card_choices":[{"not_picked":["Anger","Havoc"],"picked":"Headbutt","floor":1},{"not_picked":["Carnage","Ghostly Armor"],"picked":"Heavy Blade","floor":3},{"not_picked":["Fire Breathing","Twin Strike"],"picked":"Rupture","floor":5},{"not_picked":["Twin Strike","Pummel"],"picked":"Sword Boomerang","floor":8},{"not_picked":["Thunderclap","Body Slam"],"picked":"Spot Weakness","floor":13},{"not_picked":["Reaper","Berserk"],"picked":"Offering","floor":16},{"not_picked":["Havoc","Body Slam"],"picked":"Burning Pact","floor":18},{"not_picked":["Warcry","Body Slam"],"picked":"Spot Weakness","floor":20},{"not_picked":["Flame Barrier","Demon Form"],"picked":"Inflame","floor":22}],"player_experience":371300,"potions_floor_usage":[16,20,25,27,29],"damage_taken":[{"damage":2,"enemies":"Jaw Worm","floor":1,"turns":3},{"damage":0,"enemies":"Cultist","floor":3,"turns":2},{"damage":1,"enemies":"2 Louse","floor":5,"turns":2},{"damage":12,"enemies":"Looter","floor":8,"turns":3},{"damage":4,"enemies":"Blue Slaver","floor":13,"turns":2},{"damage":7,"enemies":"3 Louse","floor":14,"turns":4},{"damage":38,"enemies":"Hexaghost","floor":16,"turns":6},{"damage":42,"enemies":"3 Byrds","floor":18,"turns":5},{"damage":22,"enemies":"Shell Parasite","floor":20,"turns":5},{"damage":11,"enemies":"Centurion and Healer","floor":22,"turns":4},{"damage":25,"enemies":"Cultist and Chosen","floor":25,"turns":4},{"damage":37,"enemies":"3 Cultists","floor":27,"turns":4},{"damage":9,"enemies":"Snake Plant","floor":29,"turns":2}],"event_choices":[{"event_name":"Purifier","player_choice":"One Purge","floor":2,"damage_taken":0},{"event_name":"Liars Game","player_choice":"agreed","floor":4,"damage_taken":0},{"event_name":"Accursed Blacksmith","player_choice":"Rummage","floor":7,"damage_taken":0},{"event_name":"The Mausoleum","player_choice":"Yes","floor":19,"damage_taken":0},{"event_name":"Ghosts","player_choice":"Ignored","floor":24,"damage_taken":0},{"event_name":"Fountain of Cleansing","player_choice":"Removed Curse","floor":28,"damage_taken":0}],"boss_relics":[{"not_picked":["Snecko Eye","Pandora\u0027s Box"],"picked":"Runic Cube"}],"potions_floor_spawned":[8,13,16,18,25],"seed_played":"-6134529748602867076","killed_by":"Snake Plant","ascension_level":5,"is_trial":false}