{"gold_per_floor":[362,437,81,96,271,271,327,339,339,351,351,367,19,19],"floor_reached":14,"playtime":817,"items_purged":["Strike_G","Doubt"],"score":88,"play_id":"c07bc50b-e9bb-4b92-bf4d-f13eb575948b","local_time":"20181201103045","is_ascension_mode":true,"campfire_choices":[{"data":"Neutralize","floor":6,"key":"SMITH"}],"neow_cost":"TEN_PERCENT_HP_LOSS","seed_source_timestamp":649303548528842,"circlet_count":0,"master_deck":["Defend_G+1","Defend_G+1","Defend_G","Defend_G","Defend_G+1","Strike_G","Strike_G","Strike_G","Strike_G","Survivor+1","Neutralize+1","Caltrops","Caltrops","Acrobatics","Dodge and Roll","Metamorphosis","Distraction"],"relics":["Ring of the Snake","TheAbacus","Matryoshka","Singing Bowl","War Paint"],"potions_floor_usage":[7,7,14],"damage_taken":[{"damage":1,"enemies":"2 Louse","floor":1,"turns":4},{"damage":13,"enemies":"Jaw Worm","floor":4,"turns":5},{"damage":10,"enemies":"Lagavulin Event","floor":7,"turns":7},{"damage":2,"enemies":"Small Slimes","floor":8,"turns":5},{"damage":7,"enemies":"Exordium Wildlife","floor":10,"turns":7},{"damage":0,"enemies":"Exordium Thugs","floor":12,"turns":6},{"damage":12,"enemies":"Gremlin Gang","floor":14,"turns":3}],"seed_played":"-1290285297268635679","potions_obtained":[{"floor":1,"key":"EntropicBrew"},{"floor":12,"key":"SkillPotion"}],"is_trial":false,"path_per_floor":["M","?","$","M","?","R","?","M","T","M","?","M","$","M"],"character_chosen":"THE_SILENT","items_purchased":["TheAbacus","Caltrops","Metamorphosis","Distraction"],"campfire_rested":0,"item_purchase_floors":[3,3,13,13],"current_hp_per_floor":[62,51,51,38,38,38,28,26,26,21,8,10,10,0],"gold":19,"neow_bonus":"TWO_FIFTY_GOLD","is_prod":false,"is_daily":false,"chose_seed":false,"campfire_upgraded":1,"win_rate":0,"timestamp":1543678245,"path_taken":["M","?","$","M","?","R","?","M","T","M","?","?","?","M"],"build_version":"2018-11-15","purchased_purges":2,"victory":false,"max_hp_per_floor":[63,63,63,63,63,63,63,63,63,65,65,67,67,67],"card_choices":[{"not_picked":["Terror","Finisher","Outmaneuver"],"picked":"SKIP","floor":1},{"not_picked":["Blade Dance","Cloak And Dagger"],"picked":"Caltrops","floor":4},{"not_picked":["Underhanded Strike","Eviscerate"],"picked":"Acrobatics","floor":7},{"not_picked":["Flying Knee","Blade Dance"],"picked":"Dodge and Roll","floor":8},{"not_picked":["Storm of Steel","Backstab","Sucker Punch"],"picked":"Singing Bowl","floor":10},{"not_picked":["Cloak And Dagger","Slice","Dodge and Roll"],"picked":"Singing Bowl","floor":12}],"player_experience":195592,"relics_obtained":[{"floor":7,"key":"Matryoshka"},{"floor":9,"key":"Singing Bowl"},{"floor":9,"key":"War Paint"}],"event_choices":[{"damage_healed":0,"gold_gain":75,"player_choice":"Gather Gold","damage_taken":11,"max_hp_gain":0,"max_hp_loss":0,"event_name":"World of Goop","floor":2,"gold_loss":0},{"damage_healed":0,"gold_gain":175,"player_choice":"AGREE","damage_taken":0,"max_hp_gain":0,"max_hp_loss":0,"event_name":"Liars Game","floor":5,"gold_loss":0,"cards_obtained":["Doubt"]},{"damage_healed":0,"gold_gain":0,"player_choice":"Searched \u00272\u0027 times","damage_taken":0,"max_hp_gain":0,"max_hp_loss":0,"event_name":"Dead Adventurer","floor":7,"gold_loss":0},{"damage_healed":0,"gold_gain":0,"player_choice":"Entered Light","damage_taken":13,"max_hp_gain":0,"max_hp_loss":0,"event_name":"Shining Light","floor":11,"gold_loss":0,"cards_upgraded":["Survivor","Defend_G"]}],"is_beta":false,"boss_relics":[],"items_purged_floors":[3,13],"is_endless":false,"potions_floor_spawned":[1,12],"killed_by":"Gremlin Gang","ascension_level":2}