{"gold_per_floor":[112,132,132,157,157,157,190,190,190,214,139,139,175,200,200,295,295,319,339,339],"floor_reached":20,"playtime":1341,"items_purged":["Injury"],"score":296,"play_id":"2dcc9ec3-2ecb-40c1-bc8d-e7d143491170","local_time":"20190228094105","is_ascension_mode":true,"campfire_choices":[{"data":"Chaos","floor":6,"key":"SMITH"},{"floor":8,"key":"REST"},{"floor":12,"key":"REST"},{"floor":15,"key":"REST"}],"neow_cost":"NONE","seed_source_timestamp":256621336571900,"circlet_count":0,"master_deck":["AscendersBane","Strike_B","Strike_B","Strike_B","Strike_B","Defend_B","Defend_B","Defend_B","Defend_B","Zap","Dualcast","Leap","Go for the Eyes","Chaos+1","Machine Learning","Ball Lightning","Genetic Algorithm","Electrodynamics","Compile Driver","Coolheaded+1"],"relics":["Cracked Core","Golden Idol","Pantograph","Matryoshka","Odd Mushroom","Black Star"],"potions_floor_usage":[4,14,19],"damage_taken":[{"damage":7,"enemies":"Jaw Worm","floor":1,"turns":3},{"damage":7,"enemies":"2 Louse","floor":2,"turns":3},{"damage":8,"enemies":"Small Slimes","floor":4,"turns":4},{"damage":42,"enemies":"3 Sentries","floor":7,"turns":11},{"damage":24,"enemies":"3 Louse","floor":10,"turns":4},{"damage":17,"enemies":"The Mushroom Lair","floor":13,"turns":4},{"damage":10,"enemies":"Gremlin Gang","floor":14,"turns":4},{"damage":43,"enemies":"Slime Boss","floor":16,"turns":11},{"damage":8,"enemies":"Chosen","floor":18,"turns":6},{"damage":37,"enemies":"Shell Parasite","floor":19,"turns":9},{"damage":25,"enemies":"Centurion and Healer","floor":20,"turns":4}],"seed_played":"8207042399301107452","potions_obtained":[{"floor":1,"key":"Regen Potion"},{"floor":4,"key":"Ancient Potion"},{"floor":13,"key":"FearPotion"},{"floor":14,"key":"Poison Potion"}],"is_trial":false,"path_per_floor":["M","M","?","M","?","R","E","R","T","M","$","R","?","M","R","B",null,"M","M","M"],"character_chosen":"DEFECT","items_purchased":[],"campfire_rested":3,"item_purchase_floors":[],"current_hp_per_floor":[64,57,57,61,61,61,19,42,42,18,18,41,24,14,37,19,63,55,18,0],"gold":339,"neow_bonus":"TEN_PERCENT_HP_BONUS","is_prod":false,"is_daily":false,"chose_seed":false,"campfire_upgraded":1,"win_rate":0,"timestamp":1551364865,"path_taken":["M","M","?","M","?","R","E","R","T","M","$","R","?","M","R","BOSS","M","M","M"],"build_version":"2019-01-23","purchased_purges":1,"victory":false,"max_hp_per_floor":[78,78,78,78,78,78,78,78,78,78,78,78,78,78,78,78,78,78,78,78],"card_choices":[{"not_picked":["Force Field","Beam Cell"],"picked":"Leap","floor":1},{"not_picked":["Skim","Compile Driver"],"picked":"Go for the Eyes","floor":2},{"not_picked":["Steam Power","Turbo"],"picked":"Chaos","floor":4},{"not_picked":["Skim","Doom and Gloom"],"picked":"Machine Learning","floor":7},{"not_picked":["Conserve Battery","Rebound"],"picked":"Ball Lightning","floor":10},{"not_picked":["Steam","Conserve Battery"],"picked":"Genetic Algorithm","floor":14},{"not_picked":["Creative AI","Multi-Cast"],"picked":"Electrodynamics","floor":16},{"not_picked":["Sunder","Reprogram"],"picked":"Compile Driver","floor":18},{"not_picked":["Compile Driver","Redo"],"picked":"Coolheaded+1","floor":19}],"player_experience":1398809,"relics_obtained":[{"floor":7,"key":"Pantograph"},{"floor":9,"key":"Matryoshka"},{"floor":13,"key":"Odd Mushroom"}],"event_choices":[{"damage_healed":0,"gold_gain":0,"player_choice":"Take Wound","damage_taken":0,"relics_obtained":["Golden Idol"],"max_hp_gain":0,"max_hp_loss":0,"event_name":"Golden Idol","floor":3,"gold_loss":0,"cards_obtained":["Injury"]},{"damage_healed":0,"gold_gain":0,"player_choice":"Ignored","damage_taken":0,"max_hp_gain":0,"max_hp_loss":0,"event_name":"Liars Game","floor":5,"gold_loss":0},{"damage_healed":0,"gold_gain":0,"player_choice":"Fought Mushrooms","damage_taken":0,"max_hp_gain":0,"max_hp_loss":0,"event_name":"Mushrooms","floor":13,"gold_loss":0}],"is_beta":false,"boss_relics":[{"not_picked":["Lizard Tail","Snecko Eye"],"picked":"Black Star"}],"items_purged_floors":[11],"is_endless":false,"potions_floor_spawned":[1,4,13,14],"killed_by":"Centurion and Healer","ascension_level":14}