{"gold_per_floor":[116,66,66,86,99,134,134,162,216,233,233,252,282,296,296,296],"floor_reached":16,"playtime":850,"items_purged":[],"score":140,"play_id":"4895f51c-52a9-4b48-ae3b-7faa335d5167","local_time":"20180818152237","is_ascension_mode":true,"campfire_choices":[{"floor":7,"key":"REST"},{"floor":15,"key":"REST"}],"neow_cost":"NONE","seed_source_timestamp":495982181209444,"circlet_count":0,"master_deck":["Defend_G","Defend_G","Defend_G","Defend_G","Strike_G","Strike_G","Strike_G","Strike_G","Survivor","Neutralize","Slice","Backflip","Dagger Throw","Underhanded Strike","Dash","Sucker Punch","Dagger Throw","Deflect"],"relics":["Ring of the Snake","Vajra","Mummified Hand","Bronze Scales","Strawberry","Blood Vial"],"potions_floor_usage":[8,13,16,16],"damage_taken":[{"damage":0,"enemies":"Cultist","floor":1,"turns":4},{"damage":1,"enemies":"Jaw Worm","floor":4,"turns":3},{"damage":0,"enemies":"2 Louse","floor":5,"turns":2},{"damage":43,"enemies":"Lagavulin","floor":6,"turns":6},{"damage":10,"enemies":"Gremlin Nob","floor":8,"turns":3},{"damage":10,"enemies":"Exordium Wildlife","floor":10,"turns":4},{"damage":0,"enemies":"Gremlin Gang","floor":12,"turns":3},{"damage":10,"enemies":"3 Sentries","floor":13,"turns":4},{"damage":7,"enemies":"3 Louse","floor":14,"turns":2},{"damage":50,"enemies":"Slime Boss","floor":16,"turns":8}],"seed_played":"538296955782304905","potions_obtained":[{"floor":6,"key":"FearPotion"},{"floor":8,"key":"SteroidPotion"},{"floor":10,"key":"Weak Potion"},{"floor":13,"key":"Swift Potion"}],"is_trial":false,"path_per_floor":["M","?","?","M","M","E","R","E","T","M","?","M","E","M","R"],"character_chosen":"THE_SILENT","items_purchased":[],"campfire_rested":2,"item_purchase_floors":[],"current_hp_per_floor":[70,70,63,62,62,19,40,30,37,27,32,32,22,17,41,0],"gold":296,"neow_bonus":"RANDOM_COMMON_RELIC","is_prod":false,"is_daily":false,"chose_seed":false,"campfire_upgraded":0,"win_rate":0,"timestamp":1534594957,"path_taken":["M","?","?","M","M","E","R","E","T","M","?","M","E","M","R","BOSS"],"build_version":"2018-08-16","purchased_purges":0,"victory":false,"max_hp_per_floor":[70,70,70,70,70,70,70,70,77,77,82,82,82,82,82,82],"card_choices":[{"not_picked":["Deadly Poison","Deflect"],"picked":"Slice","floor":1},{"not_picked":["Prepared","Crippling Poison"],"picked":"Backflip","floor":4},{"not_picked":["Prepared","Footwork"],"picked":"Dagger Throw","floor":5},{"not_picked":["Masterful Stab","Quick Slash"],"picked":"Underhanded Strike","floor":6},{"not_picked":["Predator","Die Die Die"],"picked":"Dash","floor":8},{"not_picked":["Leg Sweep","PiercingWail","Dagger Spray"],"picked":"SKIP","floor":10},{"not_picked":["Bane","Skewer"],"picked":"Sucker Punch","floor":12},{"not_picked":["Sucker Punch","Caltrops"],"picked":"Dagger Throw","floor":13},{"not_picked":["Dagger Spray","Deadly Poison"],"picked":"Deflect","floor":14}],"player_experience":59838,"relics_obtained":[{"floor":6,"key":"Mummified Hand"},{"floor":8,"key":"Bronze Scales"},{"floor":9,"key":"Strawberry"},{"floor":13,"key":"Blood Vial"}],"event_choices":[{"event_name":"The Cleric","player_choice":"Card Removal","floor":2,"damage_taken":0},{"event_name":"Golden Wing","player_choice":"Card Removal","floor":3,"damage_taken":0},{"event_name":"Big Fish","player_choice":"Donut","floor":11,"damage_taken":0}],"is_beta":false,"boss_relics":[],"items_purged_floors":[],"is_endless":false,"potions_floor_spawned":[6,8,10,13],"killed_by":"Slime Boss","ascension_level":3}