{"path_per_floor":["M","?","M","?","$","E","M","R","T","R","M","M","$","?","R","B",null,"M","?","?","M","M","R","?","M","T","M","M","M","R","M","R","B",null,"M","$","?","M","?","R","M","R","T","R","M","M","?","T","R"],"character_chosen":"THE_SILENT","items_purchased":["Cloak And Dagger","Terror","Caltrops","Prepared","Snake Skull","Acrobatics"],"gold_per_floor":[118,118,131,131,27,61,81,81,81,81,98,115,24,24,24,128,128,102,52,52,65,77,77,77,92,92,105,117,132,132,149,149,245,245,261,13,13,26,126,126,142,142,442,442,452,465,0,52,52],"floor_reached":50,"campfire_rested":4,"playtime":3249,"current_hp_per_floor":[70,70,70,67,67,67,67,67,67,67,64,64,64,64,64,57,70,55,55,47,47,39,39,39,37,37,37,22,16,37,32,53,1,70,58,58,58,58,58,58,27,48,48,48,32,29,29,29,50],"items_purged":["Defend_G"],"gold":52,"score":493,"play_id":"6d020dee-fc41-4e77-a304-3646c0a445ff","is_prod":false,"is_daily":false,"is_ascension_mode":true,"campfire_upgraded":4,"path_taken":["M","?","M","?","$","E","M","R","T","R","?","M","?","?","R","BOSS","M","?","?","?","M","R","?","M","T","M","M","M","R","M","R","BOSS","M","$","?","M","?","R","?","R","T","R","M","M","?","?","R","BOSS"],"build_version":"2018-02-15-PROD1","purchased_purges":1,"victory":false,"master_deck":["Defend_G","Defend_G","Defend_G","Defend_G","Survivor","Neutralize","Leg Sweep","Blur+1","Cloak And Dagger","Terror","Predator","Backflip","Bullet Time","Deadly Poison","Caltrops+1","Prepared","Backflip","Backflip+1","Caltrops+1","Escape Plan","Well Laid Plans","Poisoned Stab","Wraith Form","A Thousand Cuts+1","Backflip+1","Heel Hook+1","Setup+1","PiercingWail+1","Leg Sweep","Footwork+1"],"max_hp_per_floor":[70,70,70,70,70,70,70,70,70,70,70,70,70,70,70,70,70,70,70,70,70,70,70,70,70,70,70,70,70,70,70,70,70,70,70,70,70,70,70,70,70,70,70,70,70,70,70,70,70],"relics":["Ring of the Snake","NeowsBlessing","Smiling Mask","Centennial Puzzle","Peace Pipe","Velvet Choker","Happy Flower","Astrolabe","Snake Skull","Old Coin","Red Mask","Oddly Smooth Stone"],"card_choices":[{"not_picked":["Outmaneuver","Dodge and Roll"],"picked":"Leg Sweep"},{"not_picked":["Prepared","Dagger Throw"],"picked":"Blur"},{"not_picked":["Choke","Flechettes"],"picked":"Predator"},{"not_picked":["Slice","Dagger Throw"],"picked":"Backflip"},{"not_picked":["Terror","Quick Slash"],"picked":"Bullet Time"},{"not_picked":["Dash","Outmaneuver"],"picked":"Deadly Poison"},{"not_picked":["Expertise","Quick Slash"],"picked":"Backflip"},{"not_picked":["Choke","Masterful Stab"],"picked":"Backflip"},{"not_picked":["Eviscerate","Dagger Throw"],"picked":"Caltrops"},{"not_picked":["PiercingWail","Deflect"],"picked":"Escape Plan"},{"not_picked":["Eviscerate","Choke"],"picked":"Well Laid Plans"},{"not_picked":["Outmaneuver","Leg Sweep"],"picked":"Poisoned Stab"},{"not_picked":["Slice","Eviscerate"],"picked":"Wraith Form"},{"not_picked":["Grand Finale","Envenom"],"picked":"A Thousand Cuts"},{"not_picked":["Quick Slash","Underhanded Strike"],"picked":"PiercingWail"},{"not_picked":["Expertise","Cloak And Dagger"],"picked":"Leg Sweep"},{"not_picked":["Flying Knee","Distraction"],"picked":"Footwork"}],"player_experience":159984,"potions_floor_usage":[16,16,16,21,31,35,41,50,50],"damage_taken":[{"damage":0,"enemies":"Jaw Worm","floor":1,"turns":1},{"damage":0,"enemies":"Cultist","floor":3,"turns":1},{"damage":0,"enemies":"3 Sentries","floor":6,"turns":1},{"damage":0,"enemies":"Small Slimes","floor":7,"turns":3},{"damage":3,"enemies":"Looter","floor":11,"turns":3},{"damage":0,"enemies":"3 Louse","floor":12,"turns":4},{"damage":7,"enemies":"Hexaghost","floor":16,"turns":10},{"damage":15,"enemies":"2 Thieves","floor":18,"turns":5},{"damage":0,"enemies":"Chosen","floor":21,"turns":7},{"damage":8,"enemies":"Centurion and Healer","floor":22,"turns":12},{"damage":2,"enemies":"Snake Plant","floor":25,"turns":5},{"damage":0,"enemies":"Snecko","floor":27,"turns":5},{"damage":15,"enemies":"Sentry and Sphere","floor":28,"turns":9},{"damage":6,"enemies":"Centurion and Healer","floor":29,"turns":10},{"damage":5,"enemies":"Chosen and Byrds","floor":31,"turns":7},{"damage":52,"enemies":"Champ","floor":33,"turns":14},{"damage":12,"enemies":"Orb Walker","floor":35,"turns":6},{"damage":0,"enemies":"3 Shapes","floor":38,"turns":5},{"damage":31,"enemies":"Sphere and 2 Shapes","floor":41,"turns":5},{"damage":16,"enemies":"4 Shapes","floor":45,"turns":4},{"damage":3,"enemies":"Maw","floor":46,"turns":8},{"damage":58,"enemies":"Donu and Deca","floor":50,"turns":8}],"event_choices":[{"event_name":"The Lab","player_choice":"Got Potions","floor":2,"damage_taken":0},{"event_name":"Scrap Ooze","player_choice":"success","floor":4,"damage_taken":3},{"event_name":"The Cleric","player_choice":"Leave","floor":14,"damage_taken":0},{"event_name":"The Joust","player_choice":"Bet on Murderer","floor":19,"damage_taken":0},{"event_name":"Knowing Skull","player_choice":"","floor":20,"damage_taken":0},{"event_name":"Addict","player_choice":"Ignored","floor":24,"damage_taken":0},{"event_name":"Golden Shrine","player_choice":"Pray","floor":39,"damage_taken":0},{"event_name":"Tomb of Lord Red Mask","player_choice":"Paid","floor":47,"damage_taken":0}],"boss_relics":[{"not_picked":["White Beast Statue","Pandora\u0027s Box"],"picked":"Velvet Choker"},{"not_picked":["Eternal Feather","The Specimen"],"picked":"Astrolabe"}],"potions_floor_spawned":[11,16,25,27,29,33,35],"seed_played":"3752811120674175176","killed_by":"Donu and Deca","ascension_level":1,"is_trial":false}