{"path_per_floor":["M","M","$","?","?","R","M","M","T","M","?","R","$","M","R","B",null,"M","$","M","$","M","R","M","R","T","?","M","R","M","?","R"],"character_chosen":"IRONCLAD","items_purchased":["Shrug It Off","Shrug It Off","Perfected Strike","Shrug It Off","Shrug It Off"],"gold_per_floor":[111,130,7,7,7,7,17,37,62,81,81,81,29,43,43,140,140,157,82,98,47,60,60,80,80,105,28,45,45,61,61,61,61],"floor_reached":33,"campfire_rested":0,"playtime":952,"current_hp_per_floor":[80,79,79,79,79,79,80,79,79,80,80,80,80,80,80,50,80,60,60,68,68,76,76,80,80,80,80,71,71,72,72,72,0],"items_purged":["Defend_R"],"gold":61,"score":264,"play_id":"928d0b4e-0910-420d-bed0-fe696d738e7b","local_time":"20180426202048","is_prod":false,"is_daily":false,"chose_seed":false,"is_ascension_mode":false,"campfire_upgraded":7,"timestamp":1524788448,"path_taken":["M","M","$","?","?","R","M","M","T","M","?","R","$","M","R","BOSS","M","$","M","$","M","R","M","R","T","?","?","R","M","?","R","BOSS"],"build_version":"2018-04-26","seed_source_timestamp":1058360324630777,"purchased_purges":1,"victory":false,"master_deck":["Strike_R","Strike_R","Strike_R","Strike_R","Strike_R","Defend_R","Defend_R","Defend_R","Bash","Thunderclap","Perfected Strike+1","Shrug It Off","True Grit","Armaments+1","Shrug It Off","Perfected Strike+1","Fiend Fire","Shrug It Off","Perfected Strike+1","Shrug It Off","Twin Strike+1","Shrug It Off+1","Twin Strike+1","J.A.X.","Flex+1"],"max_hp_per_floor":[80,80,80,80,80,80,80,80,80,80,80,80,80,80,80,80,80,80,80,80,80,80,80,80,80,80,80,80,80,80,80,80,80],"relics":["Burning Blood","Bag of Marbles","Blood Vial","Philosopher\u0027s Stone","Lantern"],"card_choices":[{"not_picked":["Clash","Carnage"],"picked":"Thunderclap","floor":1},{"not_picked":["Shrug It Off","Power Through"],"picked":"Perfected Strike","floor":2},{"not_picked":["Headbutt","Clash"],"picked":"True Grit","floor":7},{"not_picked":["Searing Blow","Ghostly Armor"],"picked":"Armaments","floor":10},{"not_picked":["Warcry","Anger"],"picked":"Perfected Strike","floor":14},{"not_picked":["Feed","Bludgeon"],"picked":"Fiend Fire","floor":16},{"not_picked":["Anger","True Grit"],"picked":"Shrug It Off","floor":18},{"not_picked":["Flex","Headbutt"],"picked":"Twin Strike","floor":20},{"not_picked":["Warcry","Shrug It Off"],"picked":"Twin Strike","floor":22},{"not_picked":["Clothesline","Sever Soul"],"picked":"Flex","floor":30}],"player_experience":0,"potions_floor_usage":[20],"damage_taken":[{"damage":0,"enemies":"2 Louse","floor":1,"turns":3},{"damage":7,"enemies":"Small Slimes","floor":2,"turns":4},{"damage":0,"enemies":"Jaw Worm","floor":7,"turns":1},{"damage":7,"enemies":"Looter","floor":8,"turns":3},{"damage":6,"enemies":"Red Slaver","floor":10,"turns":3},{"damage":4,"enemies":"Blue Slaver","floor":14,"turns":2},{"damage":36,"enemies":"The Guardian","floor":16,"turns":11},{"damage":26,"enemies":"3 Byrds","floor":18,"turns":4},{"damage":0,"enemies":"Shell Parasite","floor":20,"turns":3},{"damage":0,"enemies":"Snake Plant","floor":22,"turns":2},{"damage":0,"enemies":"Snecko","floor":24,"turns":2},{"damage":15,"enemies":"Cultist and Chosen","floor":28,"turns":5},{"damage":7,"enemies":"3 Cultists","floor":30,"turns":4},{"damage":87,"enemies":"Champ","floor":33,"turns":6}],"event_choices":[{"event_name":"Big Fish","player_choice":"Box","floor":4,"damage_taken":0},{"event_name":"The Lab","player_choice":"Got Potions","floor":5,"damage_taken":0},{"event_name":"Fountain of Cleansing","player_choice":"Removed Curse","floor":11,"damage_taken":0},{"event_name":"Drug Dealer","player_choice":"Got JAXXED","floor":27,"damage_taken":0},{"event_name":"Beggar","player_choice":"Ignored","floor":31,"damage_taken":0}],"boss_relics":[{"not_picked":["Runic Cube","White Beast Statue"],"picked":"Philosopher\u0027s Stone"}],"potions_floor_spawned":[1,10,18,22,24,28,30],"seed_played":"-1251525419770106748","killed_by":"Champ","ascension_level":0,"is_trial":false}