{"path_per_floor":["M","?","M","$","?","M","R","E","T","E","$","E","R","?","R","B",null,"M","M","$","?","?","R","?","R","T","E","$","R","$"],"character_chosen":"IRONCLAD","items_purchased":["Wild Strike","Bandage Up","Battle Trance"],"gold_per_floor":[116,116,129,6,6,26,26,64,143,182,82,118,118,118,118,208,208,231,255,42,42,42,42,42,42,68,399,399,399,179],"floor_reached":31,"campfire_rested":2,"playtime":2756,"current_hp_per_floor":[74,74,74,71,71,70,70,63,63,56,56,51,51,51,51,15,62,25,10,10,10,10,33,33,33,33,8,8,31,31],"items_purged":["Parasite","Strike_R","Decay","Demon Form"],"gold":179,"score":437,"play_id":"934a443b-1a55-490e-a6bc-a82d15d1e2d1","is_prod":false,"is_daily":false,"is_ascension_mode":true,"campfire_upgraded":4,"path_taken":["M","?","M","$","?","M","R","E","T","E","$","E","R","?","R","BOSS","M","M","$","?","?","R","?","R","T","E","$","R","$","M"],"build_version":"2018-02-14-BETA1","purchased_purges":5,"victory":false,"master_deck":["Strike_R","Strike_R","Strike_R","Defend_R","Defend_R","Defend_R","Defend_R","Bash+1","Exhume+1","Inflame+1","Shockwave","Wild Strike","Shrug It Off+1","Brutality","Demon Form","Iron Wave","Bandage Up+1","Battle Trance"],"max_hp_per_floor":[80,74,74,71,71,71,71,78,78,78,78,78,78,78,78,78,78,78,78,78,78,78,78,78,78,78,78,78,78,78],"relics":["Burning Blood","Golden Idol","Strawberry","Toolbox","Lantern","Pantograph","Sozu","Art of War","Old Coin"],"card_choices":[{"not_picked":["Wild Strike","Twin Strike"],"picked":"Inflame"},{"not_picked":["Cleave","Corruption"],"picked":"Shockwave"},{"not_picked":["Entrench","Clothesline"],"picked":"Shrug It Off"},{"not_picked":["Sword Boomerang","Dual Wield"],"picked":"Brutality"},{"not_picked":["Juggernaut","Dark Embrace"],"picked":"Demon Form"},{"not_picked":["Sword Boomerang","Clothesline"],"picked":"Iron Wave"},{"not_picked":["Headbutt","Cleave"],"picked":"Demon Form"}],"player_experience":229371,"potions_floor_usage":[8],"damage_taken":[{"damage":4,"enemies":"Small Slimes","floor":1,"turns":4},{"damage":1,"enemies":"Cultist","floor":3,"turns":3},{"damage":7,"enemies":"2 Louse","floor":6,"turns":2},{"damage":20,"enemies":"Lagavulin","floor":8,"turns":7},{"damage":13,"enemies":"Gremlin Nob","floor":10,"turns":4},{"damage":19,"enemies":"3 Sentries","floor":12,"turns":9},{"damage":67,"enemies":"The Guardian","floor":16,"turns":14},{"damage":43,"enemies":"Chosen","floor":18,"turns":5},{"damage":21,"enemies":"2 Thieves","floor":19,"turns":4},{"damage":47,"enemies":"Gremlin Leader","floor":27,"turns":6},{"damage":41,"enemies":"Slaver and Parasite","floor":31,"turns":3}],"event_choices":[{"event_name":"Golden Idol","player_choice":"Lose Max HP","floor":2,"damage_taken":0},{"event_name":"Living Wall","player_choice":"Forget","floor":5,"damage_taken":0},{"event_name":"Wheel of Change","player_choice":"Curse","floor":14,"damage_taken":0},{"event_name":"Drug Dealer","player_choice":"Ignored","floor":21,"damage_taken":0},{"event_name":"Upgrade Shrine","player_choice":"Upgraded","floor":22,"damage_taken":0},{"event_name":"Vampires","player_choice":"Ignored","floor":24,"damage_taken":0}],"boss_relics":[{"not_picked":["Snecko Eye","Velvet Choker"],"picked":"Sozu"}],"potions_floor_spawned":[3,6,12,19,27],"seed_played":"6273978634398571703","killed_by":"Slaver and Parasite","ascension_level":13,"is_trial":false}