{"gold_per_floor":[20,38,57,76,91,91,105,105,105,140,156,156,172,152,152,251,251,261,276,54,65,75,75,75,100,170,199,199,199,211,221,221,316,316,335,335,353,231,231,258,258,268,291,291,302,320,320,320],"floor_reached":48,"playtime":1853,"items_purged":["Defend_R"],"score":778,"play_id":"1c136148-bd39-4a0d-85b7-fe921a83f15a","local_time":"20190217000527","is_ascension_mode":true,"campfire_choices":[{"data":"Fire Breathing","floor":6,"key":"SMITH"},{"floor":8,"key":"REST"},{"floor":15,"key":"REST"},{"floor":23,"key":"REST"},{"data":"Demon Form","floor":28,"key":"SMITH"},{"floor":32,"key":"REST"},{"data":"Shrug It Off","floor":41,"key":"SMITH"},{"data":"Defend_R","floor":44,"key":"SMITH"}],"neow_cost":"NO_GOLD","seed_source_timestamp":280882545747962,"circlet_count":0,"master_deck":["Strike_R","Strike_R+1","Defend_R","Defend_R+1","Defend_R+1","Bash","Inflame","Disarm","Sword Boomerang","Sword Boomerang+1","Spot Weakness","Ghostly Armor","Ghostly Armor","Demon Form+1","Battle Trance+1","Heavy Blade","Ghostly","Ghostly","Ghostly","Ghostly","Ghostly","Heavy Blade+1","Reaper","Flame Barrier+1","Power Through+1","Heavy Blade+1","Armaments+1","Shrug It Off+1","Madness","Madness"],"relics":["Burning Blood","Pear","Potion Belt","Mark of Pain","Orichalcum","Art of War","Shuriken","Mango","Astrolabe","Meat on the Bone","PreservedInsect","Whetstone"],"potions_floor_usage":[10,16,16,16,16,19,21,27,33,40,48],"damage_taken":[{"damage":6,"enemies":"Cultist","floor":1,"turns":4},{"damage":9,"enemies":"2 Louse","floor":2,"turns":3},{"damage":7,"enemies":"Small Slimes","floor":3,"turns":4},{"damage":19,"enemies":"3 Louse","floor":4,"turns":4},{"damage":23,"enemies":"Gremlin Gang","floor":5,"turns":4},{"damage":13,"enemies":"Lots of Slimes","floor":7,"turns":2},{"damage":31,"enemies":"Gremlin Nob","floor":10,"turns":5},{"damage":2,"enemies":"Looter","floor":11,"turns":3},{"damage":9,"enemies":"Blue Slaver","floor":13,"turns":3},{"damage":64,"enemies":"Slime Boss","floor":16,"turns":10},{"damage":44,"enemies":"3 Byrds","floor":18,"turns":5},{"damage":5,"enemies":"Shell Parasite","floor":19,"turns":5},{"damage":14,"enemies":"Chosen and Byrds","floor":21,"turns":5},{"damage":14,"enemies":"Snecko","floor":22,"turns":6},{"damage":0,"enemies":"Book of Stabbing","floor":25,"turns":5},{"damage":20,"enemies":"Gremlin Leader","floor":27,"turns":7},{"damage":0,"enemies":"Centurion and Healer","floor":30,"turns":6},{"damage":15,"enemies":"Snake Plant","floor":31,"turns":5},{"damage":16,"enemies":"Champ","floor":33,"turns":8},{"damage":10,"enemies":"Orb Walker","floor":35,"turns":4},{"damage":16,"enemies":"3 Shapes","floor":37,"turns":6},{"damage":26,"enemies":"Nemesis","floor":40,"turns":7},{"damage":0,"enemies":"Sphere and 2 Shapes","floor":42,"turns":4},{"damage":20,"enemies":"3 Darklings","floor":45,"turns":8},{"damage":31,"enemies":"Maw","floor":46,"turns":8},{"damage":40,"enemies":"Transient","floor":48,"turns":4}],"seed_played":"-8589841615171201898","potions_obtained":[{"floor":1,"key":"Fire Potion"},{"floor":3,"key":"Energy Potion"},{"floor":7,"key":"Weak Potion"},{"floor":10,"key":"FearPotion"},{"floor":13,"key":"FearPotion"},{"floor":14,"key":"BloodPotion"},{"floor":18,"key":"AttackPotion"},{"floor":19,"key":"Ancient Potion"},{"floor":22,"key":"GamblersBrew"},{"floor":25,"key":"SteroidPotion"},{"floor":37,"key":"Block Potion"},{"floor":40,"key":"Swift Potion"},{"floor":42,"key":"PowerPotion"}],"is_trial":false,"path_per_floor":["M","M","M","M","M","R","M","R","T","E","M","?","M","?","R","B",null,"M","M","$","M","M","R","?","E","T","E","R","?","M","M","R","B",null,"M","?","M","$","?","E","R","M","T","R","M","M","T","M"],"character_chosen":"IRONCLAD","items_purchased":["BloodPotion","Orichalcum","Shrug It Off"],"campfire_rested":4,"item_purchase_floors":[20,20,38],"current_hp_per_floor":[72,69,68,55,38,38,31,55,65,40,44,37,34,34,61,12,71,33,34,34,35,27,54,45,45,45,45,45,35,41,32,51,41,58,54,54,64,64,56,46,46,52,52,52,50,39,39,0],"gold":320,"neow_bonus":"TRANSFORM_TWO_CARDS","is_prod":false,"is_daily":false,"chose_seed":false,"campfire_upgraded":4,"win_rate":0,"timestamp":1550390727,"path_taken":["M","?","?","M","?","R","M","R","T","E","M","?","M","?","R","BOSS","M","M","$","?","M","R","?","E","T","E","R","?","M","M","R","BOSS","M","?","?","?","?","E","R","M","T","R","M","M","?","M"],"build_version":"2019-01-23","purchased_purges":1,"victory":false,"max_hp_per_floor":[80,80,80,80,80,80,80,80,90,90,90,90,90,90,90,90,90,90,90,90,90,90,90,45,45,45,59,59,64,64,64,64,64,64,64,64,64,64,64,64,64,64,64,64,64,64,64,64],"card_choices":[{"not_picked":["Pummel","Perfected Strike"],"picked":"Inflame","floor":1},{"not_picked":["Uppercut","Thunderclap"],"picked":"Fire Breathing","floor":2},{"not_picked":["Whirlwind","Warcry"],"picked":"Disarm","floor":3},{"not_picked":["Thunderclap","True Grit"],"picked":"Sword Boomerang","floor":4},{"not_picked":["Havoc","Anger"],"picked":"Sword Boomerang","floor":5},{"not_picked":["Corruption","Dropkick"],"picked":"Spot Weakness","floor":7},{"not_picked":["Sentinel","Twin Strike"],"picked":"Ghostly Armor","floor":10},{"not_picked":["Feel No Pain","Iron Wave"],"picked":"Ghostly Armor","floor":11},{"not_picked":["Clothesline","Battle Trance","Evolve"],"picked":"SKIP","floor":13},{"not_picked":["Exhume","Impervious"],"picked":"Demon Form","floor":16},{"not_picked":["Flex","Thunderclap"],"picked":"Battle Trance+1","floor":18},{"not_picked":["Anger","Flex","Thunderclap+1"],"picked":"SKIP","floor":19},{"not_picked":["True Grit+1","Thunderclap","Whirlwind+1"],"picked":"SKIP","floor":21},{"not_picked":["Pommel Strike","Anger"],"picked":"Heavy Blade","floor":22},{"not_picked":["Barricade","Dropkick","Whirlwind"],"picked":"SKIP","floor":25},{"not_picked":["Sword Boomerang","Wild Strike","Anger"],"picked":"SKIP","floor":27},{"not_picked":["Clash+1","Anger+1","Exhume"],"picked":"SKIP","floor":30},{"not_picked":["Spot Weakness","Sword Boomerang"],"picked":"Heavy Blade+1","floor":31},{"not_picked":["Juggernaut","Fiend Fire"],"picked":"Reaper","floor":33},{"not_picked":["Havoc","Perfected Strike"],"picked":"Armaments+1","floor":35},{"not_picked":["Body Slam","Pommel Strike+1","Iron Wave+1"],"picked":"SKIP","floor":37},{"not_picked":["Dropkick+1","Rampage+1","Body Slam"],"picked":"SKIP","floor":40},{"not_picked":["Spot Weakness","Clash+1","Dual Wield"],"picked":"SKIP","floor":42},{"not_picked":["Seeing Red+1","True Grit","Heavy Blade"],"picked":"SKIP","floor":45},{"not_picked":["Dropkick","Carnage","Perfected Strike"],"picked":"SKIP","floor":46}],"player_experience":286201,"relics_obtained":[{"floor":9,"key":"Pear"},{"floor":10,"key":"Potion Belt"},{"floor":25,"key":"Art of War"},{"floor":26,"key":"Shuriken"},{"floor":27,"key":"Mango"},{"floor":40,"key":"Meat on the Bone"},{"floor":43,"key":"PreservedInsect"},{"floor":47,"key":"Whetstone"}],"event_choices":[{"cards_removed":["Fire Breathing"],"damage_healed":0,"gold_gain":0,"player_choice":"Card Removal","damage_taken":7,"max_hp_gain":0,"max_hp_loss":0,"event_name":"Golden Wing","floor":12,"gold_loss":0},{"damage_healed":0,"gold_gain":0,"player_choice":"Bought 1 Potion","damage_taken":0,"max_hp_gain":0,"max_hp_loss":0,"event_name":"The Woman in Blue","floor":14,"gold_loss":0},{"damage_healed":0,"gold_gain":0,"player_choice":"Became a Ghost","damage_taken":0,"max_hp_gain":0,"max_hp_loss":45,"event_name":"Ghosts","floor":24,"gold_loss":0,"cards_obtained":["Ghostly","Ghostly","Ghostly","Ghostly","Ghostly"]},{"damage_healed":0,"gold_gain":0,"player_choice":"Shed Blood","damage_taken":15,"max_hp_gain":5,"max_hp_loss":0,"event_name":"Forgotten Altar","floor":29,"gold_loss":0},{"damage_healed":0,"gold_gain":0,"player_choice":"Forge","damage_taken":0,"max_hp_gain":0,"max_hp_loss":0,"event_name":"Accursed Blacksmith","floor":36,"gold_loss":0,"cards_upgraded":["Defend_R"]},{"damage_healed":0,"gold_gain":0,"player_choice":"Embrace Madness","damage_taken":8,"max_hp_gain":0,"max_hp_loss":0,"event_name":"Winding Halls","floor":39,"gold_loss":0,"cards_obtained":["Madness","Madness"]}],"is_beta":false,"boss_relics":[{"not_picked":["Empty Cage","Snecko Eye"],"picked":"Mark of Pain"},{"not_picked":["Sozu","Philosopher\u0027s Stone"],"picked":"Astrolabe"}],"items_purged_floors":[38],"is_endless":false,"potions_floor_spawned":[1,3,7,10,13,18,19,22,25,37,40,42],"killed_by":"Transient","ascension_level":7}