{"path_per_floor":["M","?","M","?","$","?","M","$","T","E","M","E","R","M","R","B",null],"character_chosen":"IRONCLAD","items_purchased":["Armaments","Flash of Steel"],"gold_per_floor":[114,114,131,131,10,110,121,33,109,139,153,187,187,198,198,297,297],"floor_reached":18,"campfire_rested":1,"playtime":1331,"current_hp_per_floor":[80,64,63,63,63,63,65,65,65,48,54,54,78,66,66,29,80],"items_purged":["Strike_R"],"gold":312,"score":172,"play_id":"5c59750c-3b3f-45a1-bcaf-6d3954d334f0","local_time":"20180304222700","is_prod":false,"is_daily":false,"is_ascension_mode":false,"campfire_upgraded":1,"timestamp":1520202420,"path_taken":["M","?","?","?","$","?","M","?","T","E","?","E","R","M","R","BOSS","M"],"build_version":"2018-03-01-PROD1","purchased_purges":1,"victory":false,"master_deck":["Strike_R","Strike_R","Strike_R","Defend_R","Defend_R+1","Defend_R","Defend_R","Bash","Immolate","Wild Strike+1","Fire Breathing+1","Reckless Charge","Swift Strike","Armaments","Flash of Steel","Pommel Strike","Shrug It Off","Juggernaut"],"max_hp_per_floor":[80,80,80,80,80,80,80,80,80,80,80,80,80,80,80,80,80],"relics":["Burning Blood","Bottled Flame","Happy Flower","Darkstone Periapt","Black Star"],"card_choices":[{"not_picked":["Clash","Combust"],"picked":"Wild Strike"},{"not_picked":["Second Wind","Rupture"],"picked":"Fire Breathing"},{"not_picked":["Fiend Fire","Battle Trance"],"picked":"Pommel Strike"},{"not_picked":["Warcry","Heavy Blade"],"picked":"Shrug It Off"},{"not_picked":["Brutality","Reaper"],"picked":"Juggernaut"}],"player_experience":78610,"potions_floor_usage":[10,14,16,16],"damage_taken":[{"damage":6,"enemies":"Cultist","floor":1,"turns":3},{"damage":7,"enemies":"Jaw Worm","floor":3,"turns":3},{"damage":4,"enemies":"2 Louse","floor":7,"turns":2},{"damage":23,"enemies":"Gremlin Nob","floor":10,"turns":4},{"damage":0,"enemies":"2 Fungi Beasts","floor":11,"turns":3},{"damage":6,"enemies":"3 Sentries","floor":12,"turns":6},{"damage":18,"enemies":"Gremlin Gang","floor":14,"turns":4},{"damage":43,"enemies":"Slime Boss","floor":16,"turns":11},{"damage":20,"enemies":"Shell Parasite","floor":18,"turns":6}],"event_choices":[{"event_name":"Shining Light","player_choice":"Entered Light","floor":2,"damage_taken":0},{"event_name":"Match and Keep!","player_choice":"2 cards matched","floor":4,"damage_taken":0},{"event_name":"Golden Shrine","player_choice":"Pray","floor":6,"damage_taken":0}],"boss_relics":[{"not_picked":["White Beast Statue","Runic Pyramid"],"picked":"Black Star"}],"potions_floor_spawned":[3,10,11,14,18],"seed_played":"3527255261443465620","killed_by":"Shell Parasite","ascension_level":0,"is_trial":false}