{"gold_per_floor":[116,116,126,146,165,165,185,12,12,28,45,64,64,64,64,167,197,213,138,138,157,407,407,433,433,433,447,43,57,57,17,17,17],"floor_reached":33,"playtime":1368,"items_purged":["Regret"],"score":239,"play_id":"5f050b58-8740-45c9-a089-57d74dfd4d2a","local_time":"20180704024340","is_ascension_mode":false,"campfire_choices":[{"data":"Offering","floor":6,"key":"SMITH"},{"data":"Rupture","floor":15,"key":"SMITH"},{"data":"Limit Break","floor":23,"key":"SMITH"},{"data":"Sword Boomerang","floor":25,"key":"SMITH"},{"floor":32,"key":"REST"}],"neow_cost":"NONE","seed_source_timestamp":1759637904464408,"circlet_count":0,"master_deck":["Strike_R+1","Strike_R+1","Strike_R+1","Strike_R+1","Defend_R+1","Defend_R+1","Defend_R+1","Defend_R+1","Bash+1","Offering+1","Rupture+1","Combust+1","Sword Boomerang+1","Headbutt","Cleave","Thunderclap","Flex","Finesse","Heavy Blade","Bloodletting","Limit Break+1","Twin Strike","Infernal Blade","Inflame","Clothesline","Metallicize"],"relics":["Burning Blood","Anchor","Lantern","Tiny House","Blood Vial","Magic Flower","Mercury Hourglass"],"potions_floor_usage":[21,27,29,33],"damage_taken":[{"damage":4,"enemies":"Cultist","floor":1,"turns":2},{"damage":0,"enemies":"2 Louse","floor":3,"turns":3},{"damage":4,"enemies":"Small Slimes","floor":4,"turns":3},{"damage":5,"enemies":"2 Fungi Beasts","floor":5,"turns":2},{"damage":6,"enemies":"3 Louse","floor":7,"turns":3},{"damage":2,"enemies":"Looter","floor":10,"turns":2},{"damage":4,"enemies":"2 Fungi Beasts","floor":11,"turns":2},{"damage":12,"enemies":"Large Slime","floor":12,"turns":4},{"damage":50,"enemies":"The Guardian","floor":16,"turns":9},{"damage":24,"enemies":"Spheric Guardian","floor":18,"turns":4},{"damage":6,"enemies":"Chosen","floor":21,"turns":3},{"damage":45,"enemies":"Snecko","floor":27,"turns":5},{"damage":14,"enemies":"Cultist and Chosen","floor":29,"turns":3},{"damage":61,"enemies":"Automaton","floor":33,"turns":8}],"seed_played":"5308512547981213425","potions_obtained":[{"floor":1,"key":"BloodPotion"},{"floor":3,"key":"Weak Potion"},{"floor":7,"key":"Swift Potion"},{"floor":17,"key":"BloodPotion"},{"floor":18,"key":"Block Potion"},{"floor":29,"key":"Dexterity Potion"}],"is_trial":false,"path_per_floor":["M","?","M","M","M","R","M","$","T","M","M","M","?","$","R","B",null,"M","?","?","M","?","R","T","R","T","M","$","M","?","$","R"],"character_chosen":"IRONCLAD","items_purchased":["Thunderclap","Flex","Finesse","Inflame","Mercury Hourglass","Metallicize"],"campfire_rested":1,"item_purchase_floors":[8,8,8,28,28,31],"current_hp_per_floor":[80,62,68,70,71,71,71,71,71,75,77,71,71,71,71,27,85,67,67,51,51,51,51,51,51,51,18,18,30,30,30,57,0],"gold":17,"neow_bonus":"ONE_RANDOM_RARE_CARD","is_prod":false,"is_daily":false,"chose_seed":false,"campfire_upgraded":4,"win_rate":0,"timestamp":1530686620,"path_taken":["M","?","M","M","M","R","M","$","T","?","M","?","?","$","R","BOSS","M","?","?","M","?","R","?","R","T","M","$","M","?","$","R","BOSS"],"build_version":"2018-06-28","purchased_purges":1,"victory":false,"max_hp_per_floor":[80,80,80,80,80,80,80,80,80,80,80,80,80,80,80,80,85,85,85,90,90,90,90,90,90,90,90,90,90,90,90,90,90],"card_choices":[{"not_picked":["Hemokinesis","Bloodletting"],"picked":"Rupture","floor":1},{"not_picked":["Warcry","Clothesline"],"picked":"Combust","floor":3},{"not_picked":["Clash","Armaments"],"picked":"Sword Boomerang","floor":4},{"not_picked":["Rampage","Pommel Strike"],"picked":"Headbutt","floor":5},{"not_picked":["Searing Blow","Headbutt"],"picked":"Cleave","floor":7},{"not_picked":["Thunderclap","Headbutt"],"picked":"Heavy Blade","floor":10},{"not_picked":["Battle Trance","Rage"],"picked":"Bloodletting","floor":11},{"not_picked":["Anger","Intimidate","Blood for Blood"],"picked":"SKIP","floor":12},{"not_picked":["Juggernaut","Berserk"],"picked":"Limit Break","floor":16},{"not_picked":["Wild Strike","Perfected Strike"],"picked":"Twin Strike","floor":17},{"not_picked":["Wild Strike","Headbutt"],"picked":"Infernal Blade","floor":18},{"not_picked":["Cleave","Clash","Havoc"],"picked":"SKIP","floor":21},{"not_picked":["Combust","Searing Blow","Intimidate+1"],"picked":"SKIP","floor":27},{"not_picked":["Iron Wave","Wild Strike"],"picked":"Clothesline","floor":29}],"player_experience":550680,"relics_obtained":[{"floor":9,"key":"Lantern"},{"floor":24,"key":"Blood Vial"},{"floor":26,"key":"Magic Flower"}],"event_choices":[{"event_name":"Scrap Ooze","player_choice":"success","floor":2,"damage_taken":18},{"event_name":"Living Wall","player_choice":"Grow","floor":13,"damage_taken":0},{"event_name":"Beggar","player_choice":"Gave Gold","floor":19,"damage_taken":0},{"event_name":"Forgotten Altar","player_choice":"Shed Blood","floor":20,"damage_taken":0},{"event_name":"Golden Shrine","player_choice":"Desecrate","floor":22,"damage_taken":0},{"event_name":"Back to Basics","player_choice":"Simplicity","floor":30,"damage_taken":0}],"boss_relics":[{"not_picked":["Runic Dome","Black Blood"],"picked":"Tiny House"}],"items_purged_floors":[28],"is_endless":false,"potions_floor_spawned":[1,3,7,18,29],"killed_by":"Automaton","ascension_level":0}