{"path_per_floor":["M","M","M","?","M","R","M","M","T","E","R","M","E","M","R","B",null,"M","$","?","M","M","E","R","E","T","E","$","M","R","E","R","B",null,"M","M","?","M","M","R","E","$","T","$","M","M","?","$","R","B"],"character_chosen":"IRONCLAD","items_purchased":["Corruption","Battle Trance","Lantern","Regen Potion","Strength Potion","Feel No Pain","Shockwave","Blood for Blood"],"gold_per_floor":[115,135,150,150,160,160,179,198,198,225,225,243,277,290,290,391,391,401,27,27,45,62,90,90,117,117,142,142,161,161,195,195,297,297,310,321,321,341,355,385,418,318,318,318,336,348,348,31,31,31],"floor_reached":51,"campfire_rested":0,"playtime":4121,"current_hp_per_floor":[62,66,62,46,48,48,54,60,60,43,43,47,52,58,58,22,66,64,64,49,55,61,59,59,65,65,78,78,84,84,90,90,88,91,92,92,92,92,84,84,53,53,53,53,59,65,65,65,65,56],"items_purged":["Strike_R","Writhe"],"gold":31,"score":904,"play_id":"3f123bc3-09d8-4457-b0a6-30a8fd62e36c","is_prod":false,"is_daily":false,"is_ascension_mode":true,"campfire_upgraded":4,"path_taken":["M","M","?","?","M","R","M","M","T","E","R","M","E","M","R","BOSS","M","$","?","M","M","E","R","E","T","E","$","M","R","E","R","BOSS","M","M","?","?","M","R","E","$","T","?","M","?","?","$","R","BOSS"],"build_version":"2018-02-08-BETA1","purchased_purges":2,"victory":true,"master_deck":["Strike_R+1","Strike_R+1","Strike_R+1","Defend_R","Defend_R","Defend_R+1","Bash+1","Whirlwind+1","Ghostly Armor","Sentinel+1","True Grit+1","Spot Weakness","Demon Form+1","Perfected Strike+1","Corruption","Battle Trance","Feel No Pain","Shrug It Off","Limit Break","Power Through+1","Warcry+1","Burning Pact+1","Dual Wield","Seeing Red+1","Pommel Strike+1","Flex+1","Feel No Pain","Armaments+1","Feel No Pain","Shockwave","Blood for Blood"],"max_hp_per_floor":[80,80,80,80,80,80,80,80,80,80,80,80,80,80,80,80,80,80,80,85,85,85,85,85,85,85,92,92,92,92,92,92,92,92,92,92,92,92,92,92,92,92,92,92,92,92,92,92,92,92],"relics":["Burning Blood","Whetstone","Paper Frog","Anchor","Snecko Eye","Lantern","Art of War","Bottled Tornado","Shovel","Strawberry","Peace Pipe","Bag of Preparation","Orichalcum","Astrolabe","Tiny Chest","Omamori","Bag of Marbles","Toolbox"],"card_choices":[{"not_picked":["Disarm","Dual Wield"],"picked":"Whirlwind"},{"not_picked":["Iron Wave","Clothesline"],"picked":"Flex"},{"not_picked":["Pummel","Thunderclap"],"picked":"Ghostly Armor"},{"not_picked":["Anger","Shockwave"],"picked":"Sentinel"},{"not_picked":["Ghostly Armor","Clash"],"picked":"True Grit"},{"not_picked":["True Grit","Wild Strike"],"picked":"Spot Weakness"},{"not_picked":["Feed","Impervious"],"picked":"Demon Form"},{"not_picked":["Sword Boomerang","Warcry"],"picked":"Perfected Strike"},{"not_picked":["Warcry","Pummel"],"picked":"Feel No Pain"},{"not_picked":["Perfected Strike","Ghostly Armor"],"picked":"Shrug It Off"},{"not_picked":["Evolve","Spot Weakness"],"picked":"Limit Break"},{"not_picked":["Clothesline","Warcry"],"picked":"Inflame"},{"not_picked":["Thunderclap","Rupture"],"picked":"Dual Wield"},{"not_picked":["Headbutt","Evolve"],"picked":"Seeing Red"},{"not_picked":["Sword Boomerang","Disarm"],"picked":"Pommel Strike"},{"not_picked":["Feel No Pain","Metallicize"],"picked":"Flex"},{"not_picked":["Havoc","Metallicize"],"picked":"Feel No Pain"},{"not_picked":["Thunderclap","Wild Strike"],"picked":"Armaments"}],"player_experience":123765,"potions_floor_usage":[10,10,13,41,41,50,50,50],"damage_taken":[{"damage":16,"enemies":"Blue Slaver","floor":1,"turns":3},{"damage":2,"enemies":"Jaw Worm","floor":2,"turns":4},{"damage":10,"enemies":"2 Louse","floor":3,"turns":2},{"damage":4,"enemies":"Looter","floor":5,"turns":4},{"damage":0,"enemies":"Exordium Wildlife","floor":7,"turns":1},{"damage":0,"enemies":"Large Slime","floor":8,"turns":4},{"damage":23,"enemies":"Gremlin Nob","floor":10,"turns":4},{"damage":2,"enemies":"Lots of Slimes","floor":12,"turns":3},{"damage":1,"enemies":"3 Sentries","floor":13,"turns":2},{"damage":0,"enemies":"Gremlin Gang","floor":14,"turns":2},{"damage":42,"enemies":"Slime Boss","floor":16,"turns":10},{"damage":8,"enemies":"Spheric Guardian","floor":18,"turns":5},{"damage":0,"enemies":"Shell Parasite","floor":21,"turns":2},{"damage":0,"enemies":"Sentry and Sphere","floor":22,"turns":3},{"damage":8,"enemies":"Gremlin Leader","floor":23,"turns":4},{"damage":0,"enemies":"Slavers","floor":25,"turns":3},{"damage":0,"enemies":"Gremlin Leader","floor":27,"turns":3},{"damage":0,"enemies":"Snecko","floor":29,"turns":3},{"damage":0,"enemies":"Book of Stabbing","floor":31,"turns":3},{"damage":8,"enemies":"Automaton","floor":33,"turns":5},{"damage":0,"enemies":"Flame Bruiser 1 Orb","floor":35,"turns":3},{"damage":0,"enemies":"Orb Walker","floor":36,"turns":2},{"damage":0,"enemies":"4 Shapes","floor":38,"turns":4},{"damage":14,"enemies":"Flame Bruiser 2 Orb","floor":39,"turns":6},{"damage":37,"enemies":"Nemesis","floor":41,"turns":7},{"damage":0,"enemies":"Spire Growth","floor":45,"turns":3},{"damage":0,"enemies":"4 Shapes","floor":46,"turns":3},{"damage":30,"enemies":"Time Eater","floor":50,"turns":6}],"event_choices":[{"event_name":"Shining Light","player_choice":"Entered Light","floor":4,"damage_taken":0},{"event_name":"Forgotten Altar","player_choice":"Shed Blood","floor":20,"damage_taken":0},{"event_name":"Winding Halls","player_choice":"Writhe","floor":37,"damage_taken":0}],"boss_relics":[{"not_picked":["Sozu","Runic Dome"],"picked":"Snecko Eye"},{"not_picked":["Runic Cube","White Beast Statue"],"picked":"Astrolabe"}],"potions_floor_spawned":[1,5,7,10,12,21,27,31,33,35,36,45,46],"seed_played":"-5611831490855752444","ascension_level":8,"is_trial":false}