{"gold_per_floor":[109,125,29,40,40,40,69,69,94,94,94,109,124,138,138,239,239,254,38,38,48,48,48,59,73,73,73,73,92,92,106,106,106],"floor_reached":33,"playtime":1608,"items_purged":[],"score":249,"play_id":"744411ad-a187-4588-a9ab-be564cc3cafe","local_time":"20190205223207","is_ascension_mode":false,"campfire_choices":[{"data":"A Thousand Cuts","floor":6,"key":"SMITH"},{"data":"Envenom","floor":8,"key":"SMITH"},{"data":"Cloak And Dagger","floor":10,"key":"SMITH"},{"floor":15,"key":"REST"},{"data":"Footwork","floor":23,"key":"SMITH"},{"floor":28,"key":"REST"},{"floor":32,"key":"REST"}],"neow_cost":"NONE","seed_source_timestamp":429549426633362,"circlet_count":0,"master_deck":["Defend_G","Defend_G","Defend_G","Defend_G","Defend_G","Strike_G","Strike_G","Strike_G","Survivor","Neutralize","A Thousand Cuts+1","Cloak And Dagger+1","Deadly Poison+1","Quick Slash","Crippling Poison","Crippling Poison","Envenom+1","Dodge and Roll","Backstab","Footwork+1","Burst","Choke","Corpse Explosion","Infinite Blades","Necronomicurse","Cloak And Dagger","Deflect+1","Footwork","Accuracy","J.A.X.","Finisher"],"relics":["Ring of the Serpent","Smiling Mask","Necronomicon","The Specimen"],"potions_floor_usage":[16,16,33,33],"damage_taken":[{"damage":0,"enemies":"Small Slimes","floor":1,"turns":4},{"damage":5,"enemies":"Jaw Worm","floor":2,"turns":5},{"damage":1,"enemies":"Cultist","floor":4,"turns":4},{"damage":15,"enemies":"Gremlin Nob","floor":7,"turns":4},{"damage":7,"enemies":"Exordium Wildlife","floor":12,"turns":4},{"damage":11,"enemies":"Gremlin Gang","floor":13,"turns":3},{"damage":6,"enemies":"Looter","floor":14,"turns":4},{"damage":6,"enemies":"Hexaghost","floor":16,"turns":9},{"damage":0,"enemies":"Spheric Guardian","floor":18,"turns":5},{"damage":20,"enemies":"3 Byrds","floor":21,"turns":4},{"damage":17,"enemies":"Cultist and Chosen","floor":24,"turns":5},{"damage":12,"enemies":"Centurion and Healer","floor":25,"turns":7},{"damage":6,"enemies":"Chosen and Byrds","floor":29,"turns":4},{"damage":14,"enemies":"Snake Plant","floor":31,"turns":5},{"damage":42,"enemies":"Collector","floor":33,"turns":7}],"seed_played":"-3261039809399847203","potions_obtained":[{"floor":2,"key":"AttackPotion"},{"floor":14,"key":"Poison Potion"},{"floor":16,"key":"SkillPotion"},{"floor":18,"key":"PowerPotion"},{"floor":25,"key":"FearPotion"}],"is_trial":false,"path_per_floor":["M","M","$","M","?","R","E","R","T","R","?","M","M","M","R","B",null,"M","$","?","M","$","R","M","M","T","?","R","M","?","M","R","B"],"character_chosen":"THE_SILENT","items_purchased":["Quick Slash","Crippling Poison","Corpse Explosion","Infinite Blades"],"campfire_rested":3,"item_purchase_floors":[3,3,19,19],"current_hp_per_floor":[70,65,65,64,69,69,54,54,54,54,54,47,36,30,52,46,75,75,75,59,39,39,39,22,10,10,10,32,26,26,12,34,0],"gold":106,"neow_bonus":"TRANSFORM_CARD","is_prod":false,"is_daily":false,"chose_seed":false,"campfire_upgraded":4,"win_rate":0,"timestamp":1549423927,"path_taken":["M","M","$","M","?","R","E","R","T","R","?","M","M","?","R","BOSS","M","$","?","M","$","R","M","M","T","?","R","?","?","M","R","BOSS"],"build_version":"2019-01-23","purchased_purges":0,"victory":false,"max_hp_per_floor":[70,70,70,70,75,75,75,75,75,75,75,75,75,75,75,75,75,75,75,75,75,75,75,75,75,75,75,75,75,75,75,75,75],"card_choices":[{"not_picked":["Expertise","Poisoned Stab"],"picked":"Cloak And Dagger","floor":1},{"not_picked":["Bane","Slice"],"picked":"Deadly Poison","floor":2},{"not_picked":["Concentrate","Tactician"],"picked":"Crippling Poison","floor":4},{"not_picked":["Underhanded Strike","Bane"],"picked":"Envenom","floor":7},{"not_picked":["Deflect","Dagger Throw"],"picked":"Dodge and Roll","floor":12},{"not_picked":["Flechettes","Distraction"],"picked":"Backstab","floor":13},{"not_picked":["Deflect","PiercingWail"],"picked":"Footwork","floor":14},{"not_picked":["Tools of the Trade","Bullet Time"],"picked":"Burst","floor":16},{"not_picked":["Outmaneuver","Deflect"],"picked":"Choke","floor":18},{"not_picked":["Dagger Throw+1","Prepared"],"picked":"Cloak And Dagger","floor":21},{"not_picked":["Prepared","Reflex"],"picked":"Deflect+1","floor":24},{"not_picked":["Predator","Reflex"],"picked":"Footwork","floor":25},{"not_picked":["Prepared","Concentrate"],"picked":"Accuracy","floor":29},{"not_picked":["Doppelganger","Endless Agony"],"picked":"Finisher","floor":31}],"player_experience":996209,"relics_obtained":[{"floor":7,"key":"Smiling Mask"},{"floor":20,"key":"Necronomicon"},{"floor":26,"key":"The Specimen"}],"event_choices":[{"damage_healed":0,"gold_gain":0,"player_choice":"Donut","damage_taken":0,"max_hp_gain":5,"max_hp_loss":0,"event_name":"Big Fish","floor":5,"gold_loss":0},{"damage_healed":0,"gold_gain":0,"player_choice":"Grow","damage_taken":0,"max_hp_gain":0,"max_hp_loss":0,"event_name":"Living Wall","floor":11,"gold_loss":0,"cards_upgraded":["Deadly Poison"]},{"damage_healed":0,"gold_gain":0,"player_choice":"Obtained Book","damage_taken":16,"max_hp_gain":0,"max_hp_loss":0,"event_name":"Cursed Tome","floor":20,"gold_loss":0},{"cards_removed":["Strike_G"],"damage_healed":0,"gold_gain":0,"player_choice":"Purged","damage_taken":0,"max_hp_gain":0,"max_hp_loss":0,"event_name":"Purifier","floor":27,"gold_loss":0},{"damage_healed":0,"gold_gain":0,"player_choice":"Obtain J.A.X.","damage_taken":0,"max_hp_gain":0,"max_hp_loss":0,"event_name":"Drug Dealer","floor":30,"gold_loss":0,"cards_obtained":["J.A.X."]}],"is_beta":false,"boss_relics":[{"not_picked":["Runic Pyramid","Eternal Feather"],"picked":"Ring of the Serpent"}],"items_purged_floors":[],"is_endless":false,"potions_floor_spawned":[2,14,16,18,25],"killed_by":"Collector","ascension_level":0}