{"path_per_floor":["M","$","M","M","M","E","M","E","T","E","T","R","E","M","R","B",null,"M","M","M","?","M","R","M","R","T","E","R","$","M","$","R","B",null,"M","M","$","?","M","R","?","?","T","E","?","M","R","M","R","B"],"character_chosen":"IRONCLAD","items_purchased":["Thunderclap","Feel No Pain","True Grit","Dexterity Potion"],"gold_per_floor":[119,22,38,48,64,98,117,151,151,180,180,180,212,229,229,326,326,346,360,373,373,384,384,398,398,398,423,423,288,298,73,73,170,170,182,195,45,92,110,110,0,0,25,55,55,73,73,86,86,86],"floor_reached":51,"campfire_rested":1,"playtime":8447,"current_hp_per_floor":[67,67,69,69,69,48,44,30,30,23,23,43,32,33,33,26,58,54,61,63,63,58,58,66,66,66,55,55,55,63,63,63,69,69,69,69,69,65,69,69,69,69,69,68,68,53,53,69,69,57],"items_purged":["Parasite","Strike_R","Strike_R","Strike_R"],"gold":86,"play_id":"a358a283-1bd2-42cd-b360-1f6bcf26b024","is_prod":false,"is_daily":false,"is_ascension_mode":true,"campfire_upgraded":8,"path_taken":["M","$","M","M","M","E","M","E","T","E","?","R","E","M","R","BOSS","M","?","?","?","M","R","M","R","T","E","R","$","M","$","R","BOSS","M","?","$","?","M","R","?","?","T","E","?","M","R","M","R","BOSS"],"build_version":"2018-02-01-PROD3","purchased_purges":4,"victory":true,"master_deck":["Strike_R+1","Strike_R","Defend_R","Defend_R","Defend_R","Defend_R","Combust+1","Thunderclap+1","Thunderclap","Armaments+1","Metallicize+1","Thunderclap","Shrug It Off+1","Headbutt","Seeing Red","Battle Trance","Entrench+1","Feel No Pain+1","Shrug It Off+1","Shrug It Off+1","Feel No Pain+1","True Grit+1","Fiend Fire","Inflame+1","Shrug It Off+1","Uppercut","Burning Pact","Metallicize+1","Sentinel+1","Metallicize+1","Rupture+1","Disarm+1","Thunderclap"],"max_hp_per_floor":[72,69,69,69,69,69,69,69,69,69,69,69,69,69,69,69,69,69,69,69,69,69,69,69,69,69,69,69,69,69,69,69,69,69,69,69,69,69,69,69,69,69,69,69,69,69,69,69,69,69],"relics":["Burning Blood","Champion Belt","Centennial Puzzle","Omamori","Calipers","Blood Vial","Gambling Chip","War Paint","Snecko Eye","Pen Nib","Oddly Smooth Stone","Orrery","Bird Faced Urn","Red Mask","Singing Bowl","Whetstone"],"card_choices":[{"not_picked":["Exhume","Cleave"],"picked":"Combust"},{"not_picked":["Armaments","Feel No Pain"],"picked":"Thunderclap"},{"not_picked":["Disarm","Second Wind"],"picked":"Armaments"},{"not_picked":["Intimidate","Hemokinesis"],"picked":"Metallicize"},{"not_picked":["Flame Barrier","Armaments"],"picked":"Thunderclap"},{"not_picked":["Rampage","Evolve"],"picked":"Shrug It Off"},{"not_picked":["Warcry","Second Wind"],"picked":"Headbutt"},{"not_picked":["Shockwave","Perfected Strike"],"picked":"Seeing Red"},{"not_picked":["Body Slam","Disarm"],"picked":"Battle Trance"},{"not_picked":["Thunderclap","Cleave"],"picked":"Entrench"},{"not_picked":["Havoc","Infernal Blade"],"picked":"Feel No Pain"},{"not_picked":["Warcry","Anger"],"picked":"Shrug It Off"},{"not_picked":["Rampage","Metallicize"],"picked":"Shrug It Off"},{"not_picked":["Feed","Berserk"],"picked":"Fiend Fire"},{"not_picked":["Whirlwind","Blood for Blood"],"picked":"Inflame"},{"not_picked":["Clothesline","Headbutt"],"picked":"Shrug It Off"},{"not_picked":["Clothesline","Armaments"],"picked":"Uppercut"},{"not_picked":["Armaments","Fire Breathing"],"picked":"Burning Pact"},{"not_picked":["Flex","Armaments"],"picked":"Metallicize"},{"not_picked":["Intimidate","Sever Soul"],"picked":"Sentinel"},{"not_picked":["Flex","Havoc"],"picked":"Metallicize"},{"not_picked":["Combust","Twin Strike"],"picked":"Rupture"},{"not_picked":["Double Tap","Twin Strike"],"picked":"Disarm"},{"not_picked":["Disarm","Sword Boomerang"],"picked":"Thunderclap"}],"player_experience":586391,"potions_floor_usage":[10,14,16,20,27,27,50,50,50],"damage_taken":[{"damage":11,"enemies":"Blue Slaver","floor":1,"turns":6},{"damage":2,"enemies":"Small Slimes","floor":3,"turns":3},{"damage":0,"enemies":"2 Louse","floor":4,"turns":3},{"damage":0,"enemies":"Large Slime","floor":5,"turns":4},{"damage":27,"enemies":"Gremlin Nob","floor":6,"turns":5},{"damage":10,"enemies":"Gremlin Gang","floor":7,"turns":3},{"damage":20,"enemies":"Lagavulin","floor":8,"turns":8},{"damage":13,"enemies":"3 Sentries","floor":10,"turns":3},{"damage":19,"enemies":"Gremlin Nob","floor":13,"turns":5},{"damage":7,"enemies":"Red Slaver","floor":14,"turns":4},{"damage":15,"enemies":"Hexaghost","floor":16,"turns":9},{"damage":12,"enemies":"2 Thieves","floor":18,"turns":3},{"damage":1,"enemies":"Spheric Guardian","floor":19,"turns":5},{"damage":6,"enemies":"Cultist and Chosen","floor":20,"turns":8},{"damage":13,"enemies":"Centurion and Healer","floor":22,"turns":6},{"damage":0,"enemies":"Slaver and Parasite","floor":24,"turns":6},{"damage":19,"enemies":"Slavers","floor":27,"turns":5},{"damage":0,"enemies":"Cultist and Chosen","floor":30,"turns":8},{"damage":0,"enemies":"Champ","floor":33,"turns":35},{"damage":0,"enemies":"3 Darklings","floor":35,"turns":6},{"damage":3,"enemies":"3 Shapes","floor":36,"turns":3},{"damage":10,"enemies":"Mysterious Sphere","floor":38,"turns":5},{"damage":1,"enemies":"Sphere and 2 Shapes","floor":39,"turns":7},{"damage":8,"enemies":"Giant Head","floor":44,"turns":14},{"damage":32,"enemies":"4 Shapes","floor":46,"turns":7},{"damage":6,"enemies":"Maw","floor":48,"turns":11},{"damage":23,"enemies":"Time Eater","floor":50,"turns":24}],"event_choices":[{"event_name":"Drug Dealer","player_choice":"Ignored","floor":21,"damage_taken":0},{"event_name":"Mysterious Sphere","player_choice":"Fight","floor":38,"damage_taken":0},{"event_name":"Tomb of Lord Red Mask","player_choice":"Paid","floor":41,"damage_taken":0},{"event_name":"Winding Halls","player_choice":"Writhe","floor":42,"damage_taken":0}],"boss_relics":[{"not_picked":["Pandora\u0027s Box","Runic Dome"],"picked":"Snecko Eye"},{"not_picked":["Mark of Pain","White Beast Statue"],"picked":"Orrery"}],"potions_floor_spawned":[1,5,7,13,14,16,19,20,30,35,46,48],"seed_played":"56169647151326820","ascension_level":10,"is_trial":false}