{"gold_per_floor":[116,191,203,213,213,248,248,277,301,333,333,413,413,8,8,112,112,125,143,143,154,154,186,198,198,248,280,55,66,66,84,84,181,181,198,198,198,211,231,266,266,266,266,11,23,50,61,79,79,79],"floor_reached":51,"playtime":2913,"items_purged":["Phantasmal Killer"],"score":1222,"play_id":"9bf22608-0b6b-441f-a2b4-858035426457","local_time":"20190227195718","is_ascension_mode":true,"campfire_choices":[{"floor":7,"key":"REST"},{"floor":11,"key":"REST"},{"data":"Leg Sweep","floor":15,"key":"SMITH"},{"floor":25,"key":"REST"},{"floor":30,"key":"REST"},{"floor":32,"key":"REST"},{"floor":41,"key":"REST"},{"floor":49,"key":"REST"}],"neow_cost":"NONE","seed_source_timestamp":7182432212800,"circlet_count":0,"master_deck":["AscendersBane","Survivor","Neutralize+1","Poisoned Stab","Deadly Poison","Backstab","Leg Sweep+1","Terror","Footwork+1","Dark Shackles","Flying Knee","A Thousand Cuts+1","Wraith Form v2+1","Crippling Poison+1","Doppelganger","Wraith Form v2+1","Venomology","Heel Hook","Blade Dance+1","Blur","Finisher","Backstab","Backflip","Cloak And Dagger","Blade Dance+1","Dark Shackles","Slice","Escape Plan","Malaise","Deflect+1","Sucker Punch+1","Backstab","Infinite Blades+1","Cloak And Dagger","Footwork+1","Cloak And Dagger"],"relics":["Ring of the Snake","Whetstone","Frozen Egg 2","Mercury Hourglass","Boot","Smiling Mask","Bottled Flame","Membership Card","Gremlin Horn","Pandora\u0027s Box","Pen Nib","Potion Belt","Shuriken","DollysMirror","Black Star","Art of War","Ice Cream","Mummified Hand","TwistedFunnel","Bag of Marbles","PreservedInsect","Pear"],"potions_floor_usage":[10,18,19,21,23,24,24,31,33,33,35,35,40,42,45,50,50,50,50,50],"damage_taken":[{"damage":0,"enemies":"Cultist","floor":1,"turns":5},{"damage":3,"enemies":"Jaw Worm","floor":3,"turns":5},{"damage":0,"enemies":"2 Louse","floor":4,"turns":3},{"damage":22,"enemies":"3 Sentries","floor":6,"turns":9},{"damage":27,"enemies":"Lagavulin","floor":8,"turns":7},{"damage":19,"enemies":"Gremlin Nob","floor":10,"turns":5},{"damage":4,"enemies":"Hexaghost","floor":16,"turns":11},{"damage":8,"enemies":"Chosen","floor":18,"turns":8},{"damage":0,"enemies":"3 Byrds","floor":19,"turns":2},{"damage":3,"enemies":"Snake Plant","floor":21,"turns":4},{"damage":0,"enemies":"Gremlin Leader","floor":23,"turns":5},{"damage":5,"enemies":"Centurion and Healer","floor":24,"turns":8},{"damage":42,"enemies":"Book of Stabbing","floor":27,"turns":9},{"damage":1,"enemies":"Sentry and Sphere","floor":29,"turns":7},{"damage":0,"enemies":"Snecko","floor":31,"turns":3},{"damage":57,"enemies":"Automaton","floor":33,"turns":8},{"damage":15,"enemies":"3 Darklings","floor":35,"turns":4},{"damage":4,"enemies":"3 Shapes","floor":38,"turns":6},{"damage":8,"enemies":"Maw","floor":39,"turns":7},{"damage":10,"enemies":"Reptomancer","floor":40,"turns":7},{"damage":0,"enemies":"4 Shapes","floor":45,"turns":3},{"damage":3,"enemies":"Nemesis","floor":46,"turns":5},{"damage":6,"enemies":"Sphere and 2 Shapes","floor":47,"turns":4},{"damage":0,"enemies":"Jaw Worm Horde","floor":48,"turns":3},{"damage":17,"enemies":"Awakened One","floor":50,"turns":9}],"seed_played":"5119485229406811471","potions_obtained":[{"floor":1,"key":"SteroidPotion"},{"floor":10,"key":"FearPotion"},{"floor":16,"key":"EssenceOfSteel"},{"floor":19,"key":"SkillPotion"},{"floor":21,"key":"EssenceOfSteel"},{"floor":27,"key":"FearPotion"},{"floor":33,"key":"AttackPotion"},{"floor":39,"key":"Swift Potion"},{"floor":40,"key":"SkillPotion"},{"floor":42,"key":"Fruit Juice"},{"floor":42,"key":"GhostInAJar"},{"floor":42,"key":"LiquidBronze"},{"floor":46,"key":"LiquidBronze"}],"is_trial":false,"path_per_floor":["M","?","M","M","T","E","R","E","T","E","R","T","?","$","R","B",null,"M","M","?","M","?","E","M","R","T","E","$","M","R","M","R","B",null,"M","?","?","M","M","E","R","?","T","$","M","E","M","M","R","B",null],"character_chosen":"THE_SILENT","items_purchased":["Membership Card","Gremlin Horn","Footwork+1","Dark Shackles","Cloak And Dagger","DollysMirror","Dark Shackles","TwistedFunnel","Backstab","Infinite Blades+1","Bag of Marbles"],"campfire_rested":7,"item_purchase_floors":[14,14,14,14,28,28,28,44,44,44,44],"current_hp_per_floor":[63,52,49,49,49,27,48,21,21,2,23,23,46,46,46,42,63,55,55,55,52,52,52,47,68,68,26,26,25,46,46,67,10,55,40,40,40,36,28,18,39,44,44,44,44,51,45,45,70,53],"gold":79,"neow_bonus":"UPGRADE_CARD","is_prod":false,"is_daily":false,"chose_seed":false,"campfire_upgraded":1,"win_rate":0,"timestamp":1551293838,"path_taken":["M","?","M","M","?","E","R","E","T","E","R","?","?","$","R","BOSS","M","M","?","?","?","E","M","R","T","E","$","?","R","M","R","BOSS","M","?","?","?","M","E","R","?","T","$","M","E","M","M","R","BOSS"],"build_version":"2019-01-23","purchased_purges":1,"victory":true,"max_hp_per_floor":[70,70,70,70,70,70,70,70,70,70,70,70,70,70,70,70,70,70,70,70,70,70,70,70,70,70,70,70,70,70,70,70,70,70,70,70,70,70,70,70,70,75,75,75,75,85,85,85,85,85],"card_choices":[{"not_picked":["Catalyst","Dodge and Roll"],"picked":"Poisoned Stab","floor":1},{"not_picked":["Outmaneuver","Prepared"],"picked":"Deadly Poison","floor":3},{"not_picked":["Night Terror","Bouncing Flask"],"picked":"Backstab","floor":4},{"not_picked":["Doppelganger","Quick Slash","Slice"],"picked":"SKIP","floor":6},{"not_picked":["Bane","Slice"],"picked":"Leg Sweep","floor":8},{"not_picked":["Prepared","Sucker Punch"],"picked":"Terror","floor":10},{"not_picked":["Dodge and Roll","Finisher"],"picked":"Blade Dance+1","floor":18},{"not_picked":["Underhanded Strike","Sucker Punch"],"picked":"Blur","floor":19},{"not_picked":["Expertise","Setup","Acrobatics+1"],"picked":"SKIP","floor":21},{"not_picked":["Terror","Slice"],"picked":"Finisher","floor":23},{"not_picked":["Accuracy+1","Flechettes"],"picked":"Backstab","floor":24},{"not_picked":["Backstab","Outmaneuver"],"picked":"Backflip","floor":27},{"not_picked":["Terror","Prepared"],"picked":"Slice","floor":29},{"not_picked":["Flying Knee+1","Eviscerate+1"],"picked":"Escape Plan","floor":31},{"not_picked":["Envenom+1","Doppelganger"],"picked":"Malaise","floor":33},{"not_picked":["Bouncing Flask","Leg Sweep","Deadly Poison+1"],"picked":"SKIP","floor":35},{"not_picked":["Dagger Spray+1","Underhanded Strike"],"picked":"Deflect+1","floor":38},{"not_picked":["Riddle With Holes+1","Quick Slash+1"],"picked":"Sucker Punch+1","floor":39},{"not_picked":["Dodge and Roll","Bane+1","Quick Slash+1"],"picked":"SKIP","floor":40},{"not_picked":["Slice","Calculated Gamble+1"],"picked":"Cloak And Dagger","floor":45},{"not_picked":["Flying Knee","Acrobatics"],"picked":"Footwork+1","floor":46},{"not_picked":["Endless Agony","Deflect","Outmaneuver"],"picked":"SKIP","floor":47},{"not_picked":["Blur","Night Terror"],"picked":"Cloak And Dagger","floor":48}],"player_experience":593242,"relics_obtained":[{"floor":5,"key":"Whetstone"},{"floor":6,"key":"Frozen Egg 2"},{"floor":8,"key":"Mercury Hourglass"},{"floor":9,"key":"Boot"},{"floor":10,"key":"Smiling Mask"},{"floor":12,"key":"Bottled Flame"},{"floor":23,"key":"Pen Nib"},{"floor":26,"key":"Potion Belt"},{"floor":27,"key":"Shuriken"},{"floor":40,"key":"Art of War"},{"floor":40,"key":"Ice Cream"},{"floor":43,"key":"Mummified Hand"},{"floor":46,"key":"PreservedInsect"},{"floor":46,"key":"Pear"}],"event_choices":[{"damage_healed":0,"gold_gain":75,"player_choice":"Gather Gold","damage_taken":11,"max_hp_gain":0,"max_hp_loss":0,"event_name":"World of Goop","floor":2,"gold_loss":0},{"damage_healed":23,"gold_gain":0,"player_choice":"Banana","damage_taken":0,"max_hp_gain":0,"max_hp_loss":0,"event_name":"Big Fish","floor":13,"gold_loss":0},{"damage_healed":0,"gold_gain":0,"player_choice":"Upgraded","damage_taken":0,"max_hp_gain":0,"max_hp_loss":0,"event_name":"Upgrade Shrine","floor":20,"gold_loss":0,"cards_upgraded":["Crippling Poison"]},{"cards_removed":["Night Terror"],"damage_healed":0,"gold_gain":0,"player_choice":"Purged","damage_taken":0,"max_hp_gain":0,"max_hp_loss":0,"event_name":"Purifier","floor":22,"gold_loss":0},{"damage_healed":0,"gold_gain":0,"player_choice":"Ignored","damage_taken":0,"max_hp_gain":0,"max_hp_loss":0,"event_name":"Tomb of Lord Red Mask","floor":36,"gold_loss":0},{"damage_healed":0,"gold_gain":0,"player_choice":"Bought 0 Potions","damage_taken":0,"max_hp_gain":0,"max_hp_loss":0,"event_name":"The Woman in Blue","floor":37,"gold_loss":0},{"damage_healed":0,"gold_gain":0,"player_choice":"Got Potions","damage_taken":0,"max_hp_gain":0,"max_hp_loss":0,"event_name":"Lab","floor":42,"gold_loss":0}],"is_beta":false,"boss_relics":[{"not_picked":["Runic Dome","Snecko Eye"],"picked":"Pandora\u0027s Box"},{"not_picked":["Orrery","White Beast Statue"],"picked":"Black Star"}],"items_purged_floors":[28],"is_endless":false,"potions_floor_spawned":[1,10,16,19,21,27,33,39,40,46,47],"ascension_level":11}