{"gold_per_floor":[112,112,131,148,161,161,186,197,197,122,122,150,169,184,184,184],"floor_reached":16,"playtime":727,"items_purged":["Bash"],"score":114,"play_id":"4af0227c-f53e-4636-a6c6-60aae094e8bf","local_time":"20190223152612","is_ascension_mode":false,"campfire_choices":[{"data":"Armaments","floor":6,"key":"SMITH"},{"floor":15,"key":"DIG"}],"neow_cost":"NONE","seed_source_timestamp":677780364162771,"circlet_count":0,"master_deck":["Rupture","Burning Pact","Anger","Exhume","Hemokinesis","Hemokinesis","Armaments+1","Clash","Blood for Blood","Ghostly Armor","Feel No Pain","Flex","Sword Boomerang","Pummel","Whirlwind","Fire Breathing","Shrug It Off"],"relics":["Pandora\u0027s Box","Bird Faced Urn","Shovel","Torii","Calipers"],"potions_floor_usage":[7,7],"damage_taken":[{"damage":9,"enemies":"Jaw Worm","floor":1,"turns":3},{"damage":7,"enemies":"Cultist","floor":3,"turns":3},{"damage":5,"enemies":"2 Louse","floor":4,"turns":3},{"damage":7,"enemies":"Large Slime","floor":5,"turns":3},{"damage":17,"enemies":"Lagavulin","floor":7,"turns":5},{"damage":4,"enemies":"Exordium Thugs","floor":8,"turns":3},{"damage":32,"enemies":"Gremlin Nob","floor":12,"turns":4},{"damage":0,"enemies":"3 Louse","floor":13,"turns":1},{"damage":12,"enemies":"Blue Slaver","floor":14,"turns":3},{"damage":0,"enemies":"Slime Boss","floor":16,"turns":1}],"seed_played":"3858682580141352050","potions_obtained":[{"floor":2,"key":"Swift Potion"},{"floor":2,"key":"SneckoOil"},{"floor":2,"key":"SkillPotion"},{"floor":3,"key":"Regen Potion"},{"floor":5,"key":"Regen Potion"},{"floor":12,"key":"Explosive Potion"},{"floor":14,"key":"Weak Potion"}],"is_trial":false,"path_per_floor":["M","?","M","M","M","R","E","M","T","$","?","E","M","M","R","B"],"character_chosen":"IRONCLAD","items_purchased":[],"campfire_rested":0,"item_purchase_floors":[],"current_hp_per_floor":[71,71,64,59,52,52,62,62,62,62,67,39,39,31,31,31],"gold":184,"neow_bonus":"BOSS_RELIC","is_prod":false,"is_daily":false,"chose_seed":false,"campfire_upgraded":1,"win_rate":0,"timestamp":1550903172,"path_taken":["M","?","M","M","?","R","E","M","T","$","?","E","M","M","R","BOSS"],"build_version":"2019-01-23","purchased_purges":1,"victory":false,"max_hp_per_floor":[80,80,80,80,80,80,80,80,80,80,85,85,85,85,85,85],"card_choices":[{"not_picked":["Headbutt","Armaments"],"picked":"Ghostly Armor","floor":1},{"not_picked":["Anger","Cleave"],"picked":"Feel No Pain","floor":3},{"not_picked":["Wild Strike","Shrug It Off","Dropkick"],"picked":"SKIP","floor":4},{"not_picked":["Infernal Blade","Body Slam"],"picked":"Flex","floor":5},{"not_picked":["Body Slam","Impervious"],"picked":"Sword Boomerang","floor":7},{"not_picked":["Headbutt","Corruption"],"picked":"Pummel","floor":8},{"not_picked":["Clothesline","Infernal Blade"],"picked":"Whirlwind","floor":12},{"not_picked":["Power Through","Wild Strike"],"picked":"Fire Breathing","floor":13},{"not_picked":["Searing Blow","Headbutt"],"picked":"Shrug It Off","floor":14}],"player_experience":886489,"relics_obtained":[{"floor":7,"key":"Bird Faced Urn"},{"floor":9,"key":"Shovel"},{"floor":12,"key":"Torii"},{"floor":15,"key":"Calipers"}],"event_choices":[{"damage_healed":0,"gold_gain":0,"player_choice":"Got Potions","damage_taken":0,"max_hp_gain":0,"max_hp_loss":0,"event_name":"Lab","floor":2,"gold_loss":0},{"damage_healed":0,"gold_gain":0,"player_choice":"Donut","damage_taken":0,"max_hp_gain":5,"max_hp_loss":0,"event_name":"Big Fish","floor":11,"gold_loss":0}],"is_beta":false,"boss_relics":[],"items_purged_floors":[10],"is_endless":false,"potions_floor_spawned":[3,5,12,14],"killed_by":"Slime Boss","ascension_level":0}