{"path_per_floor":["M","?","M","?","M","E","M","R","T","$","R","$","?","?","R","B",null,"M","?","?","M","M","R","M","R","T","E"],"character_chosen":"IRONCLAD","items_purchased":["Toxic Egg"],"gold_per_floor":[115,115,135,135,147,179,194,194,194,194,194,49,14,14,14,109,109,99,99,69,83,102,102,112,112,160,195],"floor_reached":28,"campfire_rested":2,"playtime":2654,"current_hp_per_floor":[79,86,83,66,67,54,57,57,57,57,57,57,78,78,78,37,87,67,52,52,36,13,40,47,74,74,18],"items_purged":[],"gold":195,"play_id":"1869a67c-adff-4a63-a46b-0c956db58dc3","is_prod":false,"is_daily":false,"campfire_rituals":0,"campfire_upgraded":3,"is_hardmode":false,"path_taken":["M","?","M","?","M","E","M","R","T","$","R","?","?","?","R","BOSS","M","?","?","M","M","R","?","R","T","E","M"],"build_version":"2018-01-11-PROD2","purchased_purges":0,"victory":false,"master_deck":["Strike_R","Strike_R","Strike_R","Strike_R","Defend_R","Defend_R","Defend_R","Defend_R","Bash","Cleave","Regret","Clothesline","Bloodletting","Armaments","Pommel Strike","Clash","Berserk","Seeing Red","Cleave","Cleave","Shrug It Off","Searing Blow"],"max_hp_per_floor":[80,87,87,87,87,87,87,87,87,87,87,87,87,87,87,87,87,87,92,92,92,92,92,92,92,92,92],"relics":["Burning Blood","Strawberry","Whetstone","Ginger","Toxic Egg","Mark of Pain","Anchor","Torii"],"campfire_meditates":0,"card_choices":[{"not_picked":["Feel No Pain","Reckless Charge"],"picked":"Cleave"},{"not_picked":["Rupture","Searing Blow"],"picked":"Clothesline"},{"not_picked":["Clash","Inflame"],"picked":"Bloodletting"},{"not_picked":["Cleave","Bloodletting"],"picked":"Armaments"},{"not_picked":["Disarm","Thunderclap"],"picked":"Pommel Strike"},{"not_picked":["Impervious","Fiend Fire"],"picked":"Berserk"},{"not_picked":["Perfected Strike","Sword Boomerang"],"picked":"Seeing Red"},{"not_picked":["Armaments","Warcry"],"picked":"Cleave"},{"not_picked":["Clash","Whirlwind"],"picked":"Cleave"},{"not_picked":["Iron Wave","Armaments"],"picked":"Shrug It Off"},{"not_picked":["Sever Soul","Anger"],"picked":"Searing Blow"}],"player_experience":0,"potions_floor_usage":[6,6,22,24,24,24],"damage_taken":[{"damage":7,"enemies":"Cultist","floor":1,"turns":6},{"damage":9,"enemies":"Jaw Worm","floor":3,"turns":3},{"damage":5,"enemies":"2 Louse","floor":5,"turns":3},{"damage":19,"enemies":"Gremlin Nob","floor":6,"turns":5},{"damage":3,"enemies":"Exordium Wildlife","floor":7,"turns":2},{"damage":47,"enemies":"The Guardian","floor":16,"turns":8},{"damage":26,"enemies":"2 Thieves","floor":18,"turns":5},{"damage":22,"enemies":"Shell Parasite","floor":21,"turns":6},{"damage":29,"enemies":"3 Cultists","floor":22,"turns":7},{"damage":14,"enemies":"Slaver and Parasite","floor":24,"turns":8},{"damage":62,"enemies":"Gremlin Leader","floor":27,"turns":8},{"damage":19,"enemies":"Sentry and Sphere","floor":28,"turns":2}],"event_choices":[{"event_name":"Big Fish","player_choice":"Box","floor":2,"damage_taken":0},{"event_name":"Shining Light","player_choice":"Entered Light","floor":4,"damage_taken":0},{"event_name":"The Cleric","player_choice":"Healed","floor":13,"damage_taken":0},{"event_name":"Living Wall","player_choice":"Change","floor":14,"damage_taken":0},{"event_name":"Forgotten Altar","player_choice":"Shed Blood","floor":19,"damage_taken":0},{"event_name":"The Woman in Blue","player_choice":"Bought 2 Potions","floor":20,"damage_taken":0}],"boss_relics":[{"not_picked":["Snecko Eye","Ectoplasm"],"picked":"Mark of Pain"}],"potions_floor_spawned":[1,5,6,21,22,27],"seed_played":"2366192708103949085","killed_by":"Sentry and Sphere","is_trial":false}