{"path_per_floor":["M","?","M","$","M","R","M","R","T","?","E","$","M","M","R","B",null,"M","?","M","$","?","R","$","M","T","R","?","M","?","$","R"],"character_chosen":"IRONCLAD","items_purchased":["Fire Breathing","Headbutt","Heavy Blade","Fire Breathing","Flex","Evolve"],"gold_per_floor":[117,117,131,45,64,64,76,76,100,100,133,46,63,80,80,181,181,194,194,207,82,82,82,12,27,77,77,77,93,93,93,93],"floor_reached":33,"campfire_rested":3,"playtime":1679,"current_hp_per_floor":[80,80,80,80,80,80,80,80,80,73,35,35,28,22,46,32,80,51,57,47,47,47,47,47,28,28,53,53,31,31,31,56],"items_purged":["Writhe"],"gold":93,"score":245,"play_id":"c878466d-cf55-4907-ba43-ef12ccdc2cdc","is_prod":false,"is_daily":false,"is_ascension_mode":false,"campfire_upgraded":3,"path_taken":["M","?","?","$","M","R","M","R","T","?","E","?","M","M","R","BOSS","M","?","M","$","?","R","?","M","T","R","?","M","?","$","R","BOSS"],"build_version":"2018-02-08-PROD1","purchased_purges":1,"victory":false,"master_deck":["Strike_R+1","Strike_R+1","Strike_R+1","Strike_R+1","Strike_R+1","Defend_R+1","Defend_R+1","Defend_R+1","Defend_R+1","Bash","Flex","Blood for Blood","Fire Breathing","Headbutt","Evolve+1","Heavy Blade+1","Cleave","Heavy Blade","Fire Breathing","Twin Strike","Spot Weakness","Demon Form+1","Metallicize+1","Armaments","Flex","Heavy Blade","Evolve","Iron Wave","Headbutt"],"max_hp_per_floor":[80,80,80,80,80,80,80,80,80,80,80,80,80,80,80,80,80,80,86,86,86,86,86,86,86,86,86,86,86,86,86,86],"relics":["Burning Blood","NeowsBlessing","Juzu Bracelet","Self Forming Clay","Darkstone Periapt","White Beast Statue","Thread and Needle","Prayer Wheel"],"card_choices":[{"not_picked":["Dropkick","Twin Strike"],"picked":"Flex"},{"not_picked":["Clash","Havoc"],"picked":"Blood for Blood"},{"not_picked":["True Grit","Sword Boomerang"],"picked":"Evolve"},{"not_picked":["Rampage","Flex"],"picked":"Heavy Blade"},{"not_picked":["Dark Embrace","Battle Trance"],"picked":"Cleave"},{"not_picked":["Sentinel","Thunderclap"],"picked":"Twin Strike"},{"not_picked":["Flex","Intimidate"],"picked":"Spot Weakness"},{"not_picked":["Juggernaut","Reaper"],"picked":"Demon Form"},{"not_picked":["Warcry","Hemokinesis"],"picked":"Metallicize"},{"not_picked":["Cleave","Blood for Blood"],"picked":"Armaments"},{"not_picked":["Warcry","Body Slam"],"picked":"Iron Wave"},{"not_picked":["Pommel Strike","Flex"],"picked":"Headbutt"}],"player_experience":66649,"potions_floor_usage":[11,16,20,25,29,33,33],"damage_taken":[{"damage":0,"enemies":"Small Slimes","floor":1,"turns":1},{"damage":0,"enemies":"Cultist","floor":3,"turns":1},{"damage":0,"enemies":"Blue Slaver","floor":5,"turns":1},{"damage":6,"enemies":"Large Slime","floor":7,"turns":6},{"damage":44,"enemies":"Lagavulin","floor":11,"turns":7},{"damage":13,"enemies":"3 Louse","floor":13,"turns":4},{"damage":12,"enemies":"Exordium Wildlife","floor":14,"turns":3},{"damage":35,"enemies":"The Guardian","floor":16,"turns":8},{"damage":35,"enemies":"Spheric Guardian","floor":18,"turns":6},{"damage":16,"enemies":"2 Thieves","floor":20,"turns":4},{"damage":25,"enemies":"Snake Plant","floor":25,"turns":6},{"damage":28,"enemies":"Slaver and Parasite","floor":29,"turns":5},{"damage":57,"enemies":"Champ","floor":33,"turns":11}],"event_choices":[{"event_name":"Liars Game","player_choice":"disagreed","floor":2,"damage_taken":0},{"event_name":"Scrap Ooze","player_choice":"success","floor":10,"damage_taken":7},{"event_name":"The Mausoleum","player_choice":"Yes","floor":19,"damage_taken":0},{"event_name":"The Library","player_choice":"Read","floor":22,"damage_taken":0},{"event_name":"Beggar","player_choice":"Ignored","floor":28,"damage_taken":0},{"event_name":"Back to Basics","player_choice":"Simplicity","floor":30,"damage_taken":0}],"boss_relics":[{"not_picked":["Runic Pyramid","Astrolabe"],"picked":"White Beast Statue"}],"potions_floor_spawned":[1,13,14,16,18,20,25,29],"seed_played":"21383458620317538","killed_by":"Champ","ascension_level":0,"is_trial":false}