{"gold_per_floor":[14,31,31,47,47,47,63,63,86,125,145,145,168,186,186,277,277,300,300,300,300,25,40,40,60,60,60,95,95,95,111,111,111],"floor_reached":33,"playtime":1685,"items_purged":["Injury"],"score":420,"play_id":"6ff1a477-8227-4a80-8514-9dcd4926c4c7","local_time":"20180804124745","is_ascension_mode":true,"campfire_choices":[{"data":"Neutralize","floor":6.0,"key":"SMITH"},{"data":"Caltrops","floor":8.0,"key":"SMITH"},{"data":"Cloak And Dagger","floor":12.0,"key":"SMITH"},{"data":"Noxious Fumes","floor":15.0,"key":"SMITH"},{"data":"Die Die Die","floor":24,"key":"SMITH"},{"data":"Tools of the Trade","floor":32,"key":"SMITH"}],"neow_cost":"NO_GOLD","seed_source_timestamp":0,"circlet_count":0,"master_deck":["Defend_G+1","Defend_G+1","Defend_G+1","Strike_G+1","Strike_G+1","Strike_G+1","Strike_G+1","Strike_G+1","Survivor","Neutralize+1","AscendersBane","Cloak And Dagger+1","Underhanded Strike","Cloak And Dagger","Caltrops+1","Flying Knee","Noxious Fumes+1","Die Die Die+1","Cloak And Dagger","Tools of the Trade+1"],"special_seed":0,"relics":["Ring of the Snake","Oddly Smooth Stone","Bag of Marbles","Busted Crown","Nloth\u0027s Gift","Lee\u0027s Waffle","Ornamental Fan","Red Mask","Letter Opener"],"potions_floor_usage":[33],"damage_taken":[{"damage":12.0,"enemies":"Small Slimes","floor":1.0,"turns":4.0},{"damage":5.0,"enemies":"Cultist","floor":2.0,"turns":4.0},{"damage":0.0,"enemies":"2 Louse","floor":4.0,"turns":2.0},{"damage":1.0,"enemies":"Large Slime","floor":7.0,"turns":6.0},{"damage":24.0,"enemies":"Gremlin Nob","floor":10.0,"turns":5.0},{"damage":10.0,"enemies":"2 Fungi Beasts","floor":11.0,"turns":3.0},{"damage":0.0,"enemies":"3 Louse","floor":13.0,"turns":2.0},{"damage":2.0,"enemies":"Blue Slaver","floor":14.0,"turns":4.0},{"damage":7.0,"enemies":"Slime Boss","floor":16.0,"turns":10.0},{"damage":15.0,"enemies":"3 Byrds","floor":18.0,"turns":3.0},{"damage":2.0,"enemies":"Shell Parasite","floor":23.0,"turns":4.0},{"damage":3,"enemies":"Cultist and Chosen","floor":25,"turns":5},{"damage":0,"floor":28,"turns":2},{"damage":8,"enemies":"Sentry and Sphere","floor":31,"turns":5},{"damage":78,"enemies":"Champ","floor":33,"turns":9}],"seed_played":"-5702976567913962512","potions_obtained":[{"floor":1.0,"key":"Swift Potion"},{"floor":4.0,"key":"EntropicBrew"},{"floor":11.0,"key":"Fire Potion"},{"floor":18.0,"key":"Energy Potion"},{"floor":25,"key":"Weak Potion"},{"floor":28,"key":"SkillPotion"}],"is_trial":false,"path_per_floor":["M","M","$","M","?","R","M","R","T","E","M","R","M","M","R","B",null,"M","?","?","?","$","M","R","M","T","$","?","T","$","M","R"],"character_chosen":"THE_SILENT","items_purchased":["Lee\u0027s Waffle"],"campfire_rested":0,"item_purchase_floors":[22],"current_hp_per_floor":[47,42,42,42,42,42,41,41,41,17,7,7,7,5,5,13,53,38,38,38,38,73,71,71,68,68,68,68,68,68,60,60,0],"gold":111,"neow_bonus":"REMOVE_TWO","is_prod":false,"is_daily":false,"chose_seed":false,"campfire_upgraded":6,"win_rate":0,"timestamp":1533354465,"path_taken":["M","M","$","M","?","R","?","R","T","E","M","R","M","?","R","BOSS","M","?","?","?","?","?","R","M","T","$","?","?","?","M","R","BOSS"],"build_version":"2018-08-02","purchased_purges":1,"victory":false,"max_hp_per_floor":[66,66,66,66,66,66,66,66,66,66,66,66,66,66,66,66,66,66,66,66,66,73,73,73,73,73,73,73,73,73,73,73,73],"card_choices":[{"not_picked":["Dagger Throw","Deflect"],"picked":"Cloak And Dagger","floor":1.0},{"not_picked":["Tactician","Quick Slash"],"picked":"Underhanded Strike","floor":2.0},{"not_picked":["Bane","Quick Slash"],"picked":"Cloak And Dagger","floor":4.0},{"not_picked":["Bane","A Thousand Cuts"],"picked":"Caltrops","floor":7.0},{"not_picked":["Bouncing Flask","Flying Knee","Quick Slash"],"picked":"SKIP","floor":10.0},{"not_picked":["Quick Slash","Outmaneuver","Finisher"],"picked":"SKIP","floor":11.0},{"not_picked":["Setup","Poisoned Stab"],"picked":"Flying Knee","floor":13.0},{"not_picked":["Quick Slash","Deflect"],"picked":"Noxious Fumes","floor":14.0},{"not_picked":["Grand Finale","Phantasmal Killer"],"picked":"Die Die Die","floor":16.0},{"not_picked":[],"picked":"Cloak And Dagger","floor":18.0},{"not_picked":["Quick Slash"],"picked":"SKIP","floor":23.0},{"not_picked":["Bane"],"picked":"SKIP","floor":25},{"not_picked":[],"picked":"Tools of the Trade","floor":31}],"player_experience":800968,"relics_obtained":[{"floor":9.0,"key":"Oddly Smooth Stone"},{"floor":10.0,"key":"Bag of Marbles"},{"floor":26,"key":"Ornamental Fan"},{"floor":28,"key":"Red Mask"},{"floor":29,"key":"Letter Opener"}],"event_choices":[{"event_name":"Golden Idol","player_choice":"Take Wound","floor":5.0,"damage_taken":0.0},{"event_name":"N\u0027loth","player_choice":"Traded a Golden Idol","floor":19.0,"damage_taken":0.0},{"event_name":"Back to Basics","player_choice":"Simplicity","floor":20.0,"damage_taken":0.0},{"event_name":"Vampires","player_choice":"Ignored","floor":21.0,"damage_taken":0.0},{"event_name":"Masked Bandits","player_choice":"Fought over 60 gold","floor":28,"damage_taken":0}],"is_beta":false,"boss_relics":[{"not_picked":["Cursed Key","White Beast Statue"],"picked":"Busted Crown"}],"items_purged_floors":[22],"is_endless":false,"potions_floor_spawned":[1,4,7,11,14,18,25,28],"killed_by":"Champ","ascension_level":14}