{"gold_per_floor":[113,38,38,58,72,72,89,89,112,187,187,187,201,215,215,291,291,301,321,335,250,250],"floor_reached":22,"playtime":679,"items_purged":[],"score":445,"play_id":"d1d6b556-73df-4f3e-8877-2f86ed65c354","local_time":"20190302231813","is_ascension_mode":true,"campfire_choices":[{"data":"Spot Weakness","floor":6.0,"key":"SMITH"},{"data":"Heavy Blade","floor":8.0,"key":"SMITH"},{"data":"Shrug It Off","floor":15,"key":"SMITH"}],"neow_cost":"NONE","seed_source_timestamp":0,"circlet_count":0,"master_deck":["AscendersBane","Strike_R","Strike_R","Strike_R","Defend_R","Defend_R","Defend_R","Defend_R","Bash+1","Cleave","Spot Weakness+1","Heavy Blade+1","Shrug It Off+1","Pummel","Demon Form"],"special_seed":0,"relics":["Burning Blood","Potion Belt","Pen Nib","Omamori","Coffee Dripper","Vajra"],"potions_floor_usage":[16,16,18,20,20],"damage_taken":[{"damage":9.0,"enemies":"2 Louse","floor":1.0,"turns":3.0},{"damage":9.0,"enemies":"Jaw Worm","floor":4.0,"turns":5.0},{"damage":2.0,"enemies":"Cultist","floor":5.0,"turns":4.0},{"damage":16.0,"enemies":"Looter","floor":7.0,"turns":4.0},{"damage":18,"enemies":"Large Slime","floor":13,"turns":2},{"damage":5,"enemies":"Red Slaver","floor":14,"turns":3},{"damage":0,"enemies":"Slime Boss","floor":16,"turns":5},{"damage":17,"enemies":"Spheric Guardian","floor":18,"turns":4},{"damage":34,"enemies":"2 Thieves","floor":19,"turns":3},{"damage":12,"enemies":"Chosen and Byrds","floor":20,"turns":4},{"damage":12,"enemies":"Centurion and Healer","floor":22,"turns":4}],"seed_played":"3075861987681116941","potions_obtained":[{"floor":7.0,"key":"SteroidPotion"},{"floor":13,"key":"SteroidPotion"},{"floor":16,"key":"AttackPotion"},{"floor":18,"key":"AttackPotion"},{"floor":19,"key":"Swift Potion"}],"is_trial":false,"path_per_floor":["M","?","?","M","M","R","M","R","T","?","?","?","M","M","R","B",null,"M","M","M","?","M"],"character_chosen":"IRONCLAD","items_purchased":[],"campfire_rested":0,"item_purchase_floors":[],"current_hp_per_floor":[65,65,65,62,66,66,56,56,56,45,45,45,33,34,34,40,66,55,27,21,21,9],"gold":250,"neow_bonus":"RANDOM_COMMON_RELIC","is_prod":false,"is_daily":false,"chose_seed":false,"campfire_upgraded":3,"win_rate":0,"timestamp":1551536293,"path_taken":["M","?","?","M","M","R","?","R","T","?","?","?","?","M","R","BOSS","M","M","M","?","M"],"build_version":"2019-01-23","purchased_purges":0,"victory":false,"max_hp_per_floor":[75,75,75,75,75,75,75,75,75,75,75,75,75,75,75,75,75,75,75,75,75,75],"card_choices":[{"not_picked":["Clothesline","Infernal Blade"],"picked":"Cleave","floor":1.0},{"not_picked":["Pommel Strike","Clash","Rupture"],"picked":"SKIP","floor":4.0},{"not_picked":["Feel No Pain","Clothesline"],"picked":"Spot Weakness","floor":5.0},{"not_picked":["Perfected Strike","Wild Strike"],"picked":"Heavy Blade","floor":7.0},{"not_picked":["Impervious","Entrench"],"picked":"Shrug It Off","floor":13},{"not_picked":["Flex","Rage"],"picked":"Pummel","floor":14},{"not_picked":["Double Tap","Exhume"],"picked":"Demon Form","floor":16},{"not_picked":["Armaments+1","Anger","Cleave"],"picked":"SKIP","floor":18},{"not_picked":["Anger","Body Slam","Armaments"],"picked":"SKIP","floor":19},{"not_picked":["Hemokinesis","Twin Strike","Dual Wield"],"picked":"SKIP","floor":20}],"player_experience":1011674,"relics_obtained":[{"floor":9.0,"key":"Pen Nib"}],"event_choices":[{"cards_removed":["Strike_R"],"damage_healed":0.0,"max_hp_gain":0.0,"max_hp_loss":0.0,"gold_gain":0.0,"event_name":"The Cleric","player_choice":"Card Removal","floor":2.0,"gold_loss":75.0,"damage_taken":0.0},{"cards_removed":["Strike_R"],"damage_healed":0.0,"max_hp_gain":0.0,"max_hp_loss":0.0,"gold_gain":0.0,"event_name":"Bonfire Elementals","player_choice":"Offered Basic","floor":3.0,"gold_loss":0.0,"damage_taken":0.0},{"damage_healed":0.0,"max_hp_gain":0.0,"max_hp_loss":0.0,"gold_gain":75.0,"event_name":"World of Goop","player_choice":"Gather Gold","floor":10.0,"gold_loss":0.0,"damage_taken":11.0},{"damage_healed":0,"gold_gain":0,"player_choice":"Searched \u00271\u0027 times","damage_taken":0,"relics_obtained":["Omamori"],"max_hp_gain":0,"max_hp_loss":0,"event_name":"Dead Adventurer","floor":11,"gold_loss":0},{"damage_healed":0,"gold_gain":0,"player_choice":"Upgraded","damage_taken":0,"max_hp_gain":0,"max_hp_loss":0,"event_name":"Upgrade Shrine","floor":12,"gold_loss":0,"cards_upgraded":["Bash"]},{"damage_healed":0,"gold_gain":0,"player_choice":"Obtained Relic","damage_taken":0,"relics_obtained":["Vajra"],"max_hp_gain":0,"max_hp_loss":0,"event_name":"Addict","floor":21,"gold_loss":85}],"is_beta":false,"boss_relics":[{"not_picked":["Sozu","Snecko Eye"],"picked":"Coffee Dripper"}],"items_purged_floors":[],"is_endless":false,"potions_floor_spawned":[7,13,16,18,19],"killed_by":"Centurion and Healer","ascension_level":19}