{"path_per_floor":["M","?","M","$","M","E","R","M","T","M","R","$","M","M","R","B"],"character_chosen":"IRONCLAD","items_purchased":["Prayer Wheel"],"gold_per_floor":[113,113,136,61,82,115,115,140,140,154,154,8,31,46,46,171],"floor_reached":17,"campfire_rested":1,"playtime":688,"current_hp_per_floor":[72,52,50,50,50,30,30,31,31,34,34,34,28,23,62,26],"items_purged":["Defend_R"],"gold":171,"score":159,"play_id":"3a7258ff-cbfa-45b5-b8cf-207bd99895f8","is_prod":false,"is_daily":false,"is_ascension_mode":false,"campfire_upgraded":2,"path_taken":["M","?","M","$","M","E","R","M","T","M","R","$","?","M","R","BOSS"],"build_version":"2018-02-22-PROD2","purchased_purges":2,"victory":false,"master_deck":["Strike_R","Strike_R","Strike_R","Strike_R","Strike_R","Defend_R","Defend_R","Defend_R","Bash","Shockwave+1","Heavy Blade","Thunderclap","Armaments+1","Pommel Strike","Inflame","Headbutt","Shrug It Off"],"max_hp_per_floor":[80,80,80,80,80,80,80,80,80,80,80,80,80,80,80,80],"relics":["Burning Blood","Omamori","Golden Idol","Regal Pillow","Blood Vial","Prayer Wheel","Lizard Tail"],"card_choices":[{"not_picked":["Dark Embrace","Disarm"],"picked":"Shockwave"},{"not_picked":["Metallicize","Clothesline"],"picked":"Heavy Blade"},{"not_picked":["Searing Blow","Uppercut"],"picked":"Thunderclap"},{"not_picked":["Clothesline","Barricade"],"picked":"Armaments"},{"not_picked":["Thunderclap","Headbutt"],"picked":"Pommel Strike"},{"not_picked":["Clash","Heavy Blade"],"picked":"Inflame"},{"not_picked":["True Grit","Searing Blow"],"picked":"Headbutt"},{"not_picked":["Body Slam","Disarm"],"picked":"Shrug It Off"}],"player_experience":57235,"potions_floor_usage":[16,16],"damage_taken":[{"damage":14,"enemies":"Jaw Worm","floor":1,"turns":4},{"damage":8,"enemies":"Small Slimes","floor":3,"turns":4},{"damage":6,"enemies":"Cultist","floor":5,"turns":4},{"damage":26,"enemies":"Gremlin Nob","floor":6,"turns":5},{"damage":5,"enemies":"Red Slaver","floor":8,"turns":5},{"damage":5,"enemies":"2 Fungi Beasts","floor":10,"turns":4},{"damage":14,"enemies":"Exordium Wildlife","floor":13,"turns":4},{"damage":13,"enemies":"3 Louse","floor":14,"turns":4},{"damage":59,"enemies":"Slime Boss","floor":16,"turns":12}],"event_choices":[{"event_name":"Golden Idol","player_choice":"Take Damage","floor":2,"damage_taken":0}],"boss_relics":[{"not_picked":["White Beast Statue","Calling Bell"],"picked":"Lizard Tail"}],"potions_floor_spawned":[1,3,6,13],"seed_played":"-4204499286693065310","ascension_level":0,"is_trial":false}