{"gold_per_floor":[112,112,14,32,42,42,62,10,60,76,76,76,76,96,96,192,192,210,210,20,20,31,31,31,31,31,41,41,41,41,60,60,165,165,185,196,196,196,71,71,87,87,87,87,97,97,62,74,74,74],"floor_reached":50,"playtime":2375,"items_purged":["Strike_R","Strike_R","Defend_R"],"score":430,"play_id":"c4806ba0-fac9-4fb5-a344-443a119500cb","local_time":"20181219210637","is_ascension_mode":false,"campfire_choices":[{"data":"Rampage","floor":6.0,"key":"SMITH"},{"data":"Flex","floor":13.0,"key":"SMITH"},{"data":"Whirlwind","floor":15.0,"key":"SMITH"},{"data":"Heavy Blade","floor":23.0,"key":"SMITH"},{"data":"Sword Boomerang","floor":25.0,"key":"SMITH"},{"data":"Flame Barrier","floor":30.0,"key":"SMITH"},{"data":"True Grit","floor":32.0,"key":"SMITH"},{"data":"Flame Barrier","floor":40.0,"key":"SMITH"},{"data":"Shrug It Off","floor":42.0,"key":"SMITH"},{"floor":44.0,"key":"REST"},{"floor":49,"key":"REST"}],"neow_cost":"NONE","seed_source_timestamp":0,"circlet_count":0,"master_deck":["Strike_R","Defend_R","Defend_R","Panacea","Sword Boomerang+1","Iron Wave","True Grit+1","Heavy Blade+1","Rampage+1","Whirlwind+1","Flex+1","Shrug It Off+1","Offering","Clash","Flash of Steel","Flame Barrier+1","Flame Barrier+1","Double Tap","Dual Wield+1","Madness","Madness","Shrug It Off+1","Disarm"],"special_seed":0,"relics":["Burning Blood","Boot","Sozu","Kunai","Dead Branch","Empty Cage","Orichalcum","Ornamental Fan"],"potions_floor_usage":[],"damage_taken":[{"damage":3.0,"enemies":"Small Slimes","floor":1.0,"turns":4.0},{"damage":4.0,"enemies":"Cultist","floor":4.0,"turns":4.0},{"damage":5.0,"enemies":"2 Louse","floor":5.0,"turns":2.0},{"damage":12.0,"enemies":"Exordium Thugs","floor":7.0,"turns":6.0},{"damage":2.0,"enemies":"Blue Slaver","floor":10.0,"turns":4.0},{"damage":14.0,"enemies":"Gremlin Gang","floor":14.0,"turns":3.0},{"damage":16.0,"enemies":"Slime Boss","floor":16.0,"turns":10.0},{"damage":31.0,"enemies":"2 Thieves","floor":18.0,"turns":3.0},{"damage":0.0,"enemies":"Spheric Guardian","floor":22.0,"turns":4.0},{"damage":2.0,"enemies":"Cultist and Chosen","floor":27.0,"turns":4.0},{"damage":16.0,"enemies":"Colosseum Slavers","floor":28.0,"turns":2.0},{"damage":6.0,"enemies":"Snake Plant","floor":31.0,"turns":3.0},{"damage":54.0,"enemies":"Automaton","floor":33.0,"turns":10.0},{"damage":8.0,"enemies":"3 Darklings","floor":35.0,"turns":3.0},{"damage":19.0,"enemies":"3 Shapes","floor":36.0,"turns":5.0},{"damage":34.0,"enemies":"Maw","floor":41.0,"turns":7.0},{"damage":18.0,"enemies":"Writhing Mass","floor":45.0,"turns":5.0},{"damage":17,"enemies":"Jaw Worm Horde","floor":48,"turns":6},{"damage":55,"enemies":"Time Eater","floor":50,"turns":8}],"seed_played":"5747175416038555781","potions_obtained":[{"floor":4.0,"key":"Regen Potion"},{"floor":10.0,"key":"Swift Potion"}],"is_trial":false,"path_per_floor":["M","?","$","M","M","R","M","$","T","M","?","$","R","M","R","B",null,"M","?","$","T","M","R","$","R","T","M","?","$","R","M","R","B",null,"M","M","?","T","$","R","M","R","T","R","M","?","$","M","R","B"],"character_chosen":"IRONCLAD","items_purchased":["True Grit","Flex","Flash of Steel","Disarm"],"campfire_rested":2,"item_purchase_floors":[3,8,20,47],"current_hp_per_floor":[80,80,80,80,80,80,74,74,74,78,78,78,78,70,70,60,80,55,55,55,55,61,61,61,61,61,65,55,55,55,55,55,19,80,78,65,55,55,55,55,27,27,27,51,39,39,39,28,52,0],"gold":74,"neow_bonus":"RANDOM_COLORLESS","is_prod":false,"is_daily":false,"chose_seed":false,"campfire_upgraded":9,"win_rate":0,"timestamp":1545271597,"path_taken":["M","?","$","?","M","R","M","?","T","M","?","$","R","M","R","BOSS","M","?","$","?","M","R","$","R","T","M","?","?","R","M","R","BOSS","M","?","?","?","$","R","M","R","T","R","M","?","$","M","R","BOSS"],"build_version":"2018-12-13","purchased_purges":3,"victory":false,"max_hp_per_floor":[80,80,80,80,80,80,80,80,80,80,80,80,80,80,80,80,80,80,80,80,80,80,80,80,80,80,80,80,80,80,80,80,80,80,80,80,80,80,80,80,80,80,80,80,80,80,80,80,80,80],"card_choices":[{"not_picked":["Hemokinesis","Intimidate"],"picked":"Sword Boomerang","floor":1.0},{"not_picked":["Warcry","Spot Weakness"],"picked":"Heavy Blade","floor":4.0},{"not_picked":["Corruption","Iron Wave"],"picked":"Rampage","floor":5.0},{"not_picked":["Evolve","Clothesline"],"picked":"Whirlwind","floor":7.0},{"not_picked":["Perfected Strike","Feel No Pain","Havoc"],"picked":"SKIP","floor":10.0},{"not_picked":["Cleave","Perfected Strike"],"picked":"Shrug It Off","floor":14.0},{"not_picked":["Juggernaut","Dark Embrace"],"picked":"Offering","floor":16.0},{"not_picked":["Body Slam","Iron Wave","Anger"],"picked":"SKIP","floor":18.0},{"not_picked":["Clash","Cleave+1","Twin Strike+1"],"picked":"SKIP","floor":22.0},{"not_picked":["Combust","Fire Breathing"],"picked":"Flame Barrier","floor":27.0},{"not_picked":["Bloodletting+1","Entrench"],"picked":"Flame Barrier","floor":31.0},{"not_picked":["Exhume","Bludgeon"],"picked":"Double Tap","floor":33.0},{"not_picked":["Anger","Sentinel"],"picked":"Dual Wield+1","floor":35.0},{"not_picked":["Iron Wave","Clash+1","Rupture+1"],"picked":"SKIP","floor":36.0},{"not_picked":["Bludgeon","Whirlwind"],"picked":"Shrug It Off+1","floor":41.0},{"not_picked":["Searing Blow","Headbutt+1","True Grit+1"],"picked":"SKIP","floor":45.0},{"not_picked":["Pommel Strike+1","Shockwave","Fire Breathing+1"],"picked":"SKIP","floor":48}],"player_experience":872806,"relics_obtained":[{"floor":9.0,"key":"Boot"},{"floor":21.0,"key":"Kunai"},{"floor":26.0,"key":"Dead Branch"},{"floor":38.0,"key":"Orichalcum"},{"floor":43.0,"key":"Ornamental Fan"}],"event_choices":[{"cards_removed":["Bash"],"damage_healed":0.0,"max_hp_gain":0.0,"max_hp_loss":0.0,"gold_gain":0.0,"event_name":"NoteForYourself","player_choice":"Took Card","floor":2.0,"gold_loss":0.0,"damage_taken":0.0,"cards_obtained":["Iron Wave"]},{"damage_healed":0.0,"max_hp_gain":0.0,"max_hp_loss":0.0,"gold_gain":0.0,"event_name":"The Woman in Blue","player_choice":"Bought 0 Potions","floor":11.0,"gold_loss":0.0,"damage_taken":0.0},{"damage_healed":0.0,"max_hp_gain":0.0,"max_hp_loss":0.0,"gold_gain":0.0,"cards_transformed":["Strike_R"],"event_name":"Transmorgrifier","player_choice":"Transformed","floor":19.0,"gold_loss":0.0,"damage_taken":0.0,"cards_obtained":["Clash"]},{"damage_healed":0.0,"max_hp_gain":0.0,"max_hp_loss":0.0,"gold_gain":0.0,"event_name":"Colosseum","player_choice":"Fight","floor":28.0,"gold_loss":0.0,"damage_taken":0.0},{"damage_healed":0.0,"max_hp_gain":0.0,"max_hp_loss":0.0,"gold_gain":0.0,"event_name":"Colosseum","player_choice":"Fled From Nobs","floor":28.0,"gold_loss":0.0,"damage_taken":0.0},{"damage_healed":0.0,"max_hp_gain":0.0,"max_hp_loss":0.0,"gold_gain":0.0,"event_name":"Winding Halls","player_choice":"Embrace Madness","floor":37.0,"gold_loss":0.0,"damage_taken":10.0,"cards_obtained":["Madness","Madness"]},{"damage_healed":0.0,"max_hp_gain":0.0,"max_hp_loss":0.0,"gold_gain":0.0,"event_name":"The Moai Head","player_choice":"Ignored","floor":46.0,"gold_loss":0.0,"damage_taken":0.0}],"is_beta":false,"boss_relics":[{"not_picked":["Black Star","Ectoplasm"],"picked":"Sozu"},{"not_picked":["Pandora\u0027s Box","Busted Crown"],"picked":"Empty Cage"}],"items_purged_floors":[3,20,39],"is_endless":false,"potions_floor_spawned":[4,10,22,31,36],"killed_by":"Time Eater","ascension_level":0}