{"gold_per_floor":[117,71,71,71,89,89,107,53,53,53,71,91,16,30,30,155,155,175,175,190,41,80,80,95,95,174,174,189,17,32,32,32,32],"floor_reached":33,"playtime":2041,"items_purged":["Strike_R"],"score":274,"play_id":"234a75ef-1e43-43e5-896c-46688fad11c5","local_time":"20181102010041","is_ascension_mode":true,"campfire_choices":[{"data":"Body Slam","floor":6,"key":"SMITH"},{"data":"Dual Wield","floor":10,"key":"SMITH"},{"data":"True Grit","floor":15,"key":"SMITH"},{"data":"Metallicize","floor":23,"key":"SMITH"},{"data":"Flame Barrier","floor":25,"key":"SMITH"},{"floor":27,"key":"REST"},{"floor":32,"key":"REST"}],"neow_cost":"NONE","seed_source_timestamp":1977423801575322,"circlet_count":0,"master_deck":["Strike_R","Strike_R","Strike_R","Defend_R","Defend_R","Defend_R","Defend_R","Bash","Disarm","Body Slam+1","True Grit+1","Flame Barrier","Dual Wield+1","Shrug It Off","Flame Barrier+1","Metallicize+1","Feed+1","Battle Trance+1","Metallicize","Entrench+1","Impervious","Body Slam+1","Iron Wave+1","Armaments","Shrug It Off"],"relics":["Burning Blood","Golden Idol","Molten Egg 2","Boot","Black Star","Red Mask","Shuriken"],"potions_floor_usage":[16,16,24,33,33,33],"damage_taken":[{"damage":0,"enemies":"2 Louse","floor":1,"turns":3},{"damage":7,"enemies":"Jaw Worm","floor":5,"turns":3},{"damage":2,"enemies":"Cultist","floor":7,"turns":5},{"damage":5,"enemies":"Large Slime","floor":11,"turns":7},{"damage":15,"enemies":"Exordium Wildlife","floor":12,"turns":7},{"damage":12,"enemies":"Looter","floor":14,"turns":3},{"damage":6,"enemies":"Hexaghost","floor":16,"turns":10},{"damage":2,"enemies":"Shell Parasite","floor":18,"turns":11},{"damage":0,"enemies":"3 Byrds","floor":20,"turns":5},{"damage":72,"enemies":"Masked Bandits","floor":22,"turns":9},{"damage":12,"enemies":"Snake Plant","floor":24,"turns":7},{"damage":0,"enemies":"Shelled Parasite and Fungi","floor":28,"turns":10},{"damage":1,"enemies":"Centurion and Healer","floor":30,"turns":14},{"damage":81,"enemies":"Automaton","floor":33,"turns":12}],"seed_played":"-6219257516768405249","potions_obtained":[{"floor":1,"key":"FearPotion"},{"floor":7,"key":"Poison Potion"},{"floor":11,"key":"SpeedPotion"},{"floor":20,"key":"Strength Potion"},{"floor":28,"key":"Poison Potion"},{"floor":30,"key":"Energy Potion"}],"is_trial":false,"path_per_floor":["M","$","?","T","M","R","M","$","T","R","M","M","$","M","R","B",null,"M","?","M","$","?","R","M","R","T","R","M","$","M","?","R","B"],"character_chosen":"IRONCLAD","items_purchased":["True Grit","Shrug It Off","Flame Barrier","Impervious","Armaments","Shrug It Off"],"campfire_rested":2,"item_purchase_floors":[2,8,13,21,29,29],"current_hp_per_floor":[80,80,60,60,59,59,63,63,63,63,64,55,55,49,49,49,80,84,84,84,84,22,22,20,20,20,47,53,53,58,40,69,0],"gold":32,"neow_bonus":"TRANSFORM_CARD","is_prod":false,"is_daily":false,"chose_seed":false,"campfire_upgraded":5,"win_rate":0,"timestamp":1541134841,"path_taken":["M","$","?","?","M","R","M","$","T","R","M","?","$","M","R","BOSS","M","?","M","$","?","R","M","R","T","R","M","?","M","?","R","BOSS"],"build_version":"2018-11-01","purchased_purges":1,"victory":false,"max_hp_per_floor":[80,80,80,80,80,80,80,80,80,80,80,80,80,80,80,80,80,84,84,84,84,88,88,92,92,92,92,92,92,92,97,97,97],"card_choices":[{"not_picked":["Burning Pact","Spot Weakness"],"picked":"Body Slam","floor":1},{"not_picked":["Sentinel","Shrug It Off"],"picked":"Flame Barrier","floor":5},{"not_picked":["Flame Barrier","True Grit"],"picked":"Dual Wield","floor":7},{"not_picked":["Evolve","Seeing Red","Wild Strike+1"],"picked":"SKIP","floor":11},{"not_picked":["True Grit","Anger+1","Sword Boomerang+1"],"picked":"SKIP","floor":12},{"not_picked":["True Grit","Anger+1","Sword Boomerang+1"],"picked":"SKIP","floor":12},{"not_picked":["Shrug It Off","Pommel Strike+1"],"picked":"Metallicize","floor":14},{"not_picked":["Berserk","Bludgeon+1"],"picked":"Feed+1","floor":16},{"not_picked":["Sword Boomerang+1","Combust"],"picked":"Battle Trance+1","floor":18},{"not_picked":["Twin Strike+1","Warcry+1"],"picked":"Entrench+1","floor":20},{"not_picked":["Rage","Pummel+1"],"picked":"Body Slam+1","floor":22},{"not_picked":["Rupture","Spot Weakness","Hemokinesis+1"],"picked":"SKIP","floor":24},{"not_picked":["Perfected Strike+1","Warcry"],"picked":"Iron Wave+1","floor":28},{"not_picked":["Brutality","True Grit+1","Corruption"],"picked":"SKIP","floor":30}],"player_experience":723348,"relics_obtained":[{"floor":4,"key":"Molten Egg 2"},{"floor":9,"key":"Boot"},{"floor":22,"key":"Red Mask"},{"floor":26,"key":"Shuriken"}],"event_choices":[{"damage_healed":0,"gold_gain":0,"player_choice":"Take Damage","damage_taken":20,"relics_obtained":["Golden Idol"],"max_hp_gain":0,"max_hp_loss":0,"event_name":"Golden Idol","floor":3,"gold_loss":0},{"damage_healed":0,"gold_gain":0,"player_choice":"Read","damage_taken":0,"max_hp_gain":0,"max_hp_loss":0,"event_name":"The Library","floor":19,"gold_loss":0,"cards_obtained":["Metallicize"]},{"damage_healed":0,"gold_gain":0,"player_choice":"Fought Bandits","damage_taken":0,"max_hp_gain":0,"max_hp_loss":0,"event_name":"Masked Bandits","floor":22,"gold_loss":0},{"damage_healed":0,"gold_gain":0,"player_choice":"Shed Blood","damage_taken":23,"max_hp_gain":5,"max_hp_loss":0,"event_name":"Forgotten Altar","floor":31,"gold_loss":0}],"is_beta":false,"boss_relics":[{"not_picked":["Ectoplasm","Runic Pyramid"],"picked":"Black Star"}],"items_purged_floors":[29],"is_endless":false,"potions_floor_spawned":[1,7,11,12,20,28,30],"killed_by":"Automaton","ascension_level":1}