{"gold_per_floor":[109,109,127,147,72,72,92,110,192,219,219,21,21,21,21,124,174,189,199,199,199,209,209,219,229,252,267,73,73,92,112,112,213,213,231,231,247,247,247,247,274,289,312,262,273,163,163,183,183,183],"floor_reached":51,"playtime":2796,"items_purged":["Strike_R","Strike_R","Defend_R","Strike_R"],"score":779,"play_id":"b1af1f4d-6695-44ab-9a7c-2b1083be4a6f","local_time":"20190208015327","is_ascension_mode":false,"campfire_choices":[{"data":"True Grit","floor":6,"key":"SMITH"},{"data":"Bash","floor":11,"key":"SMITH"},{"data":"Dropkick","floor":15,"key":"SMITH"},{"data":"Offering","floor":23,"key":"SMITH"},{"floor":29,"key":"REST"},{"data":"Purity","floor":32,"key":"SMITH"},{"data":"Dual Wield","floor":40,"key":"SMITH"},{"data":"Burning Pact","floor":47,"key":"SMITH"},{"data":"Burning Pact","floor":49,"key":"SMITH"}],"neow_cost":"TEN_PERCENT_HP_LOSS","seed_source_timestamp":613219288023222,"circlet_count":0,"master_deck":["Strike_R","Defend_R","Defend_R+1","Bash+1","Dropkick+1","True Grit+1","Offering+1","Dual Wield+1","Purity+1","Flash of Steel","Flash of Steel","Burning Pact+1","Burning Pact+1"],"special_seed":0,"relics":["Burning Blood","FossilizedHelix","Odd Mushroom","Letter Opener","Orichalcum","Toy Ornithopter","Tiny House","The Courier","Smiling Mask","Runic Dome","Anchor","Potion Belt","Vajra"],"potions_floor_usage":[10,16,20,20,25,27,50,50,50,50,50],"damage_taken":[{"damage":0.0,"enemies":"2 Louse","floor":1.0,"turns":3.0},{"damage":0.0,"enemies":"Jaw Worm","floor":3.0,"turns":3.0},{"damage":0.0,"enemies":"Cultist","floor":4.0,"turns":3.0},{"damage":12,"enemies":"The Mushroom Lair","floor":7,"turns":6},{"damage":3,"enemies":"Blue Slaver","floor":8,"turns":3},{"damage":14,"enemies":"Gremlin Nob","floor":10,"turns":4},{"damage":63,"enemies":"Hexaghost","floor":16,"turns":15},{"damage":16,"enemies":"3 Byrds","floor":18,"turns":7},{"damage":10,"enemies":"Shell Parasite","floor":19,"turns":5},{"damage":9,"enemies":"Colosseum Slavers","floor":20,"turns":5},{"damage":6,"enemies":"Snecko","floor":22,"turns":6},{"damage":28,"enemies":"Cultist and Chosen","floor":24,"turns":6},{"damage":26,"enemies":"Chosen and Byrds","floor":25,"turns":6},{"damage":17,"enemies":"Centurion and Healer","floor":27,"turns":6},{"damage":6,"enemies":"Snecko","floor":30,"turns":3},{"damage":5,"enemies":"Shelled Parasite and Fungi","floor":31,"turns":3},{"damage":0,"enemies":"Collector","floor":33,"turns":2},{"damage":6,"enemies":"Orb Walker","floor":35,"turns":2},{"damage":18,"enemies":"3 Shapes","floor":37,"turns":4},{"damage":1,"enemies":"Nemesis","floor":41,"turns":3},{"damage":0,"enemies":"Transient","floor":42,"turns":2},{"damage":0,"enemies":"Maw","floor":45,"turns":2},{"damage":0,"enemies":"3 Darklings","floor":48,"turns":1},{"damage":0,"enemies":"Awakened One","floor":50,"turns":2}],"seed_played":"8268616481836628549","potions_obtained":[{"floor":4.0,"key":"AttackPotion"},{"floor":8,"key":"GamblersBrew"},{"floor":10,"key":"Explosive Potion"},{"floor":16,"key":"Strength Potion"},{"floor":17,"key":"EssenceOfSteel"},{"floor":22,"key":"Poison Potion"},{"floor":25,"key":"Fire Potion"},{"floor":27,"key":"Ancient Potion"},{"floor":30,"key":"EssenceOfSteel"},{"floor":31,"key":"Regen Potion"},{"floor":35,"key":"Energy Potion"},{"floor":45,"key":"Block Potion"},{"floor":48,"key":"Strength Potion"}],"is_trial":false,"path_per_floor":["M","?","M","M","$","R","?","M","T","E","R","$","?","$","R","B",null,"M","M","?","?","M","R","M","M","T","M","$","R","M","M","R","B",null,"M","?","M","T","?","R","E","M","T","$","M","$","R","M","R","B",null],"character_chosen":"IRONCLAD","items_purchased":["Toy Ornithopter","Purity","Flash of Steel","Burning Pact"],"campfire_rested":1,"item_purchase_floors":[12,28,28,46],"current_hp_per_floor":[72,77,77,77,77,77,71,74,74,66,66,66,66,66,66,14,82,72,68,75,75,75,75,53,38,38,32,32,56,56,57,57,63,82,82,82,70,70,70,70,75,81,81,81,82,82,82,82,82,82],"gold":183,"neow_bonus":"ONE_RARE_RELIC","is_prod":false,"is_daily":false,"chose_seed":false,"campfire_upgraded":8,"win_rate":0,"timestamp":1549608807,"path_taken":["M","?","M","M","$","R","?","M","T","E","R","?","?","$","R","BOSS","M","?","?","?","M","R","M","M","T","M","$","R","M","M","R","BOSS","M","?","?","?","?","R","E","?","T","$","M","$","R","M","R","BOSS"],"build_version":"2019-01-23","purchased_purges":4,"victory":true,"max_hp_per_floor":[72,77,77,77,77,77,77,77,77,77,77,77,77,77,77,77,82,82,82,82,82,82,82,82,82,82,82,82,82,82,82,82,82,82,82,82,82,82,82,82,82,82,82,82,82,82,82,82,82,82],"card_choices":[{"not_picked":["Shrug It Off","Sword Boomerang"],"picked":"Dropkick","floor":1.0},{"not_picked":["Evolve","Power Through","Searing Blow"],"picked":"SKIP","floor":3.0},{"not_picked":["Entrench","Armaments"],"picked":"True Grit","floor":4.0},{"not_picked":["Rampage","Evolve","Sentinel"],"picked":"SKIP","floor":8},{"not_picked":["Twin Strike","Clash","Demon Form"],"picked":"SKIP","floor":10},{"not_picked":["Limit Break","Berserk"],"picked":"Offering","floor":16},{"not_picked":["Ghostly Armor+1","Cleave","Flex"],"picked":"SKIP","floor":18},{"not_picked":["Disarm+1","Clash","Fire Breathing"],"picked":"SKIP","floor":19},{"not_picked":["Ghostly Armor","Clash","Impervious"],"picked":"SKIP","floor":22},{"not_picked":["Heavy Blade+1","Entrench","Shockwave"],"picked":"SKIP","floor":24},{"not_picked":["Sword Boomerang+1","Flex","Havoc+1"],"picked":"SKIP","floor":25},{"not_picked":["Cleave","Anger"],"picked":"Dual Wield","floor":27},{"not_picked":["Havoc","Uppercut","Intimidate"],"picked":"SKIP","floor":30},{"not_picked":["True Grit","Perfected Strike","Headbutt"],"picked":"SKIP","floor":31},{"not_picked":["Twin Strike+1","Hemokinesis+1","Warcry"],"picked":"SKIP","floor":35},{"not_picked":["Carnage","Warcry","Rupture+1"],"picked":"SKIP","floor":37},{"not_picked":["Double Tap","Sever Soul+1"],"picked":"Burning Pact","floor":41},{"not_picked":["Rampage","Shrug It Off","Perfected Strike"],"picked":"SKIP","floor":42},{"not_picked":["Cleave+1","Ghostly Armor+1","Anger+1"],"picked":"SKIP","floor":45},{"not_picked":["Bloodletting","Shrug It Off","Sentinel+1"],"picked":"SKIP","floor":48}],"player_experience":999893,"relics_obtained":[{"floor":7,"key":"Odd Mushroom"},{"floor":9,"key":"Letter Opener"},{"floor":10,"key":"Orichalcum"},{"floor":26,"key":"Smiling Mask"},{"floor":38,"key":"Anchor"},{"floor":41,"key":"Potion Belt"},{"floor":43,"key":"Vajra"}],"event_choices":[{"damage_healed":0.0,"max_hp_gain":5.0,"max_hp_loss":0.0,"gold_gain":0.0,"event_name":"Big Fish","player_choice":"Donut","floor":2.0,"gold_loss":0.0,"damage_taken":0.0},{"damage_healed":0,"gold_gain":0,"player_choice":"Fought Mushrooms","damage_taken":0,"max_hp_gain":0,"max_hp_loss":0,"event_name":"Mushrooms","floor":7,"gold_loss":0},{"cards_removed":["Strike_R"],"damage_healed":0,"gold_gain":0,"player_choice":"Purged","damage_taken":0,"max_hp_gain":0,"max_hp_loss":0,"event_name":"Purifier","floor":13,"gold_loss":0},{"damage_healed":0,"gold_gain":0,"player_choice":"Fight","damage_taken":0,"max_hp_gain":0,"max_hp_loss":0,"event_name":"Colosseum","floor":20,"gold_loss":0},{"damage_healed":0,"gold_gain":0,"player_choice":"Fled From Nobs","damage_taken":0,"max_hp_gain":0,"max_hp_loss":0,"event_name":"Colosseum","floor":20,"gold_loss":0},{"damage_healed":0,"gold_gain":0,"player_choice":"Opened","damage_taken":0,"relics_obtained":["The Courier"],"max_hp_gain":0,"max_hp_loss":0,"event_name":"The Mausoleum","floor":21,"gold_loss":0},{"cards_removed":["Defend_R"],"damage_healed":0,"gold_gain":0,"player_choice":"Purged","damage_taken":0,"max_hp_gain":0,"max_hp_loss":0,"event_name":"Purifier","floor":36,"gold_loss":0},{"damage_healed":0,"gold_gain":0,"player_choice":"Copied","damage_taken":0,"max_hp_gain":0,"max_hp_loss":0,"event_name":"Duplicator","floor":39,"gold_loss":0,"cards_obtained":["Flash of Steel"]}],"is_beta":false,"boss_relics":[{"not_picked":["Eternal Feather","Calling Bell"],"picked":"Tiny House"},{"not_picked":["Sozu","Black Blood"],"picked":"Runic Dome"}],"items_purged_floors":[5,28,44,46],"is_endless":false,"potions_floor_spawned":[4,8,10,16,18,22,25,27,30,31,35,45,48],"ascension_level":0}