{"gold_per_floor":[114,114,128,54,74,103,103,138,138,155,174,191,191,209,209,312,312,332,24,49,64,77,106,118,118,118,118],"floor_reached":27,"playtime":2780,"items_purged":["Strike_R"],"score":272,"play_id":"f4f6e9ae-18c9-4a21-b3a3-94244d75217d","local_time":"20181007220848","is_ascension_mode":false,"campfire_choices":[{"data":"Rampage","floor":7,"key":"SMITH"},{"floor":13,"key":"REST"},{"data":"True Grit","floor":15,"key":"SMITH"}],"neow_cost":"","seed_source_timestamp":263377766372208,"circlet_count":0,"master_deck":["Strike_R","Strike_R","Strike_R","Strike_R","Defend_R","Defend_R","Defend_R","Defend_R","Bash","Body Slam+1","Intimidate","Rampage+1","Flex","True Grit+1","Shrug It Off","Flex","Metallicize","Berserk","Shrug It Off","Whirlwind","Doubt","Cleave","Barricade","Rage","Clumsy"],"relics":["Burning Blood","Thread and Needle","Bottled Flame","Pear","Cursed Key","Vajra","Regal Pillow","Darkstone Periapt","Dodecahedron"],"potions_floor_usage":[8,8,16],"damage_taken":[{"damage":0,"enemies":"Jaw Worm","floor":1,"turns":6},{"damage":3,"enemies":"2 Louse","floor":3,"turns":4},{"damage":0,"enemies":"Cultist","floor":5,"turns":3},{"damage":34,"enemies":"3 Sentries","floor":6,"turns":9},{"damage":4,"enemies":"Lagavulin","floor":8,"turns":7},{"damage":24,"enemies":"Gremlin Gang","floor":10,"turns":6},{"damage":19,"enemies":"Exordium Wildlife","floor":11,"turns":8},{"damage":8,"enemies":"Lots of Slimes","floor":12,"turns":5},{"damage":0,"enemies":"Blue Slaver","floor":14,"turns":4},{"damage":38,"enemies":"The Guardian","floor":16,"turns":14},{"damage":21,"enemies":"Shell Parasite","floor":18,"turns":6},{"damage":12,"enemies":"3 Byrds","floor":21,"turns":6},{"damage":4,"enemies":"Snecko","floor":22,"turns":6},{"damage":54,"enemies":"Book of Stabbing","floor":23,"turns":7},{"damage":10,"enemies":"Centurion and Healer","floor":24,"turns":9},{"damage":48,"enemies":"Gremlin Leader","floor":27,"turns":6}],"seed_played":"-2489574381961046961","potions_obtained":[{"floor":3,"key":"Ancient Potion"},{"floor":5,"key":"FairyPotion"},{"floor":6,"key":"Explosive Potion"},{"floor":14,"key":"SteroidPotion"},{"floor":18,"key":"SneckoOil"}],"is_trial":false,"path_per_floor":["M","?","M","$","M","E","R","E","T","M","M","M","R","M","R","B",null,"M","$","T","M","M","E","M","?","T"],"character_chosen":"IRONCLAD","items_purchased":["Rampage","Vajra","Whirlwind"],"campfire_rested":1,"item_purchase_floors":[4,19,19],"current_hp_per_floor":[80,80,80,80,80,52,52,54,64,46,33,31,58,64,64,32,90,75,75,75,69,71,23,19,19,25,0],"gold":118,"neow_bonus":"","is_prod":false,"is_daily":false,"chose_seed":false,"campfire_upgraded":2,"win_rate":0,"timestamp":1538946528,"path_taken":["M","?","?","$","M","E","R","E","T","?","M","?","R","M","R","BOSS","M","$","?","M","M","E","M","?","T","E"],"build_version":"2018-10-04v2","purchased_purges":1,"victory":false,"max_hp_per_floor":[80,80,80,80,80,80,80,80,90,90,90,90,90,90,90,90,90,90,90,90,90,90,90,90,90,96,96],"card_choices":[{"not_picked":["Heavy Blade","Dropkick"],"picked":"Body Slam","floor":1},{"not_picked":["Evolve","Blood for Blood"],"picked":"Intimidate","floor":3},{"not_picked":["Anger","Havoc","Clothesline"],"picked":"SKIP","floor":5},{"not_picked":["Twin Strike","Carnage"],"picked":"Flex","floor":6},{"not_picked":["Dual Wield","Warcry","Perfected Strike"],"picked":"SKIP","floor":8},{"not_picked":["Rampage","Shrug It Off"],"picked":"True Grit","floor":10},{"not_picked":["Flex","Rampage"],"picked":"Shrug It Off","floor":11},{"not_picked":["Entrench","Heavy Blade"],"picked":"Flex","floor":12},{"not_picked":["Heavy Blade","Pommel Strike"],"picked":"Metallicize","floor":14},{"not_picked":["Exhume","Impervious"],"picked":"Berserk","floor":16},{"not_picked":["Iron Wave+1","Anger"],"picked":"Shrug It Off","floor":18},{"not_picked":["Headbutt","Twin Strike"],"picked":"Cleave","floor":21},{"not_picked":["Warcry","Body Slam+1","Corruption"],"picked":"SKIP","floor":22},{"not_picked":["Warcry","Body Slam+1","Corruption"],"picked":"SKIP","floor":22},{"not_picked":["Bludgeon","Wild Strike"],"picked":"Barricade","floor":23},{"not_picked":["Heavy Blade+1","Warcry"],"picked":"Rage","floor":24}],"player_experience":183487,"relics_obtained":[{"floor":6,"key":"Thread and Needle"},{"floor":8,"key":"Bottled Flame"},{"floor":9,"key":"Pear"},{"floor":20,"key":"Regal Pillow"},{"floor":23,"key":"Darkstone Periapt"},{"floor":26,"key":"Dodecahedron"}],"event_choices":[{"event_name":"Living Wall","player_choice":"Grow","floor":2,"damage_taken":0},{"event_name":"Vampires","player_choice":"Ignored","floor":25,"damage_taken":0}],"is_beta":false,"boss_relics":[{"not_picked":["Runic Dome","Lizard Tail"],"picked":"Cursed Key"}],"items_purged_floors":[19],"is_endless":false,"potions_floor_spawned":[3,5,6,14,18],"killed_by":"Gremlin Leader","ascension_level":0}