{"gold_per_floor":[116,191,191,366,96,96,107,107,107,107,125,125,141,161,161,256,256,275,245,3,13,28,28,48,64,64,64,64,64,64,80,80,179,179,191,91,91,101,121,121,221,233,307,307,334,347,347,0,0,0],"floor_reached":51,"playtime":2708,"items_purged":["Doubt","Strike_R"],"score":793,"play_id":"6f58d5d5-ec78-455e-87b2-e267361f1eb0","local_time":"20181128020808","is_ascension_mode":true,"campfire_choices":[{"data":"Shrug It Off","floor":6,"key":"SMITH"},{"data":"Battle Trance","floor":8,"key":"SMITH"},{"data":"Defend_R","floor":10,"key":"SMITH"},{"data":"Body Slam","floor":15,"key":"SMITH"},{"data":"Metallicize","floor":23,"key":"SMITH"},{"data":"Body Slam","floor":27,"key":"SMITH"},{"data":"Armaments","floor":32,"key":"SMITH"},{"data":"Immolate","floor":40,"key":"SMITH"},{"floor":47,"key":"REST"},{"data":"Bash","floor":49,"key":"SMITH"}],"neow_cost":"TEN_PERCENT_HP_LOSS","seed_source_timestamp":1203006887554444,"circlet_count":0,"master_deck":["Strike_R","Defend_R+1","Defend_R","Defend_R","Defend_R","Bash+1","Shrug It Off+1","Battle Trance+1","Metallicize+1","Body Slam+1","Ghostly Armor+1","Iron Wave+1","True Grit+1","Body Slam+1","Armaments+1","Body Slam+1","Immolate+1","Violence"],"relics":["Burning Blood","Thread and Needle","Bronze Scales","Singing Bowl","Pantograph","Empty Cage","Pear","Charon\u0027s Ashes","Sozu","NlothsMask","The Courier","Red Mask"],"potions_floor_usage":[16,33,45,50],"damage_taken":[{"damage":2,"enemies":"Jaw Worm","floor":1,"turns":5},{"damage":1,"enemies":"2 Louse","floor":7,"turns":2},{"damage":0,"enemies":"Small Slimes","floor":11,"turns":3},{"damage":6,"enemies":"Exordium Wildlife","floor":13,"turns":5},{"damage":7,"enemies":"Lots of Slimes","floor":14,"turns":4},{"damage":57,"enemies":"Hexaghost","floor":16,"turns":14},{"damage":6,"enemies":"Chosen","floor":18,"turns":5},{"damage":23,"enemies":"2 Thieves","floor":19,"turns":5},{"damage":0,"enemies":"Snake Plant","floor":21,"turns":4},{"damage":0,"enemies":"Shelled Parasite and Fungi","floor":22,"turns":8},{"damage":0,"enemies":"Chosen and Byrds","floor":24,"turns":8},{"damage":19,"enemies":"Snecko","floor":25,"turns":9},{"damage":0,"enemies":"Colosseum Slavers","floor":28,"turns":3},{"damage":17,"enemies":"Cultist and Chosen","floor":31,"turns":7},{"damage":16,"enemies":"Automaton","floor":33,"turns":10},{"damage":0,"enemies":"Orb Walker","floor":35,"turns":3},{"damage":0,"enemies":"3 Shapes","floor":38,"turns":3},{"damage":20,"enemies":"Writhing Mass","floor":39,"turns":5},{"damage":0,"enemies":"Spire Growth","floor":42,"turns":4},{"damage":61,"enemies":"Giant Head","floor":45,"turns":8},{"damage":11,"enemies":"3 Darklings","floor":46,"turns":3},{"damage":61,"enemies":"Awakened One","floor":50,"turns":16}],"seed_played":"4377870562883834751","potions_obtained":[{"floor":7,"key":"Weak Potion"},{"floor":16,"key":"FearPotion"},{"floor":19,"key":"SteroidPotion"},{"floor":22,"key":"Dexterity Potion"},{"floor":24,"key":"Dexterity Potion"}],"is_trial":false,"path_per_floor":["M","?","?","?","$","R","M","R","T","R","M","?","M","M","R","B",null,"M","M","$","M","M","R","M","M","T","R","?","$","?","M","R","B",null,"M","$","?","M","M","R","?","M","T","?","E","M","R","?","R","B",null],"character_chosen":"IRONCLAD","items_purchased":["Shrug It Off","Bronze Scales","Pear"],"campfire_rested":1,"item_purchase_floors":[5,5,20],"current_hp_per_floor":[72,61,54,54,54,54,59,59,59,59,67,42,42,41,41,17,76,78,61,71,79,85,85,90,77,77,77,83,83,83,72,72,80,90,92,92,92,94,82,82,82,90,90,90,37,34,64,64,64,34],"gold":0,"neow_bonus":"ONE_RARE_RELIC","is_prod":false,"is_daily":false,"chose_seed":false,"campfire_upgraded":9,"win_rate":0,"timestamp":1543388888,"path_taken":["M","?","?","?","$","R","M","R","T","R","M","?","M","?","R","BOSS","M","M","$","?","M","R","M","M","T","R","?","$","?","M","R","BOSS","M","$","?","M","?","R","?","?","T","?","E","M","R","?","R","BOSS"],"build_version":"2018-11-15","purchased_purges":2,"victory":true,"max_hp_per_floor":[72,72,72,72,72,72,72,72,72,72,74,74,74,74,74,76,76,78,78,88,90,90,90,90,90,90,90,90,90,90,90,90,90,90,92,92,92,94,96,96,96,98,98,98,100,102,102,102,102,102],"card_choices":[{"not_picked":["Clothesline","Sword Boomerang","Havoc"],"picked":"SKIP","floor":1},{"not_picked":["Whirlwind","Carnage"],"picked":"Battle Trance","floor":7},{"not_picked":["Cleave","Corruption","Bloodletting"],"picked":"Singing Bowl","floor":11},{"not_picked":["Dropkick","Flame Barrier"],"picked":"Metallicize","floor":13},{"not_picked":["Rampage","Pommel Strike"],"picked":"Body Slam","floor":14},{"not_picked":["Limit Break","Berserk","Brutality"],"picked":"Singing Bowl","floor":16},{"not_picked":["Sever Soul","Heavy Blade","Cleave+1"],"picked":"Singing Bowl","floor":18},{"not_picked":["Clash","Carnage"],"picked":"Ghostly Armor+1","floor":19},{"not_picked":["Second Wind+1","Reckless Charge","Burning Pact+1"],"picked":"Singing Bowl","floor":21},{"not_picked":["Sever Soul","Anger"],"picked":"Iron Wave+1","floor":22},{"not_picked":["Havoc+1","Twin Strike"],"picked":"True Grit+1","floor":24},{"not_picked":["Warcry+1","Shrug It Off"],"picked":"Body Slam","floor":25},{"not_picked":["Clash","Iron Wave"],"picked":"Body Slam+1","floor":31},{"not_picked":["Brutality","Bludgeon"],"picked":"Immolate","floor":33},{"not_picked":["Wild Strike+1","Clothesline+1","Havoc+1"],"picked":"Singing Bowl","floor":35},{"not_picked":["Iron Wave+1","Headbutt","Twin Strike"],"picked":"Singing Bowl","floor":38},{"not_picked":["Thunderclap+1","Spot Weakness+1","True Grit+1"],"picked":"Singing Bowl","floor":39},{"not_picked":["Sword Boomerang+1","Pommel Strike+1","Havoc+1"],"picked":"Singing Bowl","floor":42},{"not_picked":["Dark Shackles","Discovery"],"picked":"Violence","floor":44},{"not_picked":["Clothesline+1","Reaper","Flex+1"],"picked":"Singing Bowl","floor":45},{"not_picked":["Armaments","Combust+1","Evolve"],"picked":"Singing Bowl","floor":46}],"player_experience":835865,"relics_obtained":[{"floor":9,"key":"Singing Bowl"},{"floor":26,"key":"Charon\u0027s Ashes"},{"floor":45,"key":"The Courier"}],"event_choices":[{"damage_healed":0,"gold_gain":75,"player_choice":"Gather Gold","damage_taken":11,"max_hp_gain":0,"max_hp_loss":0,"event_name":"World of Goop","floor":2,"gold_loss":0},{"cards_removed":["Strike_R"],"damage_healed":0,"gold_gain":0,"player_choice":"Card Removal","damage_taken":7,"max_hp_gain":0,"max_hp_loss":0,"event_name":"Golden Wing","floor":3,"gold_loss":0},{"damage_healed":0,"gold_gain":175,"player_choice":"AGREE","damage_taken":0,"max_hp_gain":0,"max_hp_loss":0,"event_name":"Liars Game","floor":4,"gold_loss":0,"cards_obtained":["Doubt"]},{"damage_healed":0,"gold_gain":0,"player_choice":"Success","damage_taken":25,"relics_obtained":["Pantograph"],"max_hp_gain":0,"max_hp_loss":0,"event_name":"Scrap Ooze","floor":12,"gold_loss":0},{"damage_healed":0,"gold_gain":0,"player_choice":"Fight","damage_taken":0,"max_hp_gain":0,"max_hp_loss":0,"event_name":"Colosseum","floor":28,"gold_loss":0},{"damage_healed":0,"gold_gain":0,"player_choice":"Fled From Nobs","damage_taken":0,"max_hp_gain":0,"max_hp_loss":0,"event_name":"Colosseum","floor":28,"gold_loss":0},{"damage_healed":0,"gold_gain":0,"player_choice":"1 cards matched","damage_taken":0,"max_hp_gain":0,"max_hp_loss":0,"event_name":"Match and Keep!","floor":30,"gold_loss":0,"cards_obtained":["Armaments"]},{"damage_healed":0,"gold_gain":0,"player_choice":"Trade","damage_taken":0,"relics_obtained":["NlothsMask"],"max_hp_gain":0,"max_hp_loss":0,"event_name":"FaceTrader","floor":37,"gold_loss":0},{"damage_healed":0,"gold_gain":100,"player_choice":"Pray","damage_taken":0,"max_hp_gain":0,"max_hp_loss":0,"event_name":"Golden Shrine","floor":41,"gold_loss":0},{"damage_healed":0,"gold_gain":0,"player_choice":"Memory 1","damage_taken":0,"max_hp_gain":0,"max_hp_loss":0,"event_name":"SensoryStone","floor":44,"gold_loss":0},{"damage_healed":0,"gold_gain":0,"player_choice":"Paid","damage_taken":0,"relics_obtained":["Red Mask"],"max_hp_gain":0,"max_hp_loss":0,"event_name":"Tomb of Lord Red Mask","floor":48,"gold_loss":347}],"is_beta":false,"boss_relics":[{"not_picked":["Fusion Hammer","Cursed Key"],"picked":"Empty Cage"},{"not_picked":["Lizard Tail","Black Blood"],"picked":"Sozu"}],"items_purged_floors":[5,36],"is_endless":false,"potions_floor_spawned":[7,16,19,22,24,38,42,46],"ascension_level":4}