{"gold_per_floor":[109,129,129,7,7,7,7,7,33,49,49,67,67,102,102,204,204,215,36,47,47,67,67,80,91,114,114,114,114,127,138,138,138],"floor_reached":33,"playtime":3119,"items_purged":["Strike_G"],"score":247,"play_id":"bbffa416-6dcd-4c86-ad79-f0afb0f71139","local_time":"20181008223920","is_ascension_mode":false,"campfire_choices":[{"data":"Neutralize","floor":6,"key":"SMITH"},{"data":"Dagger Spray","floor":8,"key":"SMITH"},{"data":"Blade Dance","floor":13,"key":"SMITH"},{"data":"Blade Dance","floor":15,"key":"SMITH"},{"floor":23,"key":"REST"},{"data":"Poisoned Stab","floor":27,"key":"SMITH"},{"data":"Burst","floor":29,"key":"SMITH"},{"floor":32,"key":"REST"}],"neow_cost":"NONE","seed_source_timestamp":351272250069194,"circlet_count":0,"master_deck":["Defend_G","Defend_G","Defend_G","Defend_G","Defend_G","Survivor","Neutralize+1","Deflect","Dagger Spray+1","Blade Dance+1","Backflip","Blade Dance+1","Backstab","Dodge and Roll","Burst+1","Prepared+1","Infinite Blades","Cloak And Dagger","Flying Knee+1","Poisoned Stab+1","Leg Sweep","Terror+1"],"relics":["Ring of the Snake","Sundial","Boot","Regal Pillow","Empty Cage","Oddly Smooth Stone","Blood Vial"],"potions_floor_usage":[14,22,25,28],"damage_taken":[{"damage":0,"enemies":"2 Louse","floor":1,"turns":4},{"damage":0,"enemies":"Small Slimes","floor":2,"turns":4},{"damage":0,"enemies":"Cultist","floor":10,"turns":4},{"damage":0,"enemies":"3 Louse","floor":12,"turns":1},{"damage":1,"enemies":"Gremlin Nob","floor":14,"turns":3},{"damage":16,"enemies":"Slime Boss","floor":16,"turns":10},{"damage":26,"enemies":"Spheric Guardian","floor":18,"turns":12},{"damage":3,"enemies":"Chosen","floor":20,"turns":6},{"damage":2,"enemies":"Centurion and Healer","floor":22,"turns":7},{"damage":1,"enemies":"Snake Plant","floor":24,"turns":5},{"damage":2,"enemies":"Cultist and Chosen","floor":25,"turns":8},{"damage":6,"enemies":"Colosseum Slavers","floor":28,"turns":3},{"damage":14,"enemies":"Shelled Parasite and Fungi","floor":30,"turns":7},{"damage":3,"enemies":"Centurion and Healer","floor":31,"turns":5},{"damage":72,"enemies":"Automaton","floor":33,"turns":12}],"seed_played":"7186762492416848953","potions_obtained":[{"floor":2,"key":"Energy Potion"},{"floor":10,"key":"AttackPotion"},{"floor":22,"key":"Dexterity Potion"},{"floor":24,"key":"Fire Potion"},{"floor":31,"key":"Weak Potion"}],"is_trial":false,"path_per_floor":["M","M","?","$","?","R","?","R","T","M","$","M","R","E","R","B",null,"M","$","M","?","M","R","M","M","T","R","?","R","M","M","R"],"character_chosen":"THE_SILENT","items_purchased":["Backflip","Infinite Blades","Oddly Smooth Stone"],"campfire_rested":2,"item_purchase_floors":[4,19,19],"current_hp_per_floor":[70,70,52,52,70,70,70,70,70,70,70,70,70,69,69,53,70,44,44,41,34,32,68,67,65,65,65,61,61,49,48,70,0],"gold":138,"neow_bonus":"TRANSFORM_CARD","is_prod":false,"is_daily":false,"chose_seed":false,"campfire_upgraded":6,"win_rate":0,"timestamp":1539034760,"path_taken":["M","M","?","?","?","R","?","R","T","?","?","M","R","E","R","BOSS","M","$","M","?","M","R","?","M","T","R","?","R","M","?","R","BOSS"],"build_version":"2018-10-04v2","purchased_purges":1,"victory":false,"max_hp_per_floor":[70,70,70,70,70,70,70,70,70,70,70,70,70,70,70,70,70,70,70,70,70,70,70,70,70,70,70,70,70,70,70,70,70],"card_choices":[{"not_picked":["Underhanded Strike","Catalyst"],"picked":"Dagger Spray","floor":1},{"not_picked":["Prepared","Reflex"],"picked":"Blade Dance","floor":2},{"not_picked":["Bane","Slice"],"picked":"Blade Dance","floor":10},{"not_picked":["Outmaneuver","Bane"],"picked":"Backstab","floor":12},{"not_picked":["Concentrate","Dagger Spray"],"picked":"Dodge and Roll","floor":14},{"not_picked":["Phantasmal Killer","A Thousand Cuts"],"picked":"Burst","floor":16},{"not_picked":["Slice+1","Dash"],"picked":"Prepared+1","floor":18},{"not_picked":["Sucker Punch","Deflect"],"picked":"Cloak And Dagger","floor":20},{"not_picked":["Setup","Doppelganger","Heel Hook+1"],"picked":"SKIP","floor":22},{"not_picked":["Bane+1","Blade Dance"],"picked":"Flying Knee+1","floor":24},{"not_picked":["Underhanded Strike","Sucker Punch"],"picked":"Poisoned Stab","floor":25},{"not_picked":["Endless Agony","Deadly Poison+1"],"picked":"Leg Sweep","floor":30},{"not_picked":["Bane","Cloak And Dagger"],"picked":"Terror+1","floor":31}],"player_experience":195842,"relics_obtained":[{"floor":9,"key":"Boot"},{"floor":14,"key":"Regal Pillow"},{"floor":26,"key":"Blood Vial"}],"event_choices":[{"event_name":"Scrap Ooze","player_choice":"success","floor":3,"damage_taken":18},{"event_name":"Big Fish","player_choice":"Banana","floor":5,"damage_taken":0},{"event_name":"Living Wall","player_choice":"Forget","floor":7,"damage_taken":0},{"event_name":"Wheel of Change","player_choice":"Damage","floor":21,"damage_taken":0},{"event_name":"Colosseum","player_choice":"Fight","floor":28,"damage_taken":0},{"event_name":"Colosseum","player_choice":"Fled From Nobs","floor":28,"damage_taken":0}],"is_beta":false,"boss_relics":[{"not_picked":["Tiny House","Velvet Choker"],"picked":"Empty Cage"}],"items_purged_floors":[4],"is_endless":false,"potions_floor_spawned":[2,10,22,24,31],"killed_by":"Automaton","ascension_level":0}