{"gold_per_floor":[111,36,36,51,51,77,77,77,125,125,125,150,150,185,185,259,259,275,165,181,181],"floor_reached":21,"playtime":685,"items_purged":["Strike_R"],"score":403,"play_id":"e9716536-d9c3-4ae1-844f-a0445d3712b9","local_time":"20190227212527","is_ascension_mode":true,"campfire_choices":[{"data":"Bash","floor":7,"key":"SMITH"},{"data":"Cleave","floor":11,"key":"SMITH"},{"data":"Defend_R","floor":13,"key":"SMITH"},{"data":"Uppercut","floor":15,"key":"SMITH"}],"neow_cost":"NONE","seed_source_timestamp":5166070965301,"circlet_count":0,"master_deck":["AscendersBane","Strike_R","Strike_R","Defend_R+1","Defend_R","Defend_R","Bash+1","Cleave+1","Uppercut+1","Demon Form+1","Metallicize+1"],"relics":["Burning Blood","NeowsBlessing","PreservedInsect","Oddly Smooth Stone","Pantograph","Question Card","Coffee Dripper"],"potions_floor_usage":[12,12,14],"damage_taken":[{"damage":0,"enemies":"Small Slimes","floor":1,"turns":1},{"damage":0,"enemies":"Cultist","floor":4,"turns":1},{"damage":0,"enemies":"3 Sentries","floor":6,"turns":1},{"damage":22,"enemies":"Lagavulin","floor":12,"turns":4},{"damage":14,"enemies":"3 Sentries","floor":14,"turns":5},{"damage":61,"enemies":"The Guardian","floor":16,"turns":13},{"damage":30,"enemies":"3 Byrds","floor":18,"turns":6},{"damage":41,"enemies":"2 Thieves","floor":20,"turns":4},{"damage":17,"enemies":"Snake Plant","floor":21,"turns":3}],"seed_played":"2238648677360989476","potions_obtained":[{"floor":1,"key":"Block Potion"},{"floor":6,"key":"Fruit Juice"},{"floor":12,"key":"AttackPotion"},{"floor":18,"key":"Strength Potion"}],"is_trial":false,"path_per_floor":["M","$","?","M","$","E","R","?","T","?","R","E","R","E","R","B",null,"M","?","M","M"],"character_chosen":"IRONCLAD","items_purchased":[],"campfire_rested":0,"item_purchase_floors":[],"current_hp_per_floor":[74,74,79,80,80,80,80,80,80,80,80,69,69,61,61,30,71,47,47,12,0],"gold":181,"neow_bonus":"THREE_ENEMY_KILL","is_prod":false,"is_daily":false,"chose_seed":false,"campfire_upgraded":4,"win_rate":0,"timestamp":1551270327,"path_taken":["M","$","?","M","$","E","R","?","T","?","R","E","R","E","R","BOSS","M","?","M","M"],"build_version":"2019-01-23","purchased_purges":1,"victory":false,"max_hp_per_floor":[75,75,80,80,80,80,80,80,80,80,80,85,85,85,85,85,85,85,85,85,85],"card_choices":[{"not_picked":["Pummel","True Grit","Ghostly Armor"],"picked":"SKIP","floor":1},{"not_picked":["Havoc","Metallicize","Clothesline"],"picked":"SKIP","floor":4},{"not_picked":["Infernal Blade","Flex"],"picked":"Cleave","floor":6},{"not_picked":["Armaments","Corruption","Sentinel"],"picked":"SKIP","floor":12},{"not_picked":["Immolate","Sword Boomerang"],"picked":"Uppercut","floor":14},{"not_picked":["Double Tap","Reaper","Dark Embrace"],"picked":"Demon Form","floor":16},{"not_picked":["Cleave","Wild Strike+1","Armaments","Metallicize"],"picked":"SKIP","floor":18},{"not_picked":["Feel No Pain","Clothesline+1","Sever Soul"],"picked":"Metallicize+1","floor":20}],"player_experience":940067,"relics_obtained":[{"floor":6,"key":"PreservedInsect"},{"floor":9,"key":"Oddly Smooth Stone"},{"floor":12,"key":"Pantograph"},{"floor":14,"key":"Question Card"}],"event_choices":[{"damage_healed":0,"gold_gain":0,"player_choice":"Donut","damage_taken":0,"max_hp_gain":5,"max_hp_loss":0,"event_name":"Big Fish","floor":3,"gold_loss":0},{"cards_removed":["Strike_R"],"damage_healed":0,"gold_gain":0,"player_choice":"Forget","damage_taken":0,"max_hp_gain":0,"max_hp_loss":0,"event_name":"Living Wall","floor":8,"gold_loss":0},{"cards_removed":["Strike_R"],"damage_healed":0,"gold_gain":0,"player_choice":"Purged","damage_taken":0,"max_hp_gain":0,"max_hp_loss":0,"event_name":"Purifier","floor":10,"gold_loss":0},{"cards_removed":["Defend_R"],"damage_healed":0,"gold_gain":0,"player_choice":"Upgrade and Remove","damage_taken":0,"max_hp_gain":0,"max_hp_loss":0,"event_name":"Designer","floor":19,"gold_loss":110,"cards_upgraded":["Demon Form"]}],"is_beta":false,"boss_relics":[{"not_picked":["Snecko Eye","Orrery"],"picked":"Coffee Dripper"}],"items_purged_floors":[2],"is_endless":false,"potions_floor_spawned":[1,6,12,18],"killed_by":"Snake Plant","ascension_level":17}