{"gold_per_floor":[119,119,138,18,37,37,49,69,150,161,174,186,186,186,186,290,290,309,320,189,189,189],"floor_reached":22,"playtime":1857,"items_purged":["Parasite"],"score":230,"play_id":"05a2e418-cd94-4b3f-a9fb-bb791ccdaabe","local_time":"20181118204107","is_ascension_mode":false,"campfire_choices":[{"data":"Neutralize","floor":6,"key":"SMITH"},{"data":"Leg Sweep","floor":15,"key":"SMITH"}],"neow_cost":"NONE","seed_source_timestamp":355076417447084,"circlet_count":0,"master_deck":["Defend_G","Defend_G","Defend_G","Defend_G","Defend_G","Strike_G","Strike_G","Strike_G","Strike_G","Strike_G","Survivor","Neutralize+1","Panacea","Blade Dance","Slice","Noxious Fumes","Blur","Cloak And Dagger","Leg Sweep+1","Cloak And Dagger","Backstab","Adrenaline","Prepared+1","Accuracy"],"relics":["Ring of the Serpent","Ornamental Fan","Smiling Mask"],"potions_floor_usage":[16,16,16],"damage_taken":[{"damage":17,"enemies":"Jaw Worm","floor":1,"turns":8},{"damage":0,"enemies":"Cultist","floor":3,"turns":4},{"damage":0,"enemies":"Small Slimes","floor":5,"turns":4},{"damage":8,"enemies":"2 Fungi Beasts","floor":7,"turns":4},{"damage":4,"enemies":"Looter","floor":8,"turns":4},{"damage":0,"enemies":"Blue Slaver","floor":10,"turns":4},{"damage":0,"enemies":"2 Fungi Beasts","floor":11,"turns":5},{"damage":0,"enemies":"3 Louse","floor":12,"turns":4},{"damage":0,"enemies":"The Guardian","floor":16,"turns":16},{"damage":2,"enemies":"Chosen","floor":18,"turns":8},{"damage":21,"enemies":"Spheric Guardian","floor":19,"turns":8},{"damage":47,"enemies":"Masked Bandits","floor":22,"turns":5}],"seed_played":"-5624183140565554653","potions_obtained":[{"floor":1,"key":"LiquidBronze"},{"floor":3,"key":"EssenceOfSteel"},{"floor":11,"key":"Regen Potion"},{"floor":12,"key":"PowerPotion"},{"floor":18,"key":"GhostInAJar"}],"is_trial":false,"path_per_floor":["M","?","M","$","M","R","M","M","T","M","M","M","?","?","R","B",null,"M","M","$","?","?"],"character_chosen":"THE_SILENT","items_purchased":["Noxious Fumes","Blur","Accuracy"],"campfire_rested":0,"item_purchase_floors":[4,4,20],"current_hp_per_floor":[53,53,53,53,53,53,45,41,41,41,41,41,34,51,51,66,70,68,47,47,47,0],"gold":189,"neow_bonus":"RANDOM_COLORLESS","is_prod":false,"is_daily":false,"chose_seed":false,"campfire_upgraded":2,"win_rate":0,"timestamp":1542573667,"path_taken":["M","?","?","$","?","R","M","M","T","M","M","M","?","?","R","BOSS","M","M","$","?","?"],"build_version":"2018-11-15","purchased_purges":1,"victory":false,"max_hp_per_floor":[70,70,70,70,70,70,70,70,70,70,70,70,70,70,70,70,70,70,70,67,67,67],"card_choices":[{"not_picked":["Quick Slash","Predator"],"picked":"Blade Dance","floor":1},{"not_picked":["Poisoned Stab","Flying Knee"],"picked":"Slice","floor":3},{"not_picked":["Noxious Fumes","Deflect"],"picked":"Cloak And Dagger","floor":5},{"not_picked":["Quick Slash","Choke"],"picked":"Leg Sweep","floor":7},{"not_picked":["Flying Knee","Backflip"],"picked":"Cloak And Dagger","floor":8},{"not_picked":["Concentrate","Cloak And Dagger","Bullet Time"],"picked":"SKIP","floor":10},{"not_picked":["Sucker Punch","Outmaneuver","Catalyst"],"picked":"SKIP","floor":11},{"not_picked":["All Out Attack","Flying Knee"],"picked":"Backstab","floor":12},{"not_picked":["Envenom","Wraith Form v2"],"picked":"Adrenaline","floor":16},{"not_picked":["Blade Dance","Dagger Throw","Sucker Punch+1"],"picked":"SKIP","floor":18},{"not_picked":["Leg Sweep+1","Sucker Punch+1"],"picked":"Prepared+1","floor":19}],"player_experience":250759,"relics_obtained":[{"floor":9,"key":"Ornamental Fan"}],"event_choices":[{"damage_healed":0,"gold_gain":0,"player_choice":"Relic","damage_taken":0,"max_hp_gain":0,"max_hp_loss":0,"event_name":"Wheel of Change","floor":2,"gold_loss":0},{"damage_healed":0,"gold_gain":0,"player_choice":"Success","damage_taken":7,"relics_obtained":["Smiling Mask"],"max_hp_gain":0,"max_hp_loss":0,"event_name":"Scrap Ooze","floor":13,"gold_loss":0},{"damage_healed":17,"gold_gain":0,"player_choice":"Healed and dodged fight","damage_taken":0,"max_hp_gain":0,"max_hp_loss":0,"event_name":"Mushrooms","floor":14,"gold_loss":0,"cards_obtained":["Parasite"]},{"damage_healed":0,"gold_gain":0,"player_choice":"Ignored","damage_taken":0,"max_hp_gain":0,"max_hp_loss":0,"event_name":"Ghosts","floor":21,"gold_loss":0},{"damage_healed":0,"gold_gain":0,"player_choice":"Fought Bandits","damage_taken":0,"max_hp_gain":0,"max_hp_loss":0,"event_name":"Masked Bandits","floor":22,"gold_loss":0}],"is_beta":false,"boss_relics":[{"not_picked":["Lizard Tail","Tiny House"],"picked":"Ring of the Serpent"}],"items_purged_floors":[20],"is_endless":false,"potions_floor_spawned":[1,3,11,12,18],"killed_by":"Masked Bandits","ascension_level":0}