{"gold_per_floor":[113,113,123,73,73,73,108,128,128,148,167,167,196,196,196,297,297,309,408,426,72,88,88],"floor_reached":23,"playtime":827,"items_purged":["Defend_R"],"score":328,"play_id":"f735c7a9-4107-4582-b61d-8f49a9aa0c44","local_time":"20190227184928","is_ascension_mode":true,"campfire_choices":[{"data":"Spot Weakness","floor":6,"key":"SMITH"},{"data":"Bash","floor":12,"key":"SMITH"},{"data":"Dropkick","floor":15,"key":"SMITH"}],"neow_cost":"NONE","seed_source_timestamp":15640540405890,"circlet_count":0,"master_deck":["Strike_R","Strike_R","Strike_R","Defend_R","Defend_R","Defend_R","Bash+1","True Grit","Spot Weakness+1","Dropkick+1","Double Tap","Disarm+1","Power Through"],"relics":["Black Blood","NeowsBlessing","Question Card","Letter Opener","Anchor","Smiling Mask","Lee\u0027s Waffle"],"potions_floor_usage":[20,22,23],"damage_taken":[{"damage":0,"enemies":"Small Slimes","floor":1,"turns":1},{"damage":0,"enemies":"Jaw Worm","floor":3,"turns":1},{"damage":0,"enemies":"Lagavulin","floor":7,"turns":1},{"damage":6,"enemies":"Cultist","floor":8,"turns":4},{"damage":4,"enemies":"Looter","floor":10,"turns":3},{"damage":32,"enemies":"Exordium Thugs","floor":11,"turns":4},{"damage":13,"enemies":"3 Sentries","floor":13,"turns":7},{"damage":51,"enemies":"Slime Boss","floor":16,"turns":10},{"damage":62,"enemies":"Spheric Guardian","floor":18,"turns":8},{"damage":12,"enemies":"3 Byrds","floor":20,"turns":6},{"damage":50,"enemies":"Centurion and Healer","floor":22,"turns":9},{"damage":67,"enemies":"Gremlin Leader","floor":23,"turns":5}],"seed_played":"-6839378173666024276","potions_obtained":[{"floor":8,"key":"Energy Potion"},{"floor":10,"key":"Regen Potion"},{"floor":16,"key":"Regen Potion"}],"is_trial":false,"path_per_floor":["M","?","M","?","T","R","E","M","T","M","M","R","E","?","R","B",null,"M","?","M","$","M","E"],"character_chosen":"IRONCLAD","items_purchased":["Lee\u0027s Waffle","Fruit Juice"],"campfire_rested":0,"item_purchase_floors":[21,21],"current_hp_per_floor":[78,71,77,77,77,77,80,80,80,80,54,54,47,80,80,35,69,17,17,30,87,52,0],"gold":88,"neow_bonus":"THREE_ENEMY_KILL","is_prod":false,"is_daily":false,"chose_seed":false,"campfire_upgraded":3,"win_rate":0,"timestamp":1551322168,"path_taken":["M","?","M","?","?","R","E","M","T","?","?","R","E","?","R","BOSS","M","?","M","$","M","E"],"build_version":"2019-01-23","purchased_purges":1,"victory":false,"max_hp_per_floor":[80,80,80,80,80,80,80,80,80,80,80,80,80,80,80,80,80,80,80,80,87,92,92],"card_choices":[{"not_picked":["Cleave","Rage"],"picked":"True Grit","floor":1},{"not_picked":["Wild Strike","Shrug It Off"],"picked":"Spot Weakness","floor":3},{"not_picked":["Perfected Strike","Fire Breathing","Whirlwind"],"picked":"Carnage","floor":7},{"not_picked":["Twin Strike","Sword Boomerang","Flame Barrier"],"picked":"Dropkick","floor":8},{"not_picked":["Warcry","Shrug It Off","Combust","Clothesline"],"picked":"SKIP","floor":10},{"not_picked":["Intimidate","Entrench","Sentinel","Brutality"],"picked":"SKIP","floor":11},{"not_picked":["Thunderclap","Rage","Body Slam","Berserk"],"picked":"SKIP","floor":13},{"not_picked":["Reaper","Bludgeon","Barricade"],"picked":"Double Tap","floor":16},{"not_picked":["Infernal Blade","Shrug It Off","Clash"],"picked":"Disarm+1","floor":18},{"not_picked":["Thunderclap","Wild Strike","Offering"],"picked":"Power Through","floor":20},{"not_picked":["Body Slam","Perfected Strike","Headbutt+1","Infernal Blade"],"picked":"SKIP","floor":22}],"player_experience":319670,"relics_obtained":[{"floor":5,"key":"Question Card"},{"floor":7,"key":"Letter Opener"},{"floor":9,"key":"Anchor"},{"floor":13,"key":"Smiling Mask"}],"event_choices":[{"cards_removed":["Strike_R"],"damage_healed":0,"gold_gain":0,"player_choice":"Card Removal","damage_taken":7,"max_hp_gain":0,"max_hp_loss":0,"event_name":"Golden Wing","floor":2,"gold_loss":0},{"cards_removed":["Strike_R"],"damage_healed":0,"gold_gain":0,"player_choice":"Card Removal","damage_taken":0,"max_hp_gain":0,"max_hp_loss":0,"event_name":"The Cleric","floor":4,"gold_loss":50},{"cards_removed":["Carnage"],"damage_healed":33,"gold_gain":0,"player_choice":"Offered Uncommon","damage_taken":0,"max_hp_gain":0,"max_hp_loss":0,"event_name":"Bonfire Elementals","floor":14,"gold_loss":0},{"damage_healed":0,"gold_gain":99,"player_choice":"Stole From Cult","damage_taken":0,"max_hp_gain":0,"max_hp_loss":0,"event_name":"Nest","floor":19,"gold_loss":0}],"is_beta":false,"boss_relics":[{"not_picked":["Velvet Choker","Lizard Tail"],"picked":"Black Blood"}],"items_purged_floors":[21],"is_endless":false,"potions_floor_spawned":[8,10,16,18],"killed_by":"Gremlin Leader","ascension_level":9}