{"gold_per_floor":[110,126,72,92,92,123,139,139,139,158,170,205,205,215,215,292,292,311,26,44,56,71,96,96,124,150,169,219,144,144,171,171,242,242,259,273,273,273,292,292,321,321,321,421,451,35,60,20,20,20,20,20,20,20,48,48],"floor_reached":57,"playtime":6540,"items_purged":["Blade Dance","Bane"],"score":3205,"play_id":"0869f7f5-aa91-4ced-88b5-c63f15e3844e","local_time":"20181224172113","is_ascension_mode":true,"campfire_choices":[{"data":"Neutralize","floor":8,"key":"SMITH"},{"data":"Noxious Fumes","floor":13,"key":"SMITH"},{"data":"Calculated Gamble","floor":15,"key":"SMITH"},{"data":"Reflex","floor":24,"key":"SMITH"},{"data":"Well Laid Plans","floor":30,"key":"SMITH"},{"data":"A Thousand Cuts","floor":32,"key":"SMITH"},{"data":"Apotheosis","floor":40,"key":"SMITH"},{"floor":42,"key":"REST"},{"floor":49,"key":"RECALL"},{"data":"Footwork","floor":53,"key":"SMITH"}],"neow_cost":"NONE","seed_source_timestamp":247233423228359,"circlet_count":0,"master_deck":["AscendersBane","Survivor","Neutralize+1","Dagger Throw","Dagger Throw","Crippling Poison+1","Noxious Fumes+1","Dodge and Roll","Calculated Gamble+1","Dagger Throw","Backflip","Footwork+1","Tactician","Dash","Flechettes","Prepared","Reflex+1","Envenom","Cloak And Dagger","Backflip","Well Laid Plans+1","Corpse Explosion","Backflip","Acrobatics","A Thousand Cuts+1","After Image","Blur","Apotheosis+1","Deflect","Backflip","Tactician","Adrenaline"],"relics":["Ring of the Snake","Tough Bandages","Torii","The Specimen","Pandora\u0027s Box","Mercury Hourglass","Potion Belt","Pantograph","Molten Egg 2","Philosopher\u0027s Stone","Pen Nib","Strawberry","Gambling Chip","Frozen Egg 2","Membership Card","Paper Crane","Regal Pillow","Snake Skull"],"potions_floor_usage":[12,56,56],"damage_taken":[{"damage":4,"enemies":"Small Slimes","floor":1,"turns":5},{"damage":0,"enemies":"Cultist","floor":2,"turns":3},{"damage":5,"enemies":"2 Louse","floor":4,"turns":4},{"damage":18,"enemies":"Lagavulin","floor":6,"turns":8},{"damage":0,"enemies":"Exordium Wildlife","floor":7,"turns":5},{"damage":2,"enemies":"Large Slime","floor":10,"turns":6},{"damage":0,"enemies":"Exordium Thugs","floor":11,"turns":5},{"damage":1,"enemies":"3 Sentries","floor":12,"turns":6},{"damage":0,"enemies":"3 Louse","floor":14,"turns":2},{"damage":3,"enemies":"Hexaghost","floor":16,"turns":10},{"damage":0,"enemies":"Chosen","floor":18,"turns":5},{"damage":0,"enemies":"Shell Parasite","floor":20,"turns":5},{"damage":2,"enemies":"3 Cultists","floor":21,"turns":3},{"damage":0,"enemies":"Snake Plant","floor":22,"turns":5},{"damage":9,"enemies":"Gremlin Leader","floor":23,"turns":5},{"damage":2,"enemies":"Slavers","floor":25,"turns":3},{"damage":1,"enemies":"Centurion and Healer","floor":27,"turns":5},{"damage":7,"enemies":"Gremlin Leader","floor":31,"turns":6},{"damage":0,"enemies":"Collector","floor":33,"turns":8},{"damage":26,"enemies":"3 Darklings","floor":35,"turns":4},{"damage":0,"enemies":"Orb Walker","floor":36,"turns":5},{"damage":1,"enemies":"Maw","floor":39,"turns":7},{"damage":1,"enemies":"Nemesis","floor":41,"turns":7},{"damage":0,"enemies":"Mind Bloom Boss Battle","floor":44,"turns":5},{"damage":0,"enemies":"Giant Head","floor":45,"turns":6},{"damage":0,"enemies":"Nemesis","floor":47,"turns":6},{"damage":1,"enemies":"Time Eater","floor":50,"turns":14},{"damage":1,"enemies":"Donu and Deca","floor":51,"turns":7},{"damage":0,"enemies":"Shield and Spear","floor":55,"turns":8},{"damage":0,"enemies":"The Heart","floor":56,"turns":8}],"seed_played":"-7023891279508093173","potions_obtained":[{"floor":2,"key":"GamblersBrew"},{"floor":14,"key":"Swift Potion"},{"floor":25,"key":"PowerPotion"},{"floor":36,"key":"Poison Potion"},{"floor":45,"key":"AttackPotion"}],"is_trial":false,"path_per_floor":["M","M","$","M","?","E","M","R","T","M","M","E","R","M","R","B",null,"M","$","M","M","M","E","R","E","T","M","?","$","R","E","R","B",null,"M","M","?","?","M","R","E","R","T","?","E","$","E","$","R","B","B",null,"R","$","E","B",null],"character_chosen":"THE_SILENT","items_purchased":["Fire Potion","Mercury Hourglass","Membership Card","Paper Crane","Tactician"],"campfire_rested":1,"item_purchase_floors":[3,19,46,46,48],"current_hp_per_floor":[55,55,55,50,50,32,32,32,32,30,30,29,29,29,29,26,56,56,56,56,54,54,45,45,43,43,42,42,42,42,35,35,60,65,39,39,29,29,28,28,27,45,52,70,70,70,70,70,70,69,69,70,70,70,70,70],"gold":48,"neow_bonus":"THREE_CARDS","is_prod":false,"is_daily":false,"chose_seed":false,"campfire_upgraded":8,"win_rate":0,"timestamp":1545700873,"path_taken":["M","M","$","M","?","E","M","R","T","?","M","E","R","M","R","BOSS","M","$","M","M","?","E","R","E","T","M","?","$","R","E","R","BOSS","M","M","?","?","?","R","E","R","T","?","E","$","E","?","R","BOSS","BOSS","R","$","E","BOSS"],"build_version":"2018-12-20","purchased_purges":2,"victory":true,"max_hp_per_floor":[66,66,66,66,66,66,66,66,66,66,66,66,66,66,66,66,66,66,66,66,66,66,66,66,66,66,66,66,66,66,66,66,66,66,66,66,66,63,63,63,63,63,70,70,70,70,70,70,70,70,70,70,70,70,70,70],"card_choices":[{"not_picked":["Bane","Dodge and Roll"],"picked":"Dagger Throw","floor":0},{"not_picked":["Dodge and Roll","Bane"],"picked":"Dagger Throw","floor":1},{"not_picked":["Catalyst","Terror"],"picked":"Crippling Poison","floor":2},{"not_picked":["Flying Knee","Dodge and Roll"],"picked":"Noxious Fumes","floor":4},{"not_picked":["Tactician","Outmaneuver"],"picked":"Dodge and Roll","floor":6},{"not_picked":["PiercingWail","Acrobatics"],"picked":"Calculated Gamble","floor":7},{"not_picked":["Outmaneuver","Burst"],"picked":"Dagger Throw","floor":10},{"not_picked":["Poisoned Stab","Deadly Poison","Quick Slash"],"picked":"SKIP","floor":11},{"not_picked":["Dagger Throw","Poisoned Stab"],"picked":"Backflip","floor":12},{"not_picked":["Dash","Sucker Punch"],"picked":"Footwork","floor":14},{"not_picked":["Acrobatics","Dodge and Roll"],"picked":"Well Laid Plans","floor":18},{"not_picked":["Dagger Spray","Blade Dance"],"picked":"Corpse Explosion","floor":20},{"not_picked":["Infinite Blades","Noxious Fumes+1"],"picked":"Backflip","floor":21},{"not_picked":["Caltrops","Flying Knee","Quick Slash"],"picked":"SKIP","floor":22},{"not_picked":["Setup","Slice+1","Quick Slash"],"picked":"SKIP","floor":23},{"not_picked":["Bane","Endless Agony"],"picked":"Acrobatics","floor":25},{"not_picked":["Predator","Bouncing Flask","Sucker Punch"],"picked":"SKIP","floor":27},{"not_picked":["Quick Slash","Dagger Spray"],"picked":"A Thousand Cuts","floor":31},{"not_picked":["Venomology","Envenom"],"picked":"After Image","floor":33},{"not_picked":["Poisoned Stab+1","Blade Dance+1","Expertise"],"picked":"SKIP","floor":35},{"not_picked":["Crippling Poison","Tactician"],"picked":"Blur","floor":36},{"not_picked":["Master of Strategy","Bandage Up"],"picked":"Apotheosis","floor":37},{"not_picked":["Choke+1","Poisoned Stab+1"],"picked":"Deflect","floor":39},{"not_picked":["Sucker Punch+1","Outmaneuver","Deadly Poison+1"],"picked":"SKIP","floor":41},{"not_picked":["Dash+1","Terror"],"picked":"Backflip","floor":44},{"not_picked":["Dagger Spray+1","Sucker Punch+1","Accuracy"],"picked":"SKIP","floor":45},{"not_picked":["Storm of Steel","Flying Knee+1","Masterful Stab+1"],"picked":"SKIP","floor":47},{"not_picked":["All Out Attack+1","Backflip"],"picked":"Adrenaline","floor":55}],"player_experience":4011496,"relics_obtained":[{"floor":6,"key":"Tough Bandages"},{"floor":9,"key":"Torii"},{"floor":12,"key":"The Specimen"},{"floor":23,"key":"Potion Belt"},{"floor":25,"key":"Pantograph"},{"floor":31,"key":"Molten Egg 2"},{"floor":41,"key":"Pen Nib"},{"floor":43,"key":"Strawberry"},{"floor":44,"key":"Gambling Chip"},{"floor":45,"key":"Frozen Egg 2"},{"floor":47,"key":"Regal Pillow"},{"floor":55,"key":"Snake Skull"}],"event_choices":[{"damage_healed":0,"gold_gain":0,"player_choice":"Upgraded","damage_taken":0,"max_hp_gain":0,"max_hp_loss":0,"event_name":"Upgrade Shrine","floor":5,"gold_loss":0,"cards_upgraded":["Crippling Poison"]},{"damage_healed":0,"gold_gain":50,"player_choice":"Stole From Cult","damage_taken":0,"max_hp_gain":0,"max_hp_loss":0,"event_name":"Nest","floor":28,"gold_loss":0},{"damage_healed":0,"gold_gain":0,"player_choice":"Memory 3","damage_taken":10,"max_hp_gain":0,"max_hp_loss":0,"event_name":"SensoryStone","floor":37,"gold_loss":0},{"damage_healed":0,"gold_gain":0,"player_choice":"Max HP","damage_taken":0,"max_hp_gain":0,"max_hp_loss":3,"event_name":"Winding Halls","floor":38,"gold_loss":0},{"damage_healed":0,"gold_gain":0,"player_choice":"Fight","damage_taken":0,"max_hp_gain":0,"max_hp_loss":0,"event_name":"MindBloom","floor":44,"gold_loss":0}],"is_beta":true,"boss_relics":[{"not_picked":["Coffee Dripper","Sozu"],"picked":"Pandora\u0027s Box"},{"not_picked":["Velvet Choker","Busted Crown"],"picked":"Philosopher\u0027s Stone"}],"items_purged_floors":[29,46],"is_endless":false,"potions_floor_spawned":[2,6,7,14,16,20,21,25,36,44,45],"ascension_level":20}