{"gold_per_floor":[111,111,111,111,35,61,61,89,89,54,73,73,91,124,124,201,201,219,318,331,431,448,448,478,478,478,403,415,450,450,463,463,463],"floor_reached":33,"playtime":2906,"items_purged":["Strike_B"],"score":703,"play_id":"56a6746d-e900-4bcd-8404-caaf8e1c63dd","local_time":"20190220172027","is_ascension_mode":true,"campfire_choices":[{"data":"Zap","floor":12,"key":"SMITH"},{"data":"Dualcast","floor":15,"key":"SMITH"},{"floor":23,"key":"REST"},{"data":"Reinforced Body","floor":25,"key":"SMITH"},{"floor":32,"key":"REST"}],"neow_cost":"NONE","seed_source_timestamp":15882704077000,"circlet_count":0,"master_deck":["AscendersBane","Strike_B","Strike_B","Strike_B","Defend_B","Defend_B","Defend_B","Defend_B","Zap+1","Dualcast+1","Sunder+1","Biased Cognition","Self Repair","Rainbow","Glacier","Tempest","Coolheaded","Biased Cognition","Hyperbeam","FTL","BootSequence","Reinforced Body+1","Go for the Eyes","Rebound","Fission","Sweeping Beam+1"],"relics":["Cracked Core","NeowsBlessing","Oddly Smooth Stone","Pen Nib","StoneCalendar","PreservedInsect","Ice Cream","Mango","Lizard Tail","Shovel","Shuriken","Art of War","Prayer Wheel","Bird Faced Urn"],"potions_floor_usage":[18,28,31,33],"damage_taken":[{"damage":0,"enemies":"Jaw Worm","floor":1,"turns":1},{"damage":0,"enemies":"Lagavulin","floor":6,"turns":1},{"damage":0,"enemies":"3 Sentries","floor":8,"turns":1},{"damage":0,"enemies":"Small Slimes","floor":11,"turns":4},{"damage":0,"enemies":"2 Louse","floor":13,"turns":2},{"damage":0,"enemies":"Gremlin Nob","floor":14,"turns":2},{"damage":0,"enemies":"Slime Boss","floor":16,"turns":4},{"damage":33,"enemies":"2 Thieves","floor":18,"turns":4},{"damage":16,"enemies":"3 Byrds","floor":20,"turns":6},{"damage":52,"enemies":"Colosseum Slavers","floor":21,"turns":4},{"damage":8,"enemies":"Colosseum Nobs","floor":21,"turns":4},{"damage":12,"enemies":"Sentry and Sphere","floor":22,"turns":4},{"damage":21,"enemies":"Slavers","floor":24,"turns":3},{"damage":0,"enemies":"Chosen and Byrds","floor":28,"turns":4},{"damage":18,"enemies":"Book of Stabbing","floor":29,"turns":3},{"damage":0,"enemies":"Cultist and Chosen","floor":31,"turns":3},{"damage":72,"enemies":"Collector","floor":33,"turns":6}],"seed_played":"7008083441229159289","potions_obtained":[{"floor":6,"key":"Regen Potion"},{"floor":13,"key":"GamblersBrew"},{"floor":22,"key":"FocusPotion"},{"floor":24,"key":"EssenceOfSteel"},{"floor":29,"key":"Dexterity Potion"},{"floor":31,"key":"SteroidPotion"}],"is_trial":false,"path_per_floor":["M","?","?","?","$","E","?","E","T","$","M","R","M","E","R","B",null,"M","?","M","?","M","R","E","R","T","$","M","E","?","M","R","B"],"character_chosen":"DEFECT","items_purchased":["Biased Cognition","Glacier"],"campfire_rested":2,"item_purchase_floors":[5,10],"current_hp_per_floor":[68,68,68,61,61,61,54,54,54,54,54,54,54,68,68,75,86,58,58,49,43,38,64,43,43,43,43,50,32,16,18,44,0],"gold":463,"neow_bonus":"THREE_ENEMY_KILL","is_prod":false,"is_daily":false,"chose_seed":false,"campfire_upgraded":3,"win_rate":0,"timestamp":1550701227,"path_taken":["M","?","?","?","$","E","?","E","T","?","M","R","M","E","R","BOSS","M","?","M","?","M","R","E","R","T","$","M","E","?","M","R","BOSS"],"build_version":"2019-01-23","purchased_purges":1,"victory":false,"max_hp_per_floor":[75,75,75,75,75,75,75,75,75,75,75,75,75,89,89,89,89,89,89,89,89,89,89,89,89,89,89,89,89,89,89,89,89],"card_choices":[{"not_picked":["Compile Driver","Coolheaded"],"picked":"Sunder","floor":1},{"not_picked":["Storm","Consume"],"picked":"Self Repair","floor":6},{"not_picked":["Hologram","Stack"],"picked":"Rainbow","floor":8},{"not_picked":["Go for the Eyes","Redo"],"picked":"Tempest","floor":11},{"not_picked":["Beam Cell","Steam"],"picked":"Coolheaded","floor":13},{"not_picked":["Sweeping Beam","Reprogram"],"picked":"Biased Cognition","floor":14},{"not_picked":["Buffer","Rainbow"],"picked":"Hyperbeam","floor":16},{"not_picked":["Stack","Cold Snap"],"picked":"FTL","floor":18},{"not_picked":["Turbo","Melter","Cold Snap"],"picked":"SKIP","floor":20},{"not_picked":["Redo","Steam"],"picked":"BootSequence","floor":21},{"not_picked":["Storm","Darkness","Redo"],"picked":"SKIP","floor":22},{"not_picked":["Gash","Cold Snap"],"picked":"Reinforced Body","floor":24},{"not_picked":["Coolheaded","Scrape+1"],"picked":"Go for the Eyes","floor":28},{"not_picked":["Ball Lightning","Fusion"],"picked":"Rebound","floor":28},{"not_picked":["Turbo","Streamline"],"picked":"Fission","floor":29},{"not_picked":["Go for the Eyes","Stack"],"picked":"Sweeping Beam+1","floor":31},{"not_picked":["Turbo","Steam","Storm"],"picked":"SKIP","floor":31}],"player_experience":1261190,"relics_obtained":[{"floor":6,"key":"StoneCalendar"},{"floor":8,"key":"PreservedInsect"},{"floor":9,"key":"Ice Cream"},{"floor":14,"key":"Mango"},{"floor":21,"key":"Shovel"},{"floor":21,"key":"Shuriken"},{"floor":24,"key":"Art of War"},{"floor":26,"key":"Prayer Wheel"},{"floor":29,"key":"Bird Faced Urn"}],"event_choices":[{"damage_healed":0,"gold_gain":0,"player_choice":"Grow","damage_taken":0,"max_hp_gain":0,"max_hp_loss":0,"event_name":"Living Wall","floor":2,"gold_loss":0,"cards_upgraded":["Sunder"]},{"damage_healed":0,"gold_gain":0,"player_choice":"Box","damage_taken":0,"relics_obtained":["Oddly Smooth Stone"],"max_hp_gain":0,"max_hp_loss":0,"event_name":"Big Fish","floor":3,"gold_loss":0,"cards_obtained":["Regret"]},{"damage_healed":0,"gold_gain":0,"player_choice":"Success","damage_taken":7,"relics_obtained":["Pen Nib"],"max_hp_gain":0,"max_hp_loss":0,"event_name":"Scrap Ooze","floor":4,"gold_loss":0},{"cards_removed":["Regret"],"damage_healed":0,"gold_gain":0,"player_choice":"Card Removal","damage_taken":7,"max_hp_gain":0,"max_hp_loss":0,"event_name":"Golden Wing","floor":7,"gold_loss":0},{"damage_healed":0,"gold_gain":99,"player_choice":"Stole From Cult","damage_taken":0,"max_hp_gain":0,"max_hp_loss":0,"event_name":"Nest","floor":19,"gold_loss":0},{"damage_healed":0,"gold_gain":0,"player_choice":"Fight","damage_taken":0,"max_hp_gain":0,"max_hp_loss":0,"event_name":"Colosseum","floor":21,"gold_loss":0},{"damage_healed":0,"gold_gain":0,"player_choice":"Fought Nobs","damage_taken":0,"max_hp_gain":0,"max_hp_loss":0,"event_name":"Colosseum","floor":21,"gold_loss":0},{"damage_healed":0,"gold_gain":0,"player_choice":"Obtained Book","damage_taken":16,"max_hp_gain":0,"max_hp_loss":0,"event_name":"Cursed Tome","floor":30,"gold_loss":0}],"is_beta":false,"boss_relics":[{"not_picked":["Fusion Hammer","Busted Crown"],"picked":"Lizard Tail"}],"items_purged_floors":[27],"is_endless":false,"potions_floor_spawned":[6,13,22,24,29,31],"killed_by":"Collector","ascension_level":13}