{"path_per_floor":["M","?","?","M","?","E","R","M","T","M","M","?","R","M","R","B",null,"M","$","M","?","M","R","M","R","T","M","R","M","R","M","R"],"character_chosen":"THE_SILENT","items_purchased":["Bottled Tornado","Deadly Poison"],"gold_per_floor":[116,116,116,136,136,169,169,189,189,199,217,217,217,229,229,325,325,336,35,54,54,74,74,87,87,169,187,187,203,203,216,216],"floor_reached":33,"campfire_rested":7,"playtime":1649,"current_hp_per_floor":[70,70,70,65,65,43,43,43,57,43,42,25,50,46,71,36,84,71,71,58,58,27,52,35,60,60,38,63,32,57,23,48],"items_purged":[],"gold":216,"score":251,"play_id":"37055155-7da4-4726-85b9-e06127f22456","local_time":"20180304171557","is_prod":false,"is_daily":false,"is_ascension_mode":false,"campfire_upgraded":1,"timestamp":1520201757,"path_taken":["M","?","?","M","?","E","R","M","T","?","?","?","R","?","R","BOSS","M","$","M","?","M","R","?","R","T","M","R","M","R","M","R","BOSS"],"build_version":"2018-03-01-PROD1","purchased_purges":1,"victory":false,"master_deck":["Defend_G","Defend_G","Defend_G","Strike_G","Strike_G","Strike_G+1","Strike_G","Strike_G","Survivor","Neutralize","A Thousand Cuts+1","Poisoned Stab","Die Die Die","Flying Knee","Wraith Form+1","Flying Knee","Doppelganger","Deadly Poison+1","Leg Sweep","Envenom","Skewer+1","Deadly Poison","Poisoned Stab","Endless Agony+1","Unload","Regret","Deflect+1","Backstab","Noxious Fumes"],"max_hp_per_floor":[70,70,70,70,70,70,70,70,84,84,84,84,84,84,84,84,84,84,84,84,84,84,84,84,84,84,84,84,84,84,84,84],"relics":["Ring of the Snake","Vajra","Mango","Cursed Key","Bottled Tornado","Kunai"],"card_choices":[{"not_picked":["Sucker Punch","Endless Agony"],"picked":"Poisoned Stab"},{"not_picked":["Heel Hook","Deadly Poison"],"picked":"Flying Knee"},{"not_picked":["Finisher","Dodge and Roll"],"picked":"Wraith Form"},{"not_picked":["Bane","Prepared"],"picked":"Flying Knee"},{"not_picked":["Slice","Skewer"],"picked":"Doppelganger"},{"not_picked":["Acrobatics","Sucker Punch"],"picked":"Deadly Poison"},{"not_picked":["Dagger Throw","Masterful Stab"],"picked":"Leg Sweep"},{"not_picked":["Doppelganger","Tactician"],"picked":"Envenom"},{"not_picked":["Endless Agony","Dagger Spray"],"picked":"Skewer"},{"not_picked":["Predator","Expertise"],"picked":"Poisoned Stab"},{"not_picked":["Slice","Blade Dance"],"picked":"Endless Agony"},{"not_picked":["Dagger Spray","Prepared"],"picked":"Unload"},{"not_picked":["Dodge and Roll","Quick Slash"],"picked":"Deflect"},{"not_picked":["Dagger Spray","Dodge and Roll"],"picked":"Backstab"},{"not_picked":["Masterful Stab","Backflip"],"picked":"Noxious Fumes"}],"player_experience":98788,"potions_floor_usage":[16,18,20,24,29,29,33],"damage_taken":[{"damage":0,"enemies":"2 Louse","floor":1,"turns":4},{"damage":5,"enemies":"Jaw Worm","floor":4,"turns":3},{"damage":22,"enemies":"Lagavulin","floor":6,"turns":6},{"damage":0,"enemies":"Cultist","floor":8,"turns":4},{"damage":14,"enemies":"Exordium Thugs","floor":10,"turns":4},{"damage":1,"enemies":"2 Fungi Beasts","floor":11,"turns":2},{"damage":4,"enemies":"Gremlin Gang","floor":14,"turns":2},{"damage":35,"enemies":"The Guardian","floor":16,"turns":10},{"damage":13,"enemies":"Chosen","floor":18,"turns":4},{"damage":13,"enemies":"Shell Parasite","floor":20,"turns":4},{"damage":31,"enemies":"Snake Plant","floor":22,"turns":4},{"damage":29,"enemies":"Centurion and Healer","floor":24,"turns":5},{"damage":22,"enemies":"Snecko","floor":27,"turns":4},{"damage":31,"enemies":"Snake Plant","floor":29,"turns":4},{"damage":34,"enemies":"Sentry and Sphere","floor":31,"turns":4},{"damage":52,"enemies":"Champ","floor":33,"turns":9}],"event_choices":[{"event_name":"Living Wall","player_choice":"Grow","floor":2,"damage_taken":0},{"event_name":"Transmorgrifier","player_choice":"Transform","floor":3,"damage_taken":0},{"event_name":"Purifier","player_choice":"One Purge","floor":5,"damage_taken":0},{"event_name":"Shining Light","player_choice":"Entered Light","floor":12,"damage_taken":0},{"event_name":"Beggar","player_choice":"Ignored","floor":21,"damage_taken":0}],"boss_relics":[{"not_picked":["Tiny House","Velvet Choker"],"picked":"Cursed Key"}],"potions_floor_spawned":[8,10,14,16,18,22,31],"seed_played":"5393007636648953802","killed_by":"Champ","ascension_level":0,"is_trial":false}