{"gold_per_floor":[116,127,138,156,117,117,42,60,86,102,67,82,97,113,113,113],"floor_reached":16,"playtime":2241,"items_purged":[],"score":98,"play_id":"8ec849ac-2ca9-49e9-be50-73236dbb421c","local_time":"20190227180208","is_ascension_mode":false,"campfire_choices":[{"data":"PiercingWail","floor":6,"key":"SMITH"},{"data":"Dagger Spray","floor":15,"key":"SMITH"}],"neow_cost":"NONE","seed_source_timestamp":16689548051400,"circlet_count":0,"master_deck":["Defend_G","Defend_G","Defend_G","Defend_G","Defend_G","Strike_G","Strike_G","Strike_G","Strike_G","Survivor","Neutralize","Distraction","PiercingWail+1","Acrobatics","Dagger Spray+1","Blade Dance","Footwork","Well Laid Plans","Blade Dance","PiercingWail","Crippling Poison","Blur","Finisher"],"relics":["Ring of the Snake","Centennial Puzzle"],"potions_floor_usage":[10,16,16],"damage_taken":[{"damage":0,"enemies":"2 Louse","floor":1,"turns":3},{"damage":0,"enemies":"Small Slimes","floor":2,"turns":4},{"damage":1,"enemies":"Jaw Worm","floor":3,"turns":6},{"damage":0,"enemies":"3 Louse","floor":4,"turns":3},{"damage":0,"enemies":"Large Slime","floor":8,"turns":7},{"damage":8,"enemies":"Lots of Slimes","floor":10,"turns":3},{"damage":5,"enemies":"Blue Slaver","floor":12,"turns":6},{"damage":9,"enemies":"Large Slime","floor":13,"turns":7},{"damage":0,"enemies":"2 Fungi Beasts","floor":14,"turns":4},{"damage":58,"enemies":"Slime Boss","floor":16,"turns":12}],"seed_played":"-1685120312346976881","potions_obtained":[{"floor":3,"key":"Swift Potion"},{"floor":4,"key":"Explosive Potion"},{"floor":10,"key":"GamblersBrew"},{"floor":13,"key":"AttackPotion"}],"is_trial":false,"path_per_floor":["M","M","M","M","$","R","$","M","T","M","?","M","M","M","R","B"],"character_chosen":"THE_SILENT","items_purchased":["Footwork","Well Laid Plans"],"campfire_rested":0,"item_purchase_floors":[5,7],"current_hp_per_floor":[70,70,69,69,69,69,69,69,69,61,70,65,56,56,56,0],"gold":113,"neow_bonus":"TRANSFORM_CARD","is_prod":false,"is_daily":false,"chose_seed":false,"campfire_upgraded":2,"win_rate":0.0,"timestamp":1551319328,"path_taken":["M","M","M","M","$","R","$","M","T","M","?","M","M","M","R","BOSS"],"build_version":"2019-01-23","purchased_purges":0,"victory":false,"max_hp_per_floor":[70,70,70,70,70,70,70,70,70,70,70,70,70,70,70,70],"card_choices":[{"not_picked":["All Out Attack","Choke"],"picked":"PiercingWail","floor":1},{"not_picked":["Escape Plan","Distraction"],"picked":"Acrobatics","floor":2},{"not_picked":["Deadly Poison","Leg Sweep"],"picked":"Dagger Spray","floor":3},{"not_picked":["Deadly Poison","Tactician"],"picked":"Blade Dance","floor":4},{"not_picked":["Calculated Gamble","Choke"],"picked":"Blade Dance","floor":8},{"not_picked":["Bane","Riddle With Holes"],"picked":"PiercingWail","floor":10},{"not_picked":["Sucker Punch","Poisoned Stab"],"picked":"Crippling Poison","floor":12},{"not_picked":["Quick Slash","Blade Dance"],"picked":"Blur","floor":13},{"not_picked":["Deadly Poison","All Out Attack"],"picked":"Finisher","floor":14}],"player_experience":12631,"relics_obtained":[{"floor":9,"key":"Centennial Puzzle"}],"event_choices":[{"damage_healed":17,"gold_gain":0,"player_choice":"Healed","damage_taken":0,"max_hp_gain":0,"max_hp_loss":0,"event_name":"The Cleric","floor":11,"gold_loss":35}],"is_beta":false,"boss_relics":[],"items_purged_floors":[],"is_endless":false,"potions_floor_spawned":[3,4,10,13],"killed_by":"Slime Boss","ascension_level":0}