{"path_per_floor":["M","M","?","M","?","M","R","M","T","M","M","M","?","?","R","B",null,"M","M"],"character_chosen":"IRONCLAD","items_purchased":[],"gold_per_floor":[110,126,226,244,244,261,261,279,279,299,318,331,331,359,359,480,480,500,514],"floor_reached":20,"campfire_rested":1,"playtime":1415,"current_hp_per_floor":[80,80,80,75,59,57,57,58,58,61,62,66,66,37,61,30,80,66,31],"items_purged":[],"gold":514,"play_id":"a7950aff-5e02-4fea-a1fb-b4faab7a157c","is_prod":false,"is_daily":false,"is_ascension_mode":false,"campfire_upgraded":1,"path_taken":["M","M","?","M","?","M","R","M","T","M","M","M","?","?","R","BOSS","M","M","M"],"build_version":"2018-02-01-PROD3","purchased_purges":0,"victory":false,"master_deck":["Strike_R","Strike_R","Strike_R","Strike_R","Strike_R","Defend_R","Defend_R","Defend_R","Defend_R","Bash+1","Flex","Flex+1","Heavy Blade+1","Anger","Pommel Strike","Pommel Strike","Metallicize","Armaments","Injury","Offering","Offering","Clumsy","Clumsy","Normality","Spot Weakness","Power Through"],"max_hp_per_floor":[80,80,80,80,80,80,80,80,80,80,80,80,80,80,80,80,80,80,80],"relics":["Burning Blood","Bag of Preparation","Magic Flower","Golden Idol","Odd Mushroom","Calling Bell","Ginger","Juzu Bracelet","Gambling Chip"],"card_choices":[{"not_picked":["Sword Boomerang","Body Slam"],"picked":"Flex"},{"not_picked":["Cleave","Perfected Strike"],"picked":"Flex"},{"not_picked":["Armaments","Shockwave"],"picked":"Heavy Blade"},{"not_picked":["Shockwave","Power Through"],"picked":"Anger"},{"not_picked":["Clothesline","Headbutt"],"picked":"Pommel Strike"},{"not_picked":["Rampage","Warcry"],"picked":"Pommel Strike"},{"not_picked":["Perfected Strike","Body Slam"],"picked":"Metallicize"},{"not_picked":["Anger","Blood for Blood"],"picked":"Armaments"},{"not_picked":["Combust","Armaments"],"picked":"Offering"},{"not_picked":["Juggernaut","Impervious"],"picked":"Offering"},{"not_picked":["Body Slam","Pommel Strike"],"picked":"Spot Weakness"},{"not_picked":["Body Slam","Perfected Strike"],"picked":"Power Through"}],"player_experience":18603,"potions_floor_usage":[16],"damage_taken":[{"damage":5,"enemies":"Small Slimes","floor":1,"turns":4},{"damage":0,"enemies":"Cultist","floor":2,"turns":4},{"damage":11,"enemies":"Jaw Worm","floor":4,"turns":2},{"damage":8,"enemies":"Exordium Thugs","floor":6,"turns":4},{"damage":5,"enemies":"Looter","floor":8,"turns":3},{"damage":6,"enemies":"3 Louse","floor":10,"turns":2},{"damage":8,"enemies":"2 Fungi Beasts","floor":11,"turns":3},{"damage":5,"enemies":"Large Slime","floor":12,"turns":6},{"damage":38,"enemies":"The Mushroom Lair","floor":14,"turns":6},{"damage":40,"enemies":"Slime Boss","floor":16,"turns":8},{"damage":23,"enemies":"Spheric Guardian","floor":18,"turns":4},{"damage":44,"enemies":"3 Byrds","floor":19,"turns":5},{"damage":35,"enemies":"3 Cultists","floor":20,"turns":4}],"event_choices":[{"event_name":"Golden Shrine","player_choice":"Pray","floor":3,"damage_taken":0},{"event_name":"Shining Light","player_choice":"Entered Light","floor":5,"damage_taken":0},{"event_name":"Golden Idol","player_choice":"Take Wound","floor":13,"damage_taken":0},{"event_name":"Mushrooms","player_choice":"Fought Mushrooms","floor":14,"damage_taken":0}],"boss_relics":[{"not_picked":["Runic Cube","Runic Pyramid"],"picked":"Calling Bell"}],"potions_floor_spawned":[4,10,12,16,18],"seed_played":"3928032994670328952","killed_by":"3 Cultists","ascension_level":0,"is_trial":false}