{"gold_per_floor":[115,115,115,133,133,133,165,176,176,191,191,205,215,63,63,164,164,179,195,43,43,55,55,5,20,92,92,112,112,138,157,157,253,253,267,267,286,286,298,298,311,311,311,145,145,179,2,22,22,22],"floor_reached":51,"playtime":3018,"items_purged":["Strike_B","Strike_B"],"score":797,"play_id":"f83959e7-84e4-42e2-9e22-4f48af073156","local_time":"20181023214728","is_ascension_mode":true,"campfire_choices":[{"data":"Genetic Algorithm","floor":6,"key":"SMITH"},{"floor":11,"key":"REST"},{"floor":15,"key":"REST"},{"data":"Buffer","floor":23,"key":"SMITH"},{"floor":27,"key":"REST"},{"floor":29,"key":"REST"},{"floor":32,"key":"REST"},{"data":"Buffer","floor":40,"key":"SMITH"},{"data":"White Noise","floor":42,"key":"SMITH"},{"floor":49,"key":"REST"}],"neow_cost":"NONE","seed_source_timestamp":1187222726687092,"circlet_count":0,"master_deck":["Defend_B","Defend_B","Defend_B","Defend_B","Zap","Dualcast","Tempest+1","White Noise+1","Genetic Algorithm+1","All For One","Go for the Eyes","Streamline","Scrape","Hologram","Gash","BootSequence","Buffer+1","Gash","Streamline+1","Stack","Hologram","Stack","Conserve Battery+1","Buffer+1","Flash of Steel","Turbo+1","Hologram","Mayhem","Violence","Hologram+1"],"relics":["Cracked Core","Dodecahedron","Anchor","Nuclear Battery","Mercury Hourglass","Strawberry","Unceasing Top","Symbiotic Virus"],"potions_floor_usage":[10,16,16,25,33,46,50],"damage_taken":[{"damage":4,"enemies":"Small Slimes","floor":1,"turns":3},{"damage":4,"enemies":"2 Louse","floor":4,"turns":2},{"damage":49,"enemies":"Lagavulin","floor":7,"turns":8},{"damage":2,"enemies":"Jaw Worm","floor":8,"turns":3},{"damage":0,"enemies":"Exordium Thugs","floor":10,"turns":3},{"damage":0,"enemies":"2 Fungi Beasts","floor":12,"turns":3},{"damage":15,"enemies":"Gremlin Gang","floor":13,"turns":6},{"damage":24,"enemies":"The Guardian","floor":16,"turns":7},{"damage":15,"enemies":"Shell Parasite","floor":18,"turns":6},{"damage":7,"enemies":"Spheric Guardian","floor":19,"turns":4},{"damage":13,"enemies":"Shelled Parasite and Fungi","floor":22,"turns":4},{"damage":44,"enemies":"3 Cultists","floor":25,"turns":7},{"damage":0,"enemies":"Centurion and Healer","floor":28,"turns":7},{"damage":22,"enemies":"Snake Plant","floor":31,"turns":4},{"damage":0,"enemies":"Champ","floor":33,"turns":11},{"damage":0,"enemies":"3 Shapes","floor":35,"turns":4},{"damage":1,"enemies":"Orb Walker","floor":37,"turns":3},{"damage":9,"enemies":"3 Darklings","floor":39,"turns":4},{"damage":13,"enemies":"Spire Growth","floor":41,"turns":6},{"damage":22,"enemies":"Reptomancer","floor":46,"turns":6},{"damage":0,"enemies":"4 Shapes","floor":48,"turns":5},{"damage":53,"enemies":"Awakened One","floor":50,"turns":10}],"seed_played":"3062955706827281556","potions_obtained":[{"floor":1,"key":"PowerPotion"},{"floor":7,"key":"Fire Potion"},{"floor":8,"key":"FairyPotion"},{"floor":10,"key":"FocusPotion"},{"floor":22,"key":"SpeedPotion"},{"floor":28,"key":"EssenceOfSteel"},{"floor":37,"key":"LiquidBronze"},{"floor":41,"key":"GamblersBrew"}],"is_trial":false,"path_per_floor":["M","?","?","M","?","R","E","M","T","M","R","M","M","$","R","B",null,"M","M","$","?","M","R","$","M","T","R","M","R","T","M","R","B",null,"M","?","M","$","M","R","M","R","T","$","?","E","$","M","R","B"],"character_chosen":"DEFECT","items_purchased":["BootSequence","Stack","Stack","Mayhem","Violence"],"campfire_rested":6,"item_purchase_floors":[14,20,24,44,47],"current_hp_per_floor":[71,71,71,67,67,67,18,16,16,16,38,38,23,23,45,21,75,60,53,53,53,40,40,40,7,7,29,29,51,58,36,60,60,82,82,82,81,81,72,72,59,59,59,59,59,37,37,37,61,8],"gold":22,"neow_bonus":"THREE_CARDS","is_prod":false,"is_daily":false,"chose_seed":false,"campfire_upgraded":4,"win_rate":0,"timestamp":1540345648,"path_taken":["M","?","?","M","?","R","E","M","T","M","R","M","M","$","R","BOSS","M","?","$","?","M","R","$","M","T","R","M","R","?","M","R","BOSS","M","?","M","$","M","R","?","R","T","$","?","E","$","M","R","BOSS"],"build_version":"2018-10-18","purchased_purges":2,"victory":true,"max_hp_per_floor":[75,75,75,75,75,75,75,75,75,75,75,75,75,75,75,75,75,75,75,75,75,75,75,75,75,75,75,75,75,82,82,82,82,82,82,82,82,82,82,82,82,82,82,82,82,82,82,82,82,82],"card_choices":[{"not_picked":["Redo","Genetic Algorithm"],"picked":"Tempest","floor":0},{"not_picked":["Glacier","Go for the Eyes","Steam Power"],"picked":"SKIP","floor":1},{"not_picked":["Gash","Rebound"],"picked":"Genetic Algorithm","floor":4},{"not_picked":["Steam","Defragment"],"picked":"Go for the Eyes","floor":7},{"not_picked":["Hologram","Glacier"],"picked":"Streamline","floor":8},{"not_picked":["Darkness","Sweeping Beam"],"picked":"Scrape","floor":10},{"not_picked":["Barrage","Coolheaded"],"picked":"Hologram","floor":12},{"not_picked":["Ball Lightning","Stack"],"picked":"Gash","floor":13},{"not_picked":["Amplify","Machine Learning"],"picked":"Buffer","floor":16},{"not_picked":["Compile Driver","Redo"],"picked":"Gash","floor":18},{"not_picked":["Skim","Rebound"],"picked":"Streamline+1","floor":19},{"not_picked":["Turbo","Coolheaded"],"picked":"Hologram","floor":22},{"not_picked":["Redo","Cold Snap"],"picked":"Conserve Battery+1","floor":25},{"not_picked":["Rebound","Defragment","Coolheaded"],"picked":"SKIP","floor":28},{"not_picked":["Rebound","Undo","Storm"],"picked":"SKIP","floor":31},{"not_picked":["Fission","Rainbow"],"picked":"Buffer","floor":33},{"not_picked":["Conserve Battery","Barrage+1","Leap+1"],"picked":"SKIP","floor":35},{"not_picked":["Secret Technique","Dramatic Entrance"],"picked":"Flash of Steel","floor":36},{"not_picked":["Blizzard","Stack+1"],"picked":"Turbo+1","floor":37},{"not_picked":["Rebound","Leap"],"picked":"Hologram","floor":39},{"not_picked":["Turbo","Chill"],"picked":"Redo+1","floor":41},{"not_picked":["Steam Power+1","Leap","Sweeping Beam+1"],"picked":"SKIP","floor":46},{"not_picked":["Tempest","Darkness+1"],"picked":"Hologram+1","floor":48}],"player_experience":671264,"relics_obtained":[{"floor":7,"key":"Dodecahedron"},{"floor":9,"key":"Anchor"},{"floor":26,"key":"Mercury Hourglass"},{"floor":30,"key":"Strawberry"},{"floor":43,"key":"Unceasing Top"},{"floor":46,"key":"Symbiotic Virus"}],"event_choices":[{"damage_healed":0,"gold_gain":0,"player_choice":"Grow","damage_taken":0,"max_hp_gain":0,"max_hp_loss":0,"event_name":"Living Wall","floor":2,"gold_loss":0,"cards_upgraded":["Tempest"]},{"damage_healed":0,"gold_gain":0,"cards_transformed":["Strike_B"],"player_choice":"Transformed","damage_taken":0,"max_hp_gain":0,"max_hp_loss":0,"event_name":"Transmorgrifier","floor":3,"gold_loss":0,"cards_obtained":["White Noise"]},{"damage_healed":0,"gold_gain":0,"player_choice":"1 cards matched","damage_taken":0,"max_hp_gain":0,"max_hp_loss":0,"event_name":"Match and Keep!","floor":5,"gold_loss":0,"cards_obtained":["All For One"]},{"cards_removed":["Strike_B"],"damage_healed":0,"gold_gain":0,"player_choice":"Elegance","damage_taken":0,"max_hp_gain":0,"max_hp_loss":0,"event_name":"Back to Basics","floor":21,"gold_loss":0},{"damage_healed":0,"gold_gain":0,"player_choice":"Memory 1","damage_taken":0,"max_hp_gain":0,"max_hp_loss":0,"event_name":"SensoryStone","floor":36,"gold_loss":0},{"cards_removed":["Redo"],"damage_healed":0,"gold_gain":0,"player_choice":"Removed Skill","damage_taken":0,"max_hp_gain":0,"max_hp_loss":0,"event_name":"Falling","floor":45,"gold_loss":0}],"is_beta":false,"boss_relics":[{"not_picked":["Inserter","White Beast Statue"],"picked":"Nuclear Battery"},{"not_picked":["Runic Pyramid","Snecko Eye","Busted Crown"]}],"items_purged_floors":[14,20],"is_endless":false,"potions_floor_spawned":[1,7,8,10,22,28,37,41],"ascension_level":2}