{"gold_per_floor":[112,37,56,68,68,132,132,152,152,167,167,167,179,197,197,293,293,303,303],"floor_reached":19,"playtime":953,"items_purged":["Regret"],"score":171,"play_id":"0c27bff0-917c-4a32-a907-eb9e6031959b","local_time":"20190129022704","is_ascension_mode":false,"campfire_choices":[{"data":"Bash","floor":7,"key":"SMITH"},{"floor":15,"key":"REST"}],"neow_cost":"CURSE","seed_source_timestamp":1717455695140554,"circlet_count":0,"master_deck":["Strike_R","Strike_R","Strike_R","Strike_R","Strike_R","Defend_R","Defend_R","Defend_R","Defend_R","Bash+1","Demon Form","Dropkick","Burning Pact","Dropkick"],"relics":["Burning Blood","Tiny Chest","Dodecahedron"],"potions_floor_usage":[6,16,16,19],"damage_taken":[{"damage":4,"enemies":"Small Slimes","floor":1,"turns":4},{"damage":6,"enemies":"Cultist","floor":3,"turns":3},{"damage":11,"enemies":"Jaw Worm","floor":4,"turns":4},{"damage":32,"enemies":"Gremlin Nob","floor":6,"turns":4},{"damage":16,"enemies":"Large Slime","floor":8,"turns":5},{"damage":12,"enemies":"2 Fungi Beasts","floor":10,"turns":3},{"damage":16,"enemies":"Red Slaver","floor":13,"turns":3},{"damage":10,"enemies":"Looter","floor":14,"turns":4},{"damage":37,"enemies":"The Guardian","floor":16,"turns":14},{"damage":38,"enemies":"3 Byrds","floor":18,"turns":6},{"damage":47,"enemies":"Masked Bandits","floor":19,"turns":4}],"seed_played":"-5862307547472739641","potions_obtained":[{"floor":1,"key":"SkillPotion"},{"floor":3,"key":"Energy Potion"},{"floor":6,"key":"SteroidPotion"},{"floor":14,"key":"Swift Potion"},{"floor":16,"key":"Fire Potion"}],"is_trial":false,"path_per_floor":["M","$","M","M","$","E","R","M","T","M","?","?","M","M","R","B",null,"M","?"],"character_chosen":"IRONCLAD","items_purchased":[],"campfire_rested":1,"item_purchase_floors":[],"current_hp_per_floor":[80,80,80,75,75,49,49,39,39,33,33,33,23,19,43,12,80,48,1],"gold":303,"neow_bonus":"THREE_RARE_CARDS","is_prod":false,"is_daily":false,"chose_seed":false,"campfire_upgraded":1,"win_rate":0,"timestamp":1548746824,"path_taken":["M","$","M","M","$","E","R","M","T","M","?","?","?","M","R","BOSS","M","?"],"build_version":"2019-01-23","purchased_purges":1,"victory":false,"max_hp_per_floor":[80,80,80,80,80,80,80,80,80,80,80,80,80,80,80,80,80,80,80],"card_choices":[{"not_picked":["Brutality","Dark Embrace"],"picked":"Demon Form","floor":0},{"not_picked":["Searing Blow","Intimidate"],"picked":"Dropkick","floor":1},{"not_picked":["Warcry","Clash","Feel No Pain"],"picked":"SKIP","floor":3},{"not_picked":["Havoc","Shrug It Off"],"picked":"Burning Pact","floor":4},{"not_picked":["Havoc","Iron Wave","Clothesline"],"picked":"SKIP","floor":6},{"not_picked":["Headbutt","Havoc","Bloodletting"],"picked":"SKIP","floor":8},{"not_picked":["Exhume","Perfected Strike"],"picked":"Dropkick","floor":10},{"not_picked":["Bloodletting","Seeing Red","Flex"],"picked":"SKIP","floor":13},{"not_picked":["Searing Blow","Heavy Blade","Feel No Pain"],"picked":"SKIP","floor":14},{"not_picked":["Cleave","Carnage+1","Reckless Charge"],"picked":"SKIP","floor":18}],"player_experience":960767,"relics_obtained":[{"floor":6,"key":"Tiny Chest"}],"event_choices":[{"damage_healed":0,"gold_gain":0,"player_choice":"Searched \u00270\u0027 times","damage_taken":0,"max_hp_gain":0,"max_hp_loss":0,"event_name":"Dead Adventurer","floor":11,"gold_loss":0},{"damage_healed":0,"gold_gain":0,"player_choice":"Gave Potion","damage_taken":0,"relics_obtained":["Dodecahedron"],"max_hp_gain":0,"max_hp_loss":0,"event_name":"WeMeetAgain","floor":12,"gold_loss":0},{"damage_healed":0,"gold_gain":0,"player_choice":"Fought Bandits","damage_taken":0,"max_hp_gain":0,"max_hp_loss":0,"event_name":"Masked Bandits","floor":19,"gold_loss":0}],"is_beta":false,"boss_relics":[{"not_picked":["Runic Pyramid","Runic Dome","Snecko Eye"]}],"items_purged_floors":[2],"is_endless":false,"potions_floor_spawned":[1,3,6,14,16],"killed_by":"Masked Bandits","ascension_level":0}