{"gold_per_floor":[111,111,131,131,206,206,234,246,246,278,301,301,320,351,351,425,425,445,226,141,159,179,179,190,190,258,14,14,31,42,60,60,134,134,147,197,216,9,24,24,56,56,81,99,99,69,84,103,103,103],"floor_reached":51,"playtime":2426,"items_purged":["Defend_R","Strike_R","Strike_R"],"score":1273,"play_id":"b3f74b8d-4ab3-4ac1-845c-5655b024fcc0","local_time":"20181110231136","is_ascension_mode":true,"campfire_choices":[{"data":"Bash","floor":6.0,"key":"SMITH"},{"data":"Thunderclap","floor":12.0,"key":"SMITH"},{"floor":15.0,"key":"REST"},{"data":"Demon Form","floor":23.0,"key":"SMITH"},{"data":"Dropkick","floor":25.0,"key":"SMITH"},{"floor":32.0,"key":"REST"},{"data":"Heavy Blade","floor":40.0,"key":"SMITH"},{"data":"Whirlwind","floor":42.0,"key":"SMITH"},{"data":"Dark Embrace","floor":45.0,"key":"SMITH"},{"data":"Corruption","floor":49.0,"key":"SMITH"}],"neow_cost":"NONE","seed_source_timestamp":0,"circlet_count":0,"master_deck":["AscendersBane","Strike_R","Strike_R+1","Defend_R+1","Defend_R+1","Defend_R+1","Bash+1","Dropkick","Dropkick+1","Thunderclap+1","Warcry+1","Demon Form+1","True Grit+1","Shrug It Off+1","Evolve","Heavy Blade+1","Pummel","Dark Embrace+1","Shrug It Off+1","Warcry+1","Sentinel+1","Whirlwind+1","True Grit+1","Parasite","Corruption+1"],"special_seed":0,"relics":["Burning Blood","NeowsBlessing","Blue Candle","Toxic Egg 2","Self Forming Clay","Red Skull","Orichalcum","Philosopher\u0027s Stone","Centennial Puzzle","War Paint","Bottled Tornado","MawBank","Coffee Dripper","Incense Burner","Ancient Tea Set","Vajra"],"potions_floor_usage":[50],"damage_taken":[{"damage":0.0,"enemies":"Small Slimes","floor":1.0,"turns":1.0},{"damage":0.0,"enemies":"Jaw Worm","floor":3.0,"turns":1.0},{"damage":0.0,"enemies":"Gremlin Nob","floor":7.0,"turns":1.0},{"damage":6.0,"enemies":"2 Louse","floor":8.0,"turns":3.0},{"damage":36.0,"enemies":"3 Sentries","floor":10.0,"turns":8.0},{"damage":3.0,"enemies":"Blue Slaver","floor":13.0,"turns":2.0},{"damage":19.0,"enemies":"Lagavulin","floor":14.0,"turns":5.0},{"damage":29.0,"enemies":"Slime Boss","floor":16.0,"turns":10.0},{"damage":21.0,"enemies":"Shell Parasite","floor":18.0,"turns":4.0},{"damage":5.0,"enemies":"Chosen","floor":21.0,"turns":5.0},{"damage":27.0,"enemies":"Centurion and Healer","floor":22.0,"turns":6.0},{"damage":3.0,"enemies":"Snake Plant","floor":24.0,"turns":4.0},{"damage":11.0,"enemies":"Snecko","floor":29.0,"turns":3.0},{"damage":9.0,"enemies":"Centurion and Healer","floor":30.0,"turns":3.0},{"damage":3.0,"enemies":"Cultist and Chosen","floor":31.0,"turns":4.0},{"damage":40.0,"enemies":"Automaton","floor":33.0,"turns":7.0},{"damage":6.0,"enemies":"3 Shapes","floor":35.0,"turns":3.0},{"damage":29.0,"enemies":"2 Orb Walkers","floor":36.0,"turns":4.0},{"damage":8.0,"enemies":"3 Darklings","floor":37.0,"turns":4.0},{"damage":0.0,"enemies":"Maw","floor":39.0,"turns":4.0},{"damage":14.0,"enemies":"Giant Head","floor":41.0,"turns":6.0},{"damage":21.0,"enemies":"Writhing Mass","floor":44.0,"turns":3.0},{"damage":1.0,"enemies":"Transient","floor":47.0,"turns":5.0},{"damage":6.0,"enemies":"3 Darklings","floor":48.0,"turns":2.0},{"damage":9,"enemies":"Donu and Deca","floor":50,"turns":5}],"seed_played":"9035721956448071149","potions_obtained":[{"floor":3.0,"key":"Energy Potion"},{"floor":7.0,"key":"BloodPotion"},{"floor":10.0,"key":"PowerPotion"},{"floor":18.0,"key":"Block Potion"},{"floor":21.0,"key":"SkillPotion"},{"floor":22.0,"key":"Block Potion"},{"floor":30.0,"key":"Block Potion"},{"floor":35.0,"key":"Fire Potion"},{"floor":39.0,"key":"Weak Potion"},{"floor":46.0,"key":"Ancient Potion"},{"floor":46.0,"key":"AttackPotion"},{"floor":47.0,"key":"Fire Potion"}],"is_trial":false,"path_per_floor":["M","?","M","?","?","R","E","M","T","E","T","R","M","E","R","B",null,"M","$","?","M","M","R","M","R","T","$","?","M","M","M","R","B",null,"M","?","M","$","M","R","E","R","T","M","R","?","M","M","R","B",null],"character_chosen":"IRONCLAD","items_purchased":["Centennial Puzzle","MawBank","Whirlwind"],"campfire_rested":2,"item_purchase_floors":[19,27,38],"current_hp_per_floor":[74,51,57,57,46,46,52,52,52,29,29,29,32,19,41,18,61,46,46,46,47,26,26,29,29,29,29,29,24,21,24,46,12,59,59,36,34,34,40,40,32,32,32,17,17,17,22,22,22,19],"gold":103,"neow_bonus":"THREE_ENEMY_KILL","is_prod":false,"is_daily":false,"chose_seed":false,"campfire_upgraded":8,"win_rate":0,"timestamp":1541859096,"path_taken":["M","?","M","?","?","R","E","M","T","E","?","R","M","E","R","BOSS","M","$","?","M","M","R","M","R","T","$","?","M","?","M","R","BOSS","M","?","M","$","M","R","E","R","T","M","R","?","?","M","R","BOSS"],"build_version":"2018-11-08","purchased_purges":3,"victory":true,"max_hp_per_floor":[75,75,75,75,75,75,75,75,75,75,75,75,75,75,75,75,75,75,75,75,75,75,75,75,75,75,75,75,75,75,75,75,75,75,75,75,75,75,75,75,75,75,75,75,75,75,75,75,75,75],"card_choices":[{"not_picked":["Clothesline","Battle Trance"],"picked":"Dropkick","floor":1.0},{"not_picked":["Flex","Entrench"],"picked":"Dropkick","floor":3.0},{"not_picked":["Feel No Pain","Sever Soul","Intimidate"],"picked":"SKIP","floor":7.0},{"not_picked":["Second Wind","Body Slam"],"picked":"Thunderclap","floor":8.0},{"not_picked":["Perfected Strike","Exhume+1","Entrench+1"],"picked":"SKIP","floor":10.0},{"not_picked":["Cleave","Bloodletting+1"],"picked":"Warcry+1","floor":13.0},{"not_picked":["Clash","Sentinel+1","Iron Wave"],"picked":"SKIP","floor":14.0},{"not_picked":["Bludgeon","Brutality"],"picked":"Demon Form","floor":16.0},{"not_picked":["Headbutt","Body Slam"],"picked":"True Grit+1","floor":18.0},{"not_picked":["Spot Weakness+1","Pommel Strike"],"picked":"Shrug It Off+1","floor":21.0},{"not_picked":["Armaments+1","Sword Boomerang","Inflame"],"picked":"SKIP","floor":22.0},{"not_picked":["Rage+1","Combust","Intimidate+1"],"picked":"SKIP","floor":24.0},{"not_picked":["Uppercut","Sever Soul"],"picked":"Heavy Blade","floor":29.0},{"not_picked":["Ghostly Armor+1","Havoc+1"],"picked":"Pummel","floor":30.0},{"not_picked":["Sever Soul+1","Pommel Strike+1","Perfected Strike"],"picked":"SKIP","floor":31.0},{"not_picked":["Demon Form","Impervious+1"],"picked":"Dark Embrace","floor":33.0},{"not_picked":["Pommel Strike+1","Anger"],"picked":"Shrug It Off+1","floor":35.0},{"not_picked":["Searing Blow","Clothesline"],"picked":"Warcry+1","floor":36.0},{"not_picked":["Clash+1","Armaments+1"],"picked":"Sentinel+1","floor":37.0},{"not_picked":["Pommel Strike","Clash+1"],"picked":"True Grit+1","floor":39.0},{"not_picked":["Cleave","Clash","Blood for Blood"],"picked":"SKIP","floor":41.0},{"not_picked":["Blood for Blood","Pommel Strike","Second Wind+1"],"picked":"SKIP","floor":44.0},{"not_picked":["Perfected Strike","Combust"],"picked":"Corruption","floor":47.0},{"not_picked":["Blood for Blood","Entrench+1","Feel No Pain"],"picked":"SKIP","floor":48.0}],"player_experience":835884,"relics_obtained":[{"floor":7.0,"key":"Blue Candle"},{"floor":9.0,"key":"Toxic Egg 2"},{"floor":10.0,"key":"Self Forming Clay"},{"floor":11.0,"key":"Red Skull"},{"floor":14.0,"key":"Orichalcum"},{"floor":26.0,"key":"Bottled Tornado"},{"floor":36.0,"key":"Incense Burner"},{"floor":41.0,"key":"Ancient Tea Set"},{"floor":43.0,"key":"Vajra"}],"event_choices":[{"damage_healed":0.0,"max_hp_gain":0.0,"max_hp_loss":0.0,"gold_gain":0.0,"event_name":"Shining Light","player_choice":"Entered Light","floor":2.0,"gold_loss":0.0,"damage_taken":23.0,"cards_upgraded":["Defend_R","Strike_R"]},{"damage_healed":0.0,"max_hp_gain":0.0,"max_hp_loss":0.0,"gold_gain":0.0,"event_name":"Liars Game","player_choice":"Ignored","floor":4.0,"gold_loss":0.0,"damage_taken":0.0},{"damage_healed":0.0,"max_hp_gain":0.0,"max_hp_loss":0.0,"gold_gain":75.0,"event_name":"World of Goop","player_choice":"Gather Gold","floor":5.0,"gold_loss":0.0,"damage_taken":11.0},{"damage_healed":0.0,"max_hp_gain":0.0,"max_hp_loss":0.0,"gold_gain":0.0,"event_name":"Addict","player_choice":"Obtained Relic","floor":20.0,"gold_loss":85.0,"damage_taken":0.0,"relics_obtained":["War Paint"]},{"damage_healed":0.0,"max_hp_gain":0.0,"max_hp_loss":0.0,"gold_gain":0.0,"cards_transformed":["Strike_R"],"event_name":"Transmorgrifier","player_choice":"Transformed","floor":28.0,"gold_loss":0.0,"damage_taken":0.0,"cards_obtained":["Evolve"]},{"damage_healed":0.0,"max_hp_gain":0.0,"max_hp_loss":0.0,"gold_gain":0.0,"event_name":"Mysterious Sphere","player_choice":"Fight","floor":36.0,"gold_loss":0.0,"damage_taken":0.0},{"damage_healed":0.0,"max_hp_gain":0.0,"max_hp_loss":0.0,"gold_gain":0.0,"event_name":"The Woman in Blue","player_choice":"Bought 2 Potions","floor":46.0,"gold_loss":0.0,"damage_taken":0.0}],"is_beta":false,"boss_relics":[{"not_picked":["Runic Dome","Mark of Pain"],"picked":"Philosopher\u0027s Stone"},{"not_picked":["Orrery","Calling Bell"],"picked":"Coffee Dripper"}],"items_purged_floors":[19,27,38],"is_endless":false,"potions_floor_spawned":[3,7,10,18,21,22,30,31,35,39,47],"ascension_level":15}