{"gold_per_floor":[116,130,150,225,225,225,254,254,330,345,356,368,368,395,395,474,524,538,550,510,9,23,57,57,83,95,139,171,98,61,72,72,72],"floor_reached":33,"playtime":1723,"items_purged":[],"score":523,"play_id":"e09d80ab-d472-4ffe-9a6c-13fb468101b3","local_time":"20190114162446","is_ascension_mode":true,"campfire_choices":[{"floor":6,"key":"REST"},{"floor":8,"key":"REST"},{"floor":13,"key":"REST"},{"floor":15,"key":"REST"},{"floor":24,"key":"REST"},{"floor":32,"key":"REST"}],"neow_cost":"NONE","seed_source_timestamp":10705746836888,"circlet_count":0,"master_deck":["AscendersBane","Defend_G","Defend_G","Defend_G+1","Defend_G","Defend_G","Strike_G+1","Strike_G+1","Strike_G+1","Strike_G+1","Strike_G","Survivor+1","Neutralize","Poisoned Stab","Leg Sweep","Backflip","Dodge and Roll","Predator+1","Flying Knee+1","All Out Attack+1","Cloak And Dagger+1","Corpse Explosion","Flying Knee+1","Cloak And Dagger+1","Caltrops+1","Dash+1","Crippling Poison","Slice+1","Dash+1","Escape Plan","Predator+1"],"relics":["Black Star","Bag of Marbles","Pen Nib","Molten Egg 2","Bird Faced Urn","Vajra","Tiny House","ClockworkSouvenir","Art of War","Boot","War Paint","Juzu Bracelet","Frozen Egg 2","MawBank","Question Card","Dream Catcher","Bag of Preparation","Paper Crane"],"potions_floor_usage":[7,14,14,22,25,25,31,33],"damage_taken":[{"damage":5,"enemies":"Cultist","floor":1,"turns":5},{"damage":8,"enemies":"Jaw Worm","floor":2,"turns":5},{"damage":2,"enemies":"Small Slimes","floor":3,"turns":4},{"damage":28,"enemies":"Lagavulin","floor":7,"turns":10},{"damage":11,"enemies":"Gremlin Gang","floor":10,"turns":6},{"damage":1,"enemies":"Blue Slaver","floor":11,"turns":4},{"damage":6,"enemies":"Exordium Thugs","floor":12,"turns":5},{"damage":12,"enemies":"Gremlin Nob","floor":14,"turns":3},{"damage":30,"enemies":"The Guardian","floor":16,"turns":10},{"damage":1,"enemies":"Chosen","floor":18,"turns":4},{"damage":6,"enemies":"2 Thieves","floor":19,"turns":2},{"damage":0,"enemies":"Sentry and Sphere","floor":22,"turns":3},{"damage":33,"enemies":"Book of Stabbing","floor":23,"turns":6},{"damage":11,"enemies":"Slavers","floor":25,"turns":5},{"damage":26,"enemies":"Gremlin Leader","floor":27,"turns":8},{"damage":2,"enemies":"Snake Plant","floor":28,"turns":4},{"damage":0,"enemies":"Snecko","floor":31,"turns":4},{"damage":39,"enemies":"Champ","floor":33,"turns":9}],"seed_played":"-8696620225202366847","potions_obtained":[{"floor":2,"key":"GamblersBrew"},{"floor":7,"key":"SteroidPotion"},{"floor":10,"key":"Weak Potion"},{"floor":17,"key":"Poison Potion"},{"floor":22,"key":"Fire Potion"},{"floor":23,"key":"LiquidBronze"},{"floor":28,"key":"AttackPotion"}],"is_trial":false,"path_per_floor":["M","M","M","?","?","R","E","R","T","M","M","M","R","E","R","B",null,"M","M","?","$","M","E","R","E","T","E","M","?","$","M","R","B"],"character_chosen":"THE_SILENT","items_purchased":["ClockworkSouvenir","Art of War","Boot","FearPotion"],"campfire_rested":6,"item_purchase_floors":[21,21,21,30],"current_hp_per_floor":[58,50,48,37,23,44,16,37,37,26,25,19,40,28,49,19,62,61,55,55,55,55,24,46,37,37,13,11,11,11,13,35,0],"gold":72,"neow_bonus":"BOSS_RELIC","is_prod":false,"is_daily":false,"chose_seed":false,"campfire_upgraded":0,"win_rate":0,"timestamp":1547475886,"path_taken":["M","M","M","?","?","R","E","R","T","M","M","M","R","E","R","BOSS","M","M","?","$","?","E","R","E","T","E","M","?","?","M","R","BOSS"],"build_version":"2019-01-10","purchased_purges":0,"victory":false,"max_hp_per_floor":[70,70,70,70,70,70,70,70,70,70,70,70,70,70,70,70,75,75,75,75,75,75,75,75,75,75,75,75,75,75,75,75,75],"card_choices":[{"not_picked":["Blade Dance","Acrobatics"],"picked":"Poisoned Stab","floor":1},{"not_picked":["Dodge and Roll","Bane"],"picked":"Leg Sweep","floor":2},{"not_picked":["Sucker Punch","Masterful Stab"],"picked":"Backflip","floor":3},{"not_picked":["Blade Dance","Skewer"],"picked":"Dodge and Roll","floor":7},{"not_picked":["Blade Dance","Storm of Steel"],"picked":"Predator+1","floor":10},{"not_picked":["Outmaneuver","Catalyst"],"picked":"Flying Knee+1","floor":11},{"not_picked":["Caltrops","Calculated Gamble"],"picked":"All Out Attack+1","floor":12},{"not_picked":["Accuracy","Flying Knee+1"],"picked":"Cloak And Dagger","floor":14},{"not_picked":["Glass Knife+1","Burst"],"picked":"Corpse Explosion","floor":16},{"not_picked":["Concentrate","Eviscerate+1"],"picked":"Flying Knee+1","floor":17},{"not_picked":["Outmaneuver+1","Accuracy","Finisher+1"],"picked":"SKIP","floor":18},{"not_picked":["Deadly Poison","Backflip"],"picked":"Cloak And Dagger+1","floor":19},{"not_picked":["Leg Sweep","Heel Hook+1"],"picked":"Caltrops+1","floor":22},{"not_picked":["Dagger Spray+1","Setup"],"picked":"Dash+1","floor":23},{"not_picked":["Bane+1","Accuracy"],"picked":"Crippling Poison","floor":25},{"not_picked":["Deflect","Outmaneuver","Unload+1"],"picked":"Slice+1","floor":27},{"not_picked":["Endless Agony+1","Tactician","Sucker Punch+1"],"picked":"Dash+1","floor":28},{"not_picked":["Prepared","Blur","Choke+1"],"picked":"Escape Plan","floor":31},{"not_picked":["Eviscerate+1","Blur","Underhanded Strike+1"],"picked":"Predator+1","floor":32}],"player_experience":276419,"relics_obtained":[{"floor":7,"key":"Bag of Marbles"},{"floor":7,"key":"Pen Nib"},{"floor":9,"key":"Molten Egg 2"},{"floor":14,"key":"Bird Faced Urn"},{"floor":14,"key":"Vajra"},{"floor":23,"key":"War Paint"},{"floor":23,"key":"Juzu Bracelet"},{"floor":25,"key":"Frozen Egg 2"},{"floor":25,"key":"MawBank"},{"floor":26,"key":"Question Card"},{"floor":27,"key":"Dream Catcher"},{"floor":27,"key":"Bag of Preparation"}],"event_choices":[{"damage_healed":0,"gold_gain":75,"player_choice":"Gather Gold","damage_taken":11,"max_hp_gain":0,"max_hp_loss":0,"event_name":"World of Goop","floor":4,"gold_loss":0},{"damage_healed":0,"gold_gain":0,"player_choice":"Entered Light","damage_taken":14,"max_hp_gain":0,"max_hp_loss":0,"event_name":"Shining Light","floor":5,"gold_loss":0,"cards_upgraded":["Strike_G","Strike_G"]},{"damage_healed":0,"gold_gain":0,"player_choice":"Upgraded Two","damage_taken":0,"max_hp_gain":0,"max_hp_loss":0,"event_name":"Designer","floor":20,"gold_loss":40,"cards_upgraded":["Cloak And Dagger","Strike_G"]},{"damage_healed":0,"gold_gain":0,"player_choice":"Obtained Relic","damage_taken":0,"relics_obtained":["Paper Crane"],"max_hp_gain":0,"max_hp_loss":0,"event_name":"Addict","floor":29,"gold_loss":85}],"is_beta":false,"boss_relics":[{"not_picked":["Astrolabe","Coffee Dripper"],"picked":"Tiny House"}],"items_purged_floors":[],"is_endless":false,"potions_floor_spawned":[2,7,10,22,23,28],"killed_by":"Champ","ascension_level":13}