{"path_per_floor":["M","?","?","T","$","R","E","M","T","R","M","E","M","M","R","B",null,"M","$","M","?","$"],"character_chosen":"IRONCLAD","items_purchased":["Rupture","Reaper","Poison Potion"],"gold_per_floor":[110,110,110,140,28,28,54,74,99,99,118,147,164,178,178,281,281,297,41,55,55,4],"floor_reached":23,"campfire_rested":0,"playtime":2357,"current_hp_per_floor":[69,69,69,69,69,69,62,60,60,60,66,44,50,55,55,24,64,54,54,56,56,56],"items_purged":["Strike_R","Strike_R"],"gold":4,"play_id":"12d6a546-08ab-49f0-924d-d15c4cae3d07","is_prod":false,"is_daily":false,"is_ascension_mode":true,"campfire_upgraded":3,"path_taken":["M","?","?","?","$","R","E","M","T","R","M","E","?","M","R","BOSS","M","$","M","?","?","E"],"build_version":"2018-02-01-PROD3","purchased_purges":2,"victory":false,"master_deck":["Strike_R","Strike_R","Defend_R","Defend_R","Defend_R","Defend_R","Bash+1","Cleave","Rupture","Blood for Blood","Iron Wave+1","True Grit+1","Spot Weakness","Offering","Cleave+1","Reaper","Armaments+1"],"max_hp_per_floor":[80,77,77,77,77,77,77,77,77,77,77,77,77,77,77,77,77,77,77,77,77,77],"relics":["Burning Blood","Tiny Chest","Bag of Marbles","Lantern","Paper Frog","Velvet Choker"],"card_choices":[{"not_picked":["Fire Breathing","Corruption"],"picked":"Cleave"},{"not_picked":["Twin Strike","Sword Boomerang"],"picked":"Blood for Blood"},{"not_picked":["Anger","Searing Blow"],"picked":"Iron Wave"},{"not_picked":["Exhume","Rampage"],"picked":"True Grit"},{"not_picked":["Flex","Sentinel"],"picked":"Spot Weakness"},{"not_picked":["Demon Form","Dark Embrace"],"picked":"Offering"},{"not_picked":["Pommel Strike","Havoc"],"picked":"Cleave"},{"not_picked":["Shrug It Off","Hemokinesis"],"picked":"Armaments"}],"player_experience":634677,"potions_floor_usage":[7,7,12,13,16,18,23],"damage_taken":[{"damage":9,"enemies":"Small Slimes","floor":1,"turns":4},{"damage":28,"enemies":"3 Sentries","floor":7,"turns":10},{"damage":8,"enemies":"2 Louse","floor":8,"turns":3},{"damage":0,"enemies":"Jaw Worm","floor":11,"turns":2},{"damage":28,"enemies":"Lagavulin","floor":12,"turns":6},{"damage":0,"enemies":"2 Fungi Beasts","floor":13,"turns":2},{"damage":1,"enemies":"Looter","floor":14,"turns":3},{"damage":52,"enemies":"The Guardian","floor":16,"turns":11},{"damage":16,"enemies":"Spheric Guardian","floor":18,"turns":5},{"damage":4,"enemies":"Chosen","floor":20,"turns":2},{"damage":78,"enemies":"Gremlin Leader","floor":23,"turns":7}],"event_choices":[{"event_name":"Living Wall","player_choice":"Forget","floor":2,"damage_taken":0},{"event_name":"Liars Game","player_choice":"disagreed","floor":3,"damage_taken":0},{"event_name":"Back to Basics","player_choice":"Elegance","floor":21,"damage_taken":0}],"boss_relics":[{"not_picked":["Pandora\u0027s Box","Mark of Pain"],"picked":"Velvet Choker"}],"potions_floor_spawned":[1,11,13,14],"seed_played":"-4648040479015584191","killed_by":"Gremlin Leader","ascension_level":10,"is_trial":false}