{"gold_per_floor":[119,149,164,164,164,164,184,184,184,227,247,63,78,91,91,220,220,240,240,240,256,256,256,296,296,346,346,385,55,55,75,75,196,196,215,215,230,104,129,162,195,195,218,50,94,129,165,177,189,201],"floor_reached":51,"playtime":4234,"items_purged":["Regret"],"score":1108,"play_id":"ebfd55f4-3b2e-479d-8030-8154cf7c0b05","local_time":"20181209172241","is_ascension_mode":true,"campfire_choices":[{"data":"Neutralize","floor":6,"key":"SMITH"},{"data":"Backstab","floor":8,"key":"SMITH"},{"floor":15,"key":"REST"},{"data":"Adrenaline","floor":23,"key":"SMITH"},{"data":"Adrenaline","floor":27,"key":"SMITH"},{"data":"Backstab","floor":30,"key":"SMITH"},{"data":"Storm of Steel","floor":32,"key":"SMITH"},{"data":"After Image","floor":42,"key":"SMITH"},{"floor":49,"key":"REST"}],"neow_cost":"NONE","seed_source_timestamp":1361214206060213,"circlet_count":0,"master_deck":["Defend_G+1","Defend_G+1","Defend_G+1","Defend_G+1","Defend_G+1","Strike_G+1","Strike_G+1","Strike_G+1","Strike_G+1","Strike_G+1","Survivor+1","Neutralize+1","Backflip+1","Backflip+1","Backstab+1","Adrenaline+1","Well Laid Plans+1","Blur+1","Blade Dance+1","Accuracy+1","Adrenaline+1","Ghostly+1","Ghostly+1","Ghostly+1","Ghostly+1","Ghostly+1","Cloak And Dagger+1","Accuracy+1","Backstab+1","Storm of Steel+1","Venomology+1","After Image+1","Accuracy+1","Outmaneuver+1","Calculated Gamble+1"],"special_seed":0,"relics":["Ring of the Snake","NeowsBlessing","Tiny Chest","Golden Idol","Question Card","Singing Bowl","Dead Branch","WristBlade","Pear","Oddly Smooth Stone","Anchor","The Courier","Shuriken","Pen Nib","Lizard Tail","Vajra","WingedGreaves","Gremlin Horn","Snake Skull","TwistedFunnel","MawBank","Blood Vial","Mark of the Bloom"],"potions_floor_usage":[10,11,16,31,40,41,45,45,45,50,50,50],"damage_taken":[{"damage":0,"enemies":"2 Louse","floor":1,"turns":1},{"damage":0,"enemies":"Jaw Worm","floor":3,"turns":1},{"damage":0,"enemies":"Cultist","floor":7,"turns":1},{"damage":26,"enemies":"Gremlin Nob","floor":10,"turns":4},{"damage":20,"enemies":"Large Slime","floor":11,"turns":8},{"damage":0,"enemies":"3 Louse","floor":13,"turns":2},{"damage":0,"enemies":"Blue Slaver","floor":14,"turns":3},{"damage":17,"enemies":"The Guardian","floor":16,"turns":16},{"damage":0,"enemies":"2 Thieves","floor":18,"turns":3},{"damage":4,"enemies":"Chosen","floor":21,"turns":5},{"damage":0,"enemies":"Gremlin Leader","floor":24,"turns":6},{"damage":3,"enemies":"Slavers","floor":28,"turns":6},{"damage":14,"enemies":"Snake Plant","floor":31,"turns":2},{"damage":1,"enemies":"Champ","floor":33,"turns":5},{"damage":1,"enemies":"Orb Walker","floor":35,"turns":3},{"damage":8,"enemies":"3 Shapes","floor":37,"turns":2},{"damage":0,"enemies":"3 Darklings","floor":39,"turns":2},{"damage":6,"enemies":"Giant Head","floor":40,"turns":6},{"damage":1,"enemies":"Reptomancer","floor":41,"turns":6},{"damage":1,"enemies":"Giant Head","floor":45,"turns":5},{"damage":0,"enemies":"Jaw Worm Horde","floor":47,"turns":2},{"damage":0,"enemies":"Awakened One","floor":50,"turns":6}],"seed_played":"8709047383727813749","potions_obtained":[{"floor":7,"key":"Fire Potion"},{"floor":10,"key":"LiquidBronze"},{"floor":13,"key":"Weak Potion"},{"floor":18,"key":"Strength Potion"},{"floor":21,"key":"SneckoOil"},{"floor":33,"key":"Block Potion"},{"floor":40,"key":"Energy Potion"},{"floor":41,"key":"EssenceOfSteel"},{"floor":47,"key":"Weak Potion"}],"is_trial":false,"path_per_floor":["M","?","M","?","T","R","M","R","T","E","M","$","M","M","R","B",null,"M","T","?","M","$","R","E","?","T","R","E","$","R","M","R","B",null,"M","?","M","$","M","E","E","R","T","$","E","T","M","?","R","B",null],"character_chosen":"THE_SILENT","items_purchased":["Well Laid Plans","Blur","Shuriken","Pen Nib","Vajra","TwistedFunnel"],"campfire_rested":2,"item_purchase_floors":[12,12,29,29,38,44],"current_hp_per_floor":[70,70,70,65,65,65,65,65,65,39,19,19,19,19,38,21,54,56,66,38,34,34,34,34,34,34,34,33,33,33,19,19,18,35,36,36,28,28,30,24,25,25,25,25,24,24,26,26,26,26],"gold":213,"neow_bonus":"THREE_ENEMY_KILL","is_prod":false,"is_daily":false,"chose_seed":false,"campfire_upgraded":7,"win_rate":0,"timestamp":1544394161,"path_taken":["M","?","M","?","?","R","M","R","T","E","M","?","M","M","R","BOSS","M","?","?","M","$","R","E","?","T","R","E","$","R","M","R","BOSS","M","?","M","$","M","E","E","R","T","$","E","?","?","?","R","BOSS"],"build_version":"2018-12-06","purchased_purges":1,"victory":true,"max_hp_per_floor":[70,70,70,65,65,65,65,65,65,65,65,65,65,65,65,65,65,67,77,38,38,38,38,38,38,38,38,40,40,40,40,40,40,40,42,42,42,42,44,44,46,46,46,46,46,46,46,46,46,46],"card_choices":[{"not_picked":["Slice","Endless Agony"],"picked":"Backflip","floor":1},{"not_picked":["Calculated Gamble","Acrobatics"],"picked":"Backflip","floor":3},{"not_picked":["Cloak And Dagger","Quick Slash","Dagger Spray"],"picked":"Backstab","floor":7},{"not_picked":["Prepared","Dagger Spray","Slice"],"picked":"Adrenaline","floor":10},{"not_picked":["Dagger Throw","Dagger Spray","Reflex"],"picked":"Accuracy","floor":11},{"not_picked":["Flying Knee","Backflip","Sucker Punch"],"picked":"Blade Dance","floor":13},{"not_picked":["Setup","Flying Knee","Backflip"],"picked":"Accuracy","floor":14},{"not_picked":["Glass Knife","Grand Finale","Die Die Die"],"picked":"Adrenaline","floor":16},{"not_picked":["Heel Hook","Acrobatics","Deadly Poison","Backflip"],"picked":"Singing Bowl","floor":18},{"not_picked":["Deflect","Sucker Punch+1","Catalyst"],"picked":"Cloak And Dagger","floor":21},{"not_picked":["Reflex+1","Skewer","Poisoned Stab"],"picked":"Accuracy","floor":24},{"not_picked":["PiercingWail+1","Tactician","Cloak And Dagger","Deadly Poison"],"picked":"Singing Bowl","floor":28},{"not_picked":["All Out Attack","Outmaneuver+1","Bouncing Flask"],"picked":"Storm of Steel","floor":31},{"not_picked":["Doppelganger","Burst","Wraith Form v2"],"picked":"Venomology","floor":33},{"not_picked":["Catalyst","Deadly Poison","Eviscerate+1","Underhanded Strike"],"picked":"Singing Bowl","floor":35},{"not_picked":["Underhanded Strike","Sucker Punch+1","Escape Plan"],"picked":"After Image","floor":37},{"not_picked":["Dodge and Roll+1","Setup+1","Bane+1","Heel Hook+1"],"picked":"Singing Bowl","floor":39},{"not_picked":["Heel Hook","Dagger Spray+1","Underhanded Strike+1"],"picked":"Accuracy","floor":40},{"not_picked":["Masterful Stab+1","Deflect+1","Prepared+1","Calculated Gamble"],"picked":"Singing Bowl","floor":41},{"not_picked":["Dash","Bouncing Flask+1","Sucker Punch+1"],"picked":"Outmaneuver+1","floor":45},{"not_picked":["Quick Slash","Deflect+1","Unload"],"picked":"Calculated Gamble","floor":47}],"player_experience":288133,"relics_obtained":[{"floor":5,"key":"Question Card"},{"floor":9,"key":"Singing Bowl"},{"floor":10,"key":"Dead Branch"},{"floor":19,"key":"Pear"},{"floor":24,"key":"Oddly Smooth Stone"},{"floor":26,"key":"Anchor"},{"floor":28,"key":"The Courier"},{"floor":40,"key":"WingedGreaves"},{"floor":41,"key":"Gremlin Horn"},{"floor":43,"key":"Snake Skull"},{"floor":45,"key":"MawBank"},{"floor":46,"key":"Blood Vial"}],"event_choices":[{"damage_healed":0,"gold_gain":0,"player_choice":"Box","damage_taken":0,"relics_obtained":["Tiny Chest"],"max_hp_gain":0,"max_hp_loss":0,"event_name":"Big Fish","floor":2,"gold_loss":0,"cards_obtained":["Regret"]},{"damage_healed":0,"gold_gain":0,"player_choice":"Lose Max HP","damage_taken":0,"relics_obtained":["Golden Idol"],"max_hp_gain":0,"max_hp_loss":5,"event_name":"Golden Idol","floor":4,"gold_loss":0},{"damage_healed":0,"gold_gain":0,"player_choice":"Became a Ghost","damage_taken":0,"max_hp_gain":0,"max_hp_loss":39,"event_name":"Ghosts","floor":20,"gold_loss":0,"cards_obtained":["Ghostly","Ghostly","Ghostly","Ghostly","Ghostly"]},{"damage_healed":0,"gold_gain":0,"player_choice":"Read","damage_taken":0,"max_hp_gain":0,"max_hp_loss":0,"event_name":"The Library","floor":25,"gold_loss":0,"cards_obtained":["Backstab"]},{"cards_removed":["Accuracy"],"damage_healed":0,"gold_gain":0,"player_choice":"Removed Power","damage_taken":0,"max_hp_gain":0,"max_hp_loss":0,"event_name":"Falling","floor":36,"gold_loss":0},{"damage_healed":0,"gold_gain":0,"player_choice":"Upgrade","damage_taken":0,"relics_obtained":["Mark of the Bloom"],"max_hp_gain":0,"max_hp_loss":0,"event_name":"MindBloom","floor":48,"gold_loss":0,"cards_upgraded":["Defend_G","Defend_G","Defend_G","Defend_G","Defend_G","Strike_G","Strike_G","Strike_G","Strike_G","Strike_G","Survivor","Backflip","Backflip","Well Laid Plans","Blur","Blade Dance","Accuracy","Ghostly","Ghostly","Ghostly","Ghostly","Ghostly","Cloak And Dagger","Accuracy","Venomology","Accuracy","Calculated Gamble"]}],"is_beta":false,"boss_relics":[{"not_picked":["Orrery","Velvet Choker"],"picked":"WristBlade"},{"not_picked":["Snecko Eye","Coffee Dripper"],"picked":"Lizard Tail"}],"items_purged_floors":[12],"is_endless":false,"potions_floor_spawned":[7,10,13,18,21,33,40,41,47],"ascension_level":5}