{"path_per_floor":["M","?","$","$","M","R","M","R","T","M","$","E","M","M","R","B",null,"M","?","?","$","M","R","?","M","T","$","M","M","R","M","R","B",null,"M","M","$","?","M","R","?","R","T","M","R","M","M","?","R","B"],"character_chosen":"IRONCLAD","items_purchased":["Whirlwind","Lantern","Shockwave"],"gold_per_floor":[113,363,218,64,84,84,94,94,117,127,27,58,76,96,96,193,193,211,211,211,86,103,103,28,38,118,43,57,75,75,86,86,191,191,203,222,72,72,87,87,87,87,87,101,101,116,127,127,127,127],"floor_reached":51,"campfire_rested":3,"playtime":2726,"current_hp_per_floor":[80,80,80,80,71,71,68,68,68,56,56,48,48,35,59,24,80,60,60,60,60,50,50,50,63,63,63,73,73,73,80,80,22,80,47,36,36,36,20,44,44,44,44,30,54,62,48,68,68,55],"items_purged":["Regret","Combust","Clash","Injury"],"gold":127,"play_id":"f287cf55-cc21-4eda-94cf-1813c91380e6","is_prod":false,"is_daily":false,"campfire_rituals":0,"campfire_upgraded":5,"is_hardmode":false,"path_taken":["M","?","?","$","M","R","M","R","T","M","$","E","M","M","R","BOSS","M","?","?","$","M","R","?","M","T","?","M","M","R","M","R","BOSS","M","M","$","?","M","R","?","R","T","M","R","M","M","?","R","BOSS"],"build_version":"2018-01-18-PROD4","purchased_purges":5,"victory":true,"master_deck":["Bash","Pommel Strike","Twin Strike","Warcry","Warcry","Havoc","Iron Wave","Clothesline","Whirlwind","Spot Weakness","Reaper","Headbutt","Offering","Flame Barrier","Flame Barrier","Shockwave","Searing Blow","Barricade","Reaper","Doubt","Parasite","Carnage","Demon Form","Seeing Red","Warcry","Writhe"],"max_hp_per_floor":[80,80,80,80,80,80,80,80,80,80,80,80,80,80,80,80,80,80,80,80,80,80,80,80,80,80,80,80,80,80,80,80,80,80,80,80,80,80,80,80,80,80,80,80,80,80,80,80,80,80],"relics":["Lantern","Prayer Wheel","Juzu Bracelet","Snecko Eye","Nloth\u0027s Gift","Letter Opener","Calling Bell","Girya","Orichalcum","Ginger","Paper Frog"],"campfire_meditates":0,"card_choices":[{"not_picked":["Infernal Blade","Pommel Strike"],"picked":"Clothesline"},{"not_picked":["Wild Strike","Hemokinesis"],"picked":"Spot Weakness"},{"not_picked":["Clothesline","Juggernaut"],"picked":"Reaper"},{"not_picked":["Blood for Blood","Flame Barrier"],"picked":"Headbutt"},{"not_picked":["Feed","Juggernaut"],"picked":"Offering"},{"not_picked":["Hemokinesis","Intimidate"],"picked":"Flame Barrier"},{"not_picked":["Cleave","Perfected Strike"],"picked":"Flame Barrier"},{"not_picked":["Iron Wave","Flex"],"picked":"Searing Blow"},{"not_picked":["Inflame","Evolve"],"picked":"Barricade"},{"not_picked":["Dark Embrace","Exhume"],"picked":"Reaper"},{"not_picked":["Anger","Power Through"],"picked":"Carnage"},{"not_picked":["Hemokinesis","Body Slam"],"picked":"Heavy Blade"},{"not_picked":["Headbutt","Shrug It Off"],"picked":"Demon Form"},{"not_picked":["Iron Wave","Cleave"],"picked":"Seeing Red"},{"not_picked":["Blood for Blood","Rage"],"picked":"Warcry"}],"player_experience":141346,"potions_floor_usage":[12,16,18,33,35,39,39,50],"damage_taken":[{"damage":0,"enemies":"Cultist","floor":1,"turns":2},{"damage":9,"enemies":"Blue Slaver","floor":5,"turns":3},{"damage":3,"enemies":"Jaw Worm","floor":7,"turns":2},{"damage":12,"enemies":"Exordium Thugs","floor":10,"turns":2},{"damage":8,"enemies":"Lagavulin","floor":12,"turns":3},{"damage":0,"enemies":"2 Fungi Beasts","floor":13,"turns":1},{"damage":13,"enemies":"Red Slaver","floor":14,"turns":2},{"damage":35,"enemies":"The Guardian","floor":16,"turns":5},{"damage":20,"enemies":"2 Thieves","floor":18,"turns":2},{"damage":16,"enemies":"Shell Parasite","floor":22,"turns":2},{"damage":4,"enemies":"Centurion and Healer","floor":25,"turns":3},{"damage":8,"enemies":"3 Cultists","floor":28,"turns":3},{"damage":0,"enemies":"Snake Plant","floor":29,"turns":2},{"damage":0,"enemies":"Sentry and Sphere","floor":31,"turns":3},{"damage":68,"enemies":"Automaton","floor":33,"turns":7},{"damage":33,"enemies":"3 Shapes","floor":35,"turns":4},{"damage":11,"enemies":"Orb Walker","floor":36,"turns":3},{"damage":16,"enemies":"Maw","floor":39,"turns":7},{"damage":14,"enemies":"4 Shapes","floor":44,"turns":1},{"damage":9,"enemies":"3 Darklings","floor":46,"turns":3},{"damage":41,"enemies":"Sphere and 2 Shapes","floor":47,"turns":4},{"damage":47,"enemies":"Awakened One","floor":50,"turns":9}],"event_choices":[{"event_name":"Golden Shrine","player_choice":"Desecrate","floor":2,"damage_taken":0},{"event_name":"The Lab","player_choice":"Got Potions","floor":19,"damage_taken":0},{"event_name":"N\u0027loth","player_choice":"Traded a Pandora\u0027s Box","floor":20,"damage_taken":0},{"event_name":"Beggar","player_choice":"Gave Gold","floor":24,"damage_taken":0},{"event_name":"Mysterious Sphere","player_choice":"Ignore","floor":38,"damage_taken":0},{"event_name":"Winding Halls","player_choice":"Writhe","floor":48,"damage_taken":0}],"boss_relics":[{"not_picked":["Sozu","Velvet Choker"],"picked":"Snecko Eye"},{"not_picked":["White Beast Statue","Runic Pyramid"],"picked":"Calling Bell"}],"potions_floor_spawned":[5,7,13,14,25,29,31,36,39],"seed_played":"676438496324583191","is_trial":false}