{"gold_per_floor":[119,6,6,6,17,44,44,70,70,100,100,120,120,137,137,235,235,246,246,264,282,282,282,299,329,329,249,263,223,253,39,39,144,194,207,225,241,463,2,2,102,102,125,125,125,5,5,35,35,35],"floor_reached":51,"playtime":2666,"items_purged":["Strike_B","Defend_B","Defend_B","Meteor Strike"],"score":912,"play_id":"7be98fd5-9f08-4e6e-a984-c4215740e9f7","local_time":"20181031021230","is_ascension_mode":true,"campfire_choices":[{"data":"Defragment","floor":7,"key":"SMITH"},{"data":"Creative AI","floor":11,"key":"SMITH"},{"floor":13,"key":"REST"},{"data":"Defragment","floor":15,"key":"SMITH"},{"data":"Thunder Strike","floor":23,"key":"SMITH"},{"floor":32,"key":"REST"},{"data":"Loop","floor":40,"key":"SMITH"},{"data":"Loop","floor":42,"key":"SMITH"},{"floor":49,"key":"REST"}],"neow_cost":"NONE","seed_source_timestamp":1808276966406638,"circlet_count":0,"master_deck":["Strike_B+1","Zap","Dualcast","Hologram","Defragment+1","Tempest","Chill","Conserve Battery","Defragment+1","Seek","Ball Lightning","Static Discharge+1","BootSequence","Coolheaded","Genetic Algorithm","Self Repair","Coolheaded","White Noise","Thunder Strike+1","Coolheaded+1","Electrodynamics","Loop+1","Conserve Battery","Static Discharge","Lockon","Thunder Strike+1","Loop+1","Coolheaded+1","Stack","Static Discharge","Leap","Finesse","Madness","Madness","Glacier+1"],"relics":["Cracked Core","NeowsBlessing","Darkstone Periapt","Bottled Flame","Pen Nib","Matryoshka","Orrery","Bottled Tornado","Ancient Tea Set","Gremlin Horn","Red Mask","Tiny House","Whetstone","Du-Vu Doll","Potion Belt","Lantern","The Courier","Boot"],"potions_floor_usage":[24,25,33,50,50],"damage_taken":[{"damage":0,"enemies":"Jaw Worm","floor":1,"turns":1},{"damage":0,"enemies":"Small Slimes","floor":5,"turns":1},{"damage":0,"enemies":"3 Sentries","floor":6,"turns":1},{"damage":29,"enemies":"Lagavulin","floor":8,"turns":6},{"damage":10,"enemies":"3 Sentries","floor":10,"turns":16},{"damage":5,"enemies":"2 Louse","floor":12,"turns":4},{"damage":0,"enemies":"Large Slime","floor":14,"turns":4},{"damage":30,"enemies":"Slime Boss","floor":16,"turns":10},{"damage":21,"enemies":"Spheric Guardian","floor":18,"turns":5},{"damage":22,"enemies":"Chosen","floor":20,"turns":4},{"damage":12,"enemies":"Snake Plant","floor":21,"turns":3},{"damage":19,"enemies":"Cultist and Chosen","floor":24,"turns":7},{"damage":36,"enemies":"Book of Stabbing","floor":25,"turns":6},{"damage":18,"enemies":"3 Cultists","floor":28,"turns":3},{"damage":13,"enemies":"Masked Bandits","floor":30,"turns":3},{"damage":21,"enemies":"Automaton","floor":33,"turns":8},{"damage":8,"enemies":"3 Shapes","floor":35,"turns":3},{"damage":8,"enemies":"Orb Walker","floor":36,"turns":6},{"damage":13,"enemies":"Sphere and 2 Shapes","floor":37,"turns":3},{"damage":3,"enemies":"Mind Bloom Boss Battle","floor":41,"turns":6},{"damage":23,"enemies":"Nemesis","floor":48,"turns":7},{"damage":41,"enemies":"Donu and Deca","floor":50,"turns":6}],"seed_played":"-8438550480377943630","potions_obtained":[{"floor":5,"key":"SteroidPotion"},{"floor":10,"key":"FocusPotion"},{"floor":12,"key":"Fire Potion"},{"floor":14,"key":"Strength Potion"},{"floor":24,"key":"Weak Potion"},{"floor":33,"key":"Block Potion"},{"floor":34,"key":"Strength Potion"},{"floor":41,"key":"Block Potion"},{"floor":48,"key":"Dexterity Potion"}],"is_trial":false,"path_per_floor":["M","$","?","?","M","E","R","E","T","E","R","M","R","M","R","B",null,"M","?","M","M","?","R","M","E","T","$","M","?","?","$","R","B",null,"M","M","M","?","$","R","?","R","T","?","T","$","?","E","R","B"],"character_chosen":"DEFECT","items_purchased":["Defragment","Loop","Static Discharge","Lockon","Static Discharge","Leap","Whetstone","Finesse"],"campfire_rested":3,"item_purchase_floors":[2,27,31,31,39,39,39,39],"current_hp_per_floor":[75,75,68,73,73,73,73,44,44,34,34,29,53,53,53,23,80,59,59,44,39,90,90,78,49,49,49,31,31,18,18,45,24,95,87,79,66,66,66,66,70,70,70,70,70,70,58,42,70,29],"gold":35,"neow_bonus":"THREE_ENEMY_KILL","is_prod":false,"is_daily":false,"chose_seed":false,"campfire_upgraded":6,"win_rate":0,"timestamp":1540966350,"path_taken":["M","$","?","?","M","E","R","E","T","E","R","M","R","M","R","BOSS","M","?","?","M","?","R","M","E","T","$","?","?","?","$","R","BOSS","M","?","M","?","$","R","?","R","T","?","?","$","?","E","R","BOSS"],"build_version":"2018-10-25v2","purchased_purges":4,"victory":true,"max_hp_per_floor":[75,75,75,80,80,80,80,80,80,80,80,80,80,80,80,80,80,80,80,80,80,90,90,90,90,90,90,90,90,90,90,90,90,95,95,95,95,95,95,95,95,95,95,95,95,95,95,95,95,95],"card_choices":[{"not_picked":["Leap","Undo"],"picked":"Hologram","floor":1},{"not_picked":["Compile Driver","Gash"],"picked":"Tempest","floor":5},{"not_picked":["Compile Driver","Undo"],"picked":"Chill","floor":6},{"not_picked":["Fusion","Steam"],"picked":"Conserve Battery","floor":8},{"not_picked":["Force Field","Turbo"],"picked":"Creative AI","floor":10},{"not_picked":["Conserve Battery","Rebound"],"picked":"Defragment","floor":12},{"not_picked":["Leap","Cold Snap","Steam"],"picked":"SKIP","floor":14},{"not_picked":["Reboot","Hyperbeam"],"picked":"Seek","floor":16},{"not_picked":["Turbo","Streamline"],"picked":"Ball Lightning","floor":17},{"not_picked":["Lockon","Stack"],"picked":"Static Discharge","floor":17},{"not_picked":["Ball Lightning","Gash"],"picked":"BootSequence","floor":17},{"not_picked":["Beam Cell","Go for the Eyes"],"picked":"Coolheaded","floor":17},{"not_picked":["Leap","Streamline"],"picked":"Genetic Algorithm","floor":18},{"not_picked":["Steam+1","Force Field"],"picked":"White Noise","floor":20},{"not_picked":["Redo","Stack"],"picked":"Thunder Strike","floor":21},{"not_picked":["Hologram+1","Fusion"],"picked":"Coolheaded","floor":24},{"not_picked":["Turbo+1","Capacitor"],"picked":"Electrodynamics","floor":25},{"not_picked":["Turbo","Rebound"],"picked":"Conserve Battery","floor":28},{"not_picked":["Machine Learning","Buffer"],"picked":"Thunder Strike","floor":33},{"not_picked":["Recycle+1","Leap"],"picked":"Loop","floor":34},{"not_picked":["Auto Shields","Aggregate+1"],"picked":"Coolheaded+1","floor":35},{"not_picked":["Redo+1","Reprogram+1"],"picked":"Stack","floor":36},{"not_picked":["Cold Snap","Blizzard+1","Hologram"],"picked":"SKIP","floor":37},{"not_picked":["Reboot","Stack+1"],"picked":"Glacier+1","floor":48}],"player_experience":714308,"relics_obtained":[{"floor":6,"key":"Darkstone Periapt"},{"floor":8,"key":"Bottled Flame"},{"floor":9,"key":"Pen Nib"},{"floor":10,"key":"Matryoshka"},{"floor":25,"key":"Bottled Tornado"},{"floor":26,"key":"Ancient Tea Set"},{"floor":26,"key":"Gremlin Horn"},{"floor":30,"key":"Red Mask"},{"floor":41,"key":"Du-Vu Doll"},{"floor":43,"key":"Potion Belt"},{"floor":43,"key":"Lantern"},{"floor":45,"key":"The Courier"},{"floor":48,"key":"Boot"}],"event_choices":[{"cards_removed":["Strike_B"],"damage_healed":0,"gold_gain":0,"player_choice":"Card Removal","damage_taken":7,"max_hp_gain":0,"max_hp_loss":0,"event_name":"Golden Wing","floor":3,"gold_loss":0},{"damage_healed":0,"gold_gain":0,"player_choice":"Donut","damage_taken":0,"max_hp_gain":5,"max_hp_loss":0,"event_name":"Big Fish","floor":4,"gold_loss":0},{"damage_healed":0,"gold_gain":0,"cards_transformed":["Defend_B","Strike_B"],"player_choice":"Became Test Subject","damage_taken":0,"max_hp_gain":0,"max_hp_loss":0,"event_name":"Drug Dealer","floor":19,"gold_loss":0,"cards_obtained":["Self Repair","Coolheaded"]},{"cards_removed":["Creative AI"],"damage_healed":41,"gold_gain":0,"player_choice":"Offered Rare","damage_taken":0,"max_hp_gain":10,"max_hp_loss":0,"event_name":"Bonfire Elementals","floor":22,"gold_loss":0},{"damage_healed":0,"gold_gain":0,"player_choice":"Upgrade","damage_taken":0,"max_hp_gain":0,"max_hp_loss":0,"event_name":"Designer","floor":29,"gold_loss":40,"cards_upgraded":["Static Discharge"]},{"damage_healed":0,"gold_gain":0,"player_choice":"Fought Bandits","damage_taken":0,"max_hp_gain":0,"max_hp_loss":0,"event_name":"Masked Bandits","floor":30,"gold_loss":0},{"damage_healed":0,"gold_gain":222,"player_choice":"Wore Mask","damage_taken":0,"max_hp_gain":0,"max_hp_loss":0,"event_name":"Tomb of Lord Red Mask","floor":38,"gold_loss":0},{"damage_healed":0,"gold_gain":0,"player_choice":"Fight","damage_taken":0,"max_hp_gain":0,"max_hp_loss":0,"event_name":"MindBloom","floor":41,"gold_loss":0},{"damage_healed":0,"gold_gain":0,"cards_transformed":["Defend_B"],"player_choice":"Transformed","damage_taken":0,"max_hp_gain":0,"max_hp_loss":0,"event_name":"Transmorgrifier","floor":44,"gold_loss":0,"cards_obtained":["Meteor Strike"]},{"damage_healed":0,"gold_gain":0,"player_choice":"Embrace Madness","damage_taken":12,"max_hp_gain":0,"max_hp_loss":0,"event_name":"Winding Halls","floor":47,"gold_loss":0,"cards_obtained":["Madness","Madness"]}],"is_beta":false,"boss_relics":[{"not_picked":["FrozenCore","White Beast Statue"],"picked":"Orrery"},{"not_picked":["Black Star","Pandora\u0027s Box"],"picked":"Tiny House"}],"items_purged_floors":[2,31,39,46],"is_endless":false,"potions_floor_spawned":[5,10,12,14,21,24,33,35,41,48],"ascension_level":3}