{"gold_per_floor":[119,137,150,38,38,38,38,48,74,74,90,104,104,114,114,210,210,194,224,240,150,3,3,19,19,71,83,109,121],"floor_reached":29,"playtime":1326,"items_purged":[],"score":217,"play_id":"79a86844-129c-4872-aa83-6905b92ab3b1","local_time":"20190303145309","is_ascension_mode":false,"campfire_choices":[{"data":"Blizzard","floor":6,"key":"SMITH"},{"data":"Capacitor","floor":10,"key":"SMITH"},{"floor":13,"key":"REST"},{"data":"Coolheaded","floor":15,"key":"SMITH"},{"floor":23,"key":"REST"},{"data":"Loop","floor":25,"key":"SMITH"}],"neow_cost":"NONE","seed_source_timestamp":209934565345280,"circlet_count":0,"master_deck":["Strike_B","Strike_B","Strike_B","Defend_B","Defend_B","Defend_B","Defend_B","Zap","Dualcast","Cold Snap","Loop+1","Blizzard+1","Capacitor+1","Reboot","Zap","Echo Form","Cold Snap","Coolheaded+1","Conserve Battery","Core Surge","Rebound+1","Barrage+1","Redo+1","Double Energy+1"],"relics":["Cracked Core","NeowsBlessing","Blood Vial","Nuclear Battery","Red Mask","Pen Nib","MawBank"],"potions_floor_usage":[19,29,29,29],"damage_taken":[{"damage":0,"enemies":"Cultist","floor":1,"turns":1},{"damage":0,"enemies":"Jaw Worm","floor":2,"turns":1},{"damage":0,"enemies":"Small Slimes","floor":3,"turns":1},{"damage":31,"enemies":"Exordium Thugs","floor":8,"turns":4},{"damage":9,"enemies":"Large Slime","floor":11,"turns":6},{"damage":12,"enemies":"Blue Slaver","floor":12,"turns":3},{"damage":4,"enemies":"3 Louse","floor":14,"turns":4},{"damage":24,"enemies":"Hexaghost","floor":16,"turns":10},{"damage":21,"enemies":"2 Thieves","floor":18,"turns":4},{"damage":36,"enemies":"Masked Bandits","floor":19,"turns":6},{"damage":5,"enemies":"Chosen","floor":20,"turns":6},{"damage":2,"enemies":"Sentry and Sphere","floor":24,"turns":5},{"damage":22,"enemies":"Snake Plant","floor":28,"turns":4},{"damage":21,"enemies":"Slavers","floor":29,"turns":1}],"seed_played":"8158413846093281767","potions_obtained":[{"floor":2,"key":"Ancient Potion"},{"floor":8,"key":"Poison Potion"},{"floor":11,"key":"Swift Potion"},{"floor":19,"key":"PowerPotion"}],"is_trial":false,"path_per_floor":["M","M","M","$","?","R","$","M","T","R","M","M","R","M","R","B",null,"M","?","M","?","$","R","M","R","T","$","M","E"],"character_chosen":"DEFECT","items_purchased":["Blizzard","Capacitor","Pen Nib"],"campfire_rested":2,"item_purchase_floors":[4,4,22],"current_hp_per_floor":[75,75,75,75,75,75,75,44,44,44,37,27,49,47,47,25,75,54,20,17,17,17,39,39,39,39,39,19,0],"gold":121,"neow_bonus":"THREE_ENEMY_KILL","is_prod":false,"is_daily":false,"chose_seed":false,"campfire_upgraded":4,"win_rate":0,"timestamp":1551642789,"path_taken":["M","M","?","$","?","R","?","M","T","R","M","M","R","M","R","BOSS","M","?","M","?","$","R","M","R","T","$","?","E"],"build_version":"2019-01-23","purchased_purges":0,"victory":false,"max_hp_per_floor":[75,75,75,75,75,75,75,75,75,75,75,75,75,75,75,75,75,75,75,75,75,75,75,75,75,75,75,75,75],"card_choices":[{"not_picked":["Stack","Undo"],"picked":"Cold Snap","floor":1},{"not_picked":["Streamline","Heatsinks","Beam Cell"],"picked":"SKIP","floor":2},{"not_picked":["Beam Cell","Chaos"],"picked":"Loop","floor":3},{"not_picked":["Go for the Eyes","Stack"],"picked":"Echo Form","floor":8},{"not_picked":["Auto Shields","Undo"],"picked":"Cold Snap","floor":11},{"not_picked":["Ball Lightning","Sunder"],"picked":"Coolheaded","floor":12},{"not_picked":["Streamline","Undo"],"picked":"Conserve Battery","floor":14},{"not_picked":["Fission","Creative AI"],"picked":"Core Surge","floor":16},{"not_picked":["Reprogram","Conserve Battery"],"picked":"Rebound+1","floor":18},{"not_picked":["Streamline","Turbo"],"picked":"Barrage+1","floor":19},{"not_picked":["Conserve Battery","Core Surge"],"picked":"Redo","floor":20},{"not_picked":["Lockon","Skim"],"picked":"Double Energy+1","floor":24},{"not_picked":["Tempest","Sweeping Beam","Streamline"],"picked":"SKIP","floor":28}],"player_experience":1123335,"relics_obtained":[{"floor":9,"key":"Blood Vial"},{"floor":19,"key":"Red Mask"},{"floor":26,"key":"MawBank"}],"event_choices":[{"damage_healed":0,"gold_gain":0,"player_choice":"2 cards matched","damage_taken":0,"max_hp_gain":0,"max_hp_loss":0,"event_name":"Match and Keep!","floor":5,"gold_loss":0,"cards_obtained":["Reboot","Zap"]},{"damage_healed":0,"gold_gain":0,"player_choice":"Fought Bandits","damage_taken":0,"max_hp_gain":0,"max_hp_loss":0,"event_name":"Masked Bandits","floor":19,"gold_loss":0},{"cards_removed":["Strike_B"],"damage_healed":0,"gold_gain":0,"player_choice":"Upgrade and Remove","damage_taken":0,"max_hp_gain":0,"max_hp_loss":0,"event_name":"Designer","floor":21,"gold_loss":90,"cards_upgraded":["Redo"]}],"is_beta":false,"boss_relics":[{"not_picked":["Runic Pyramid","Lizard Tail"],"picked":"Nuclear Battery"}],"items_purged_floors":[],"is_endless":false,"potions_floor_spawned":[2,8,11,16,19,24,28],"killed_by":"Slavers","ascension_level":0}