{"path_per_floor":["M","?","M","$","M","R","M","R","T","R","?","R","$","M","R","B",null,"M","M","?"],"character_chosen":"IRONCLAD","items_purchased":["Flash of Steel"],"gold_per_floor":[115,115,135,29,41,41,57,57,110,110,110,110,35,55,55,184,184,197,185,100,100],"floor_reached":21,"campfire_rested":2,"playtime":1089,"current_hp_per_floor":[70,67,63,63,68,68,42,42,42,42,22,46,46,52,76,14,80,48,40,40,3],"items_purged":["Strike_R"],"gold":100,"score":203,"play_id":"8f9b0ff5-dee9-4520-96e5-06ab0b507f7c","local_time":"20180324231153","is_prod":false,"is_daily":false,"is_ascension_mode":true,"campfire_upgraded":3,"timestamp":1521947513,"path_taken":["M","?","M","?","?","R","M","R","T","R","?","R","$","M","R","BOSS","M","?","?","M"],"build_version":"2018-03-22v2","purchased_purges":1,"victory":false,"master_deck":["Strike_R","Strike_R","Strike_R","Strike_R","Defend_R","Defend_R","Defend_R","Defend_R","Bash","Thunderclap","Feel No Pain+1","Flash of Steel+1","True Grit+1","True Grit","Fiend Fire","Pommel Strike+1","Shrug It Off"],"max_hp_per_floor":[80,80,80,80,80,80,80,80,80,80,80,80,80,80,80,80,80,80,80,80,80],"relics":["Burning Blood","Prayer Wheel","Anchor","Golden Idol","Question Card","Bronze Scales"],"card_choices":[{"not_picked":["Clash","Havoc"],"picked":"Thunderclap","floor":0.0},{"not_picked":["Anger","Sentinel"],"picked":"Feel No Pain","floor":1.0},{"not_picked":["Shrug It Off","Heavy Blade"],"picked":"True Grit","floor":7},{"not_picked":["Clash","Perfected Strike"],"picked":"True Grit","floor":14},{"not_picked":["Immolate","Double Tap"],"picked":"Fiend Fire","floor":16},{"not_picked":["Twin Strike","Headbutt","Armaments"],"picked":"Pommel Strike","floor":18},{"not_picked":["Inflame","Cleave","Anger"],"picked":"Shrug It Off","floor":19}],"player_experience":336865,"potions_floor_usage":[16,21],"damage_taken":[{"damage":16.0,"enemies":"Jaw Worm","floor":1.0,"turns":4.0},{"damage":10.0,"enemies":"Small Slimes","floor":3.0,"turns":4.0},{"damage":1,"enemies":"Cultist","floor":5,"turns":3},{"damage":32,"enemies":"Exordium Thugs","floor":7,"turns":5},{"damage":0,"enemies":"2 Fungi Beasts","floor":14,"turns":3},{"damage":68,"enemies":"The Guardian","floor":16,"turns":15},{"damage":38,"enemies":"Shell Parasite","floor":18,"turns":7},{"damage":14,"enemies":"2 Thieves","floor":19,"turns":4},{"damage":37,"enemies":"Sentry and Sphere","floor":21,"turns":5}],"event_choices":[{"event_name":"Scrap Ooze","player_choice":"success","floor":2.0,"damage_taken":3.0},{"event_name":"Golden Idol","player_choice":"Take Damage","floor":11,"damage_taken":0},{"event_name":"Addict","player_choice":"Obtained Relic","floor":20,"damage_taken":0}],"boss_relics":[{"not_picked":["Ectoplasm","Pandora\u0027s Box"],"picked":"Question Card"}],"potions_floor_spawned":[3,5,7],"seed_played":"-1784672521229517815","killed_by":"Sentry and Sphere","ascension_level":4,"is_trial":false}