{"gold_per_floor":[360,535,535,460,478,506,506,456,456,456,481,492,492,508,508,606,606,626,626,645,350,750,777,795,795,795,795,814,845,120,153,153,257,257,270,270,25,52,52,67,67,67,93,93,127,127,140,152,152,152],"floor_reached":51,"playtime":1972,"items_purged":["Strike_R","Strike_R","Defend_R"],"score":889,"play_id":"43318bf0-dff5-4263-9ddc-4aac57945c20","local_time":"20190224181104","is_ascension_mode":false,"campfire_choices":[{"data":"Double Tap","floor":7,"key":"SMITH"},{"data":"Bash","floor":10,"key":"SMITH"},{"data":"Thunderclap","floor":15,"key":"SMITH"},{"data":"Offering","floor":27,"key":"SMITH"},{"data":"Dropkick","floor":32,"key":"SMITH"},{"floor":41,"key":"RECALL"},{"floor":44,"key":"REST"},{"floor":49,"key":"REST"}],"neow_cost":"PERCENT_DAMAGE","seed_source_timestamp":772820176160693,"circlet_count":0,"master_deck":["Defend_R","Defend_R","Bash+1","Cleave","Thunderclap+1","Double Tap+1","Dropkick+1","Offering+1","Body Slam+1","Headbutt+1","True Grit+1","Clothesline","Seeing Red+1","Battle Trance+1","Dropkick","Offering+1","Blood for Blood+1","Dramatic Entrance","Bandage Up","Apotheosis","Whirlwind+1"],"relics":["Burning Blood","Bronze Scales","Letter Opener","Ancient Tea Set","Astrolabe","Brimstone","Old Coin","Matryoshka","Mercury Hourglass","Centennial Puzzle","Mummified Hand","Lantern","Red Skull","Paper Frog","Ice Cream","Gambling Chip","Orichalcum","Fusion Hammer","Juzu Bracelet","Ornamental Fan","Boot","Oddly Smooth Stone","Torii"],"potions_floor_usage":[24],"damage_taken":[{"damage":6,"enemies":"Cultist","floor":1,"turns":3},{"damage":0,"enemies":"2 Louse","floor":5,"turns":2},{"damage":30,"enemies":"3 Sentries","floor":6,"turns":8},{"damage":37,"enemies":"Lagavulin","floor":11,"turns":6},{"damage":1,"enemies":"Jaw Worm","floor":12,"turns":3},{"damage":1,"enemies":"3 Louse","floor":14,"turns":2},{"damage":25,"enemies":"Hexaghost","floor":16,"turns":9},{"damage":17,"enemies":"Shell Parasite","floor":18,"turns":3},{"damage":11,"enemies":"3 Byrds","floor":20,"turns":4},{"damage":15,"enemies":"Colosseum Slavers","floor":22,"turns":2},{"damage":10,"enemies":"Colosseum Nobs","floor":22,"turns":2},{"damage":15,"enemies":"Book of Stabbing","floor":23,"turns":2},{"damage":8,"enemies":"Snecko","floor":24,"turns":3},{"damage":3,"enemies":"3 Cultists","floor":28,"turns":3},{"damage":10,"enemies":"Gremlin Leader","floor":29,"turns":2},{"damage":6,"enemies":"Book of Stabbing","floor":31,"turns":1},{"damage":6,"enemies":"Champ","floor":33,"turns":2},{"damage":3,"enemies":"3 Shapes","floor":35,"turns":1},{"damage":6,"enemies":"3 Darklings","floor":40,"turns":1},{"damage":6,"enemies":"Reptomancer","floor":45,"turns":1},{"damage":6,"enemies":"Sphere and 2 Shapes","floor":47,"turns":1},{"damage":12,"enemies":"Writhing Mass","floor":48,"turns":1},{"damage":25,"enemies":"Time Eater","floor":50,"turns":5}],"seed_played":"-2805081064350142154","potions_obtained":[{"floor":1,"key":"FairyPotion"},{"floor":6,"key":"Energy Potion"},{"floor":23,"key":"PowerPotion"},{"floor":24,"key":"AttackPotion"},{"floor":28,"key":"Poison Potion"},{"floor":40,"key":"SmokeBomb"},{"floor":45,"key":"AttackPotion"},{"floor":47,"key":"EssenceOfSteel"}],"is_trial":false,"path_per_floor":["M","?","?","$","M","E","R","?","T","R","E","M","?","M","R","B",null,"M","?","M","$","?","E","M","T","T","R","M","E","$","E","R","B",null,"M","?","$","T","?","M","R","$","T","R","E","?","M","M","R","B",null],"character_chosen":"IRONCLAD","items_purchased":["Brimstone","Ice Cream","Gambling Chip","Ornamental Fan"],"campfire_rested":2,"item_purchase_floors":[21,30,30,37],"current_hp_per_floor":[56,56,56,56,62,38,38,38,38,38,7,12,17,22,22,14,85,74,74,69,69,56,47,45,45,45,45,48,44,44,44,44,44,85,85,85,85,85,85,85,85,85,85,85,85,75,81,81,85,72],"gold":152,"neow_bonus":"TWO_FIFTY_GOLD","is_prod":false,"is_daily":false,"chose_seed":false,"campfire_upgraded":5,"win_rate":0,"timestamp":1550999464,"path_taken":["M","?","?","$","?","E","R","?","T","R","E","M","?","M","R","BOSS","M","?","M","$","?","E","M","?","T","R","M","E","$","E","R","BOSS","M","?","$","?","?","M","R","?","T","R","E","?","M","M","R","BOSS"],"build_version":"2019-01-23","purchased_purges":3,"victory":true,"max_hp_per_floor":[80,80,80,80,80,80,80,80,80,80,80,80,85,85,85,85,85,85,85,85,85,85,85,85,85,85,85,85,85,85,85,85,85,85,85,85,85,85,85,85,85,85,85,85,85,85,85,85,85,85],"card_choices":[{"not_picked":["Reckless Charge","Shrug It Off"],"picked":"Cleave","floor":1},{"not_picked":["Uppercut","Sentinel"],"picked":"Thunderclap","floor":5},{"not_picked":["Bloodletting","Pommel Strike"],"picked":"Double Tap","floor":6},{"not_picked":["Anger","Combust","True Grit"],"picked":"SKIP","floor":11},{"not_picked":["Shrug It Off","Thunderclap"],"picked":"Dropkick","floor":12},{"not_picked":["Corruption","Dark Embrace","Combust"],"picked":"SKIP","floor":14},{"not_picked":["Barricade","Fiend Fire"],"picked":"Offering","floor":16},{"not_picked":["Shrug It Off","Wild Strike","Disarm"],"picked":"SKIP","floor":18},{"not_picked":["Havoc","Evolve+1"],"picked":"Seeing Red+1","floor":20},{"not_picked":["Iron Wave","Clash"],"picked":"Battle Trance+1","floor":22},{"not_picked":["Iron Wave","Havoc"],"picked":"Dropkick","floor":23},{"not_picked":["True Grit","Corruption","Perfected Strike"],"picked":"SKIP","floor":24},{"not_picked":["Clothesline","Perfected Strike","True Grit+1"],"picked":"SKIP","floor":28},{"not_picked":["Shrug It Off","Double Tap","Reckless Charge"],"picked":"SKIP","floor":29},{"not_picked":["Pommel Strike","Evolve","Iron Wave"],"picked":"SKIP","floor":31},{"not_picked":["Pommel Strike","Twin Strike+1","Havoc+1"],"picked":"SKIP","floor":35},{"not_picked":["Headbutt+1","Searing Blow+1","Entrench"],"picked":"SKIP","floor":40},{"not_picked":["Whirlwind","Wild Strike+1"],"picked":"Blood for Blood+1","floor":45},{"not_picked":["Mind Blast","Impatience"],"picked":"Dramatic Entrance","floor":46},{"not_picked":["Blind","PanicButton"],"picked":"Bandage Up","floor":46},{"not_picked":["HandOfGreed","Mind Blast"],"picked":"Apotheosis","floor":46},{"not_picked":["Infernal Blade+1","Sword Boomerang+1","Second Wind"],"picked":"SKIP","floor":47},{"not_picked":["Shrug It Off","Rupture"],"picked":"Whirlwind+1","floor":48}],"player_experience":916626,"relics_obtained":[{"floor":6,"key":"Bronze Scales"},{"floor":9,"key":"Letter Opener"},{"floor":11,"key":"Ancient Tea Set"},{"floor":22,"key":"Old Coin"},{"floor":22,"key":"Matryoshka"},{"floor":23,"key":"Mercury Hourglass"},{"floor":25,"key":"Centennial Puzzle"},{"floor":25,"key":"Mummified Hand"},{"floor":26,"key":"Lantern"},{"floor":26,"key":"Red Skull"},{"floor":29,"key":"Paper Frog"},{"floor":31,"key":"Orichalcum"},{"floor":38,"key":"Boot"},{"floor":43,"key":"Oddly Smooth Stone"},{"floor":45,"key":"Torii"}],"event_choices":[{"damage_healed":0,"gold_gain":175,"player_choice":"AGREE","damage_taken":0,"max_hp_gain":0,"max_hp_loss":0,"event_name":"Liars Game","floor":2,"gold_loss":0,"cards_obtained":["Doubt"]},{"cards_removed":["Doubt"],"damage_healed":0,"gold_gain":0,"player_choice":"Forget","damage_taken":0,"max_hp_gain":0,"max_hp_loss":0,"event_name":"Living Wall","floor":3,"gold_loss":0},{"cards_removed":["Strike_R"],"damage_healed":0,"gold_gain":0,"player_choice":"Card Removal","damage_taken":0,"max_hp_gain":0,"max_hp_loss":0,"event_name":"The Cleric","floor":8,"gold_loss":50},{"damage_healed":0,"gold_gain":0,"player_choice":"Donut","damage_taken":0,"max_hp_gain":5,"max_hp_loss":0,"event_name":"Big Fish","floor":13,"gold_loss":0},{"damage_healed":0,"gold_gain":0,"player_choice":"Read","damage_taken":0,"max_hp_gain":0,"max_hp_loss":0,"event_name":"The Library","floor":19,"gold_loss":0,"cards_obtained":["Clothesline"]},{"damage_healed":0,"gold_gain":0,"player_choice":"Fight","damage_taken":0,"max_hp_gain":0,"max_hp_loss":0,"event_name":"Colosseum","floor":22,"gold_loss":0},{"damage_healed":0,"gold_gain":0,"player_choice":"Fought Nobs","damage_taken":0,"max_hp_gain":0,"max_hp_loss":0,"event_name":"Colosseum","floor":22,"gold_loss":0},{"damage_healed":0,"gold_gain":0,"player_choice":"Gave Potion","damage_taken":0,"relics_obtained":["Juzu Bracelet"],"max_hp_gain":0,"max_hp_loss":0,"event_name":"WeMeetAgain","floor":36,"gold_loss":0},{"damage_healed":0,"gold_gain":0,"player_choice":"Copied","damage_taken":0,"max_hp_gain":0,"max_hp_loss":0,"event_name":"Duplicator","floor":39,"gold_loss":0,"cards_obtained":["Offering"]},{"damage_healed":0,"gold_gain":0,"player_choice":"Memory 3","damage_taken":10,"max_hp_gain":0,"max_hp_loss":0,"event_name":"SensoryStone","floor":46,"gold_loss":0}],"is_beta":false,"boss_relics":[{"not_picked":["Lizard Tail","White Beast Statue"],"picked":"Astrolabe"},{"not_picked":["Eternal Feather","Runic Cube"],"picked":"Fusion Hammer"}],"items_purged_floors":[4,21,30],"is_endless":false,"potions_floor_spawned":[1,6,23,24,28,33,40,45,47],"ascension_level":0}