{"gold_per_floor":[118,2,177,147,159,178,178,211,264,274,285,30,30,43,43,140,190,206,6,6,19,19,19,53,53,53,53,69,69,69,84,84,84],"floor_reached":33,"playtime":2026,"items_purged":["Doubt"],"score":357,"play_id":"96360dbe-6c79-4f7f-9294-348b88676875","local_time":"20181208144421","is_ascension_mode":true,"campfire_choices":[{"data":"Bouncing Flask","floor":15,"key":"SMITH"},{"data":"Noxious Fumes","floor":23,"key":"SMITH"},{"data":"Bullet Time","floor":27,"key":"SMITH"},{"floor":30,"key":"REST"},{"data":"Envenom","floor":32,"key":"SMITH"}],"neow_cost":"NONE","seed_source_timestamp":1268131985451813,"circlet_count":0,"master_deck":["Defend_G+1","Defend_G","Defend_G","Defend_G","Defend_G","Strike_G","Strike_G","Strike_G","Strike_G","Survivor","Neutralize+1","Cloak And Dagger+1","Footwork","Bouncing Flask+1","Backflip","Burst","All Out Attack","Bullet Time+1","Caltrops","Slice","Caltrops","PiercingWail","Tools of the Trade","Poisoned Stab","Distraction","PiercingWail+1","Noxious Fumes+1","Envenom+1","Poisoned Stab","Dash"],"relics":["Ring of the Snake","Anchor","War Paint","Tiny House","Snake Skull","Nloth\u0027s Gift","Incense Burner","Gremlin Horn","Blue Candle"],"potions_floor_usage":[8,10,13,13,17,18,21,24,29],"damage_taken":[{"damage":6,"enemies":"Cultist","floor":1,"turns":4},{"damage":4,"enemies":"Jaw Worm","floor":5,"turns":4},{"damage":6,"enemies":"Small Slimes","floor":6,"turns":4},{"damage":35,"enemies":"Lagavulin","floor":8,"turns":10},{"damage":3,"enemies":"Exordium Thugs","floor":10,"turns":4},{"damage":4,"enemies":"Exordium Wildlife","floor":11,"turns":6},{"damage":0,"enemies":"3 Sentries","floor":13,"turns":2},{"damage":0,"enemies":"Lots of Slimes","floor":14,"turns":2},{"damage":9,"enemies":"Hexaghost","floor":16,"turns":9},{"damage":0,"enemies":"3 Byrds","floor":18,"turns":2},{"damage":8,"enemies":"Chosen","floor":21,"turns":4},{"damage":48,"enemies":"Slavers","floor":24,"turns":6},{"damage":14,"enemies":"Snake Plant","floor":28,"turns":3},{"damage":20,"enemies":"Chosen and Byrds","floor":29,"turns":6},{"damage":2,"enemies":"Snecko","floor":31,"turns":5},{"damage":38,"enemies":"Automaton","floor":33,"turns":6}],"seed_played":"1938219161800754744","potions_obtained":[{"floor":1,"key":"SmokeBomb"},{"floor":4,"key":"Ancient Potion"},{"floor":4,"key":"SmokeBomb"},{"floor":8,"key":"Poison Potion"},{"floor":11,"key":"Fire Potion"},{"floor":14,"key":"GamblersBrew"},{"floor":17,"key":"Fruit Juice"},{"floor":18,"key":"Regen Potion"}],"is_trial":false,"path_per_floor":["M","$","?","?","M","M","?","E","T","M","M","$","E","M","R","B",null,"M","$","?","M","?","R","E","T","T","R","M","M","R","M","R","B"],"character_chosen":"THE_SILENT","items_purchased":["Footwork","Bouncing Flask","Bronze Scales","Caltrops","Snake Skull","Swift Potion"],"campfire_rested":1,"item_purchase_floors":[2,2,12,12,19,19],"current_hp_per_floor":[71,71,71,71,67,61,61,26,26,23,19,19,19,19,19,10,87,87,87,87,79,79,79,45,45,45,45,31,11,37,35,35,0],"gold":84,"neow_bonus":"TEN_PERCENT_HP_BONUS","is_prod":false,"is_daily":false,"chose_seed":false,"campfire_upgraded":4,"win_rate":0,"timestamp":1544298261,"path_taken":["M","?","?","?","M","?","?","E","T","M","M","$","E","M","R","BOSS","M","?","?","?","?","R","E","?","T","R","?","M","R","M","R","BOSS"],"build_version":"2018-12-06","purchased_purges":1,"victory":false,"max_hp_per_floor":[77,77,77,77,77,77,77,77,77,77,77,77,77,77,77,77,87,87,87,87,87,87,87,87,87,87,87,87,87,87,87,87,87],"card_choices":[{"not_picked":["Underhanded Strike","Backflip"],"picked":"Cloak And Dagger","floor":1},{"not_picked":["Bane","Prepared"],"picked":"Backflip","floor":5},{"not_picked":["Deadly Poison","Outmaneuver"],"picked":"Burst","floor":6},{"not_picked":["Dodge and Roll","Deflect"],"picked":"Bullet Time","floor":8},{"not_picked":["Terror","Flying Knee"],"picked":"Caltrops","floor":10},{"not_picked":["Predator","Prepared"],"picked":"Slice","floor":11},{"not_picked":["Outmaneuver","Skewer"],"picked":"PiercingWail","floor":14},{"not_picked":["Glass Knife","Wraith Form v2"],"picked":"Tools of the Trade","floor":16},{"not_picked":["Cloak And Dagger","Eviscerate"],"picked":"Poisoned Stab","floor":17},{"not_picked":["Cloak And Dagger+1","Prepared"],"picked":"Distraction","floor":18},{"not_picked":["Cloak And Dagger+1","Flying Knee"],"picked":"PiercingWail+1","floor":21},{"not_picked":["Bane","Acrobatics"],"picked":"Envenom","floor":24},{"not_picked":["A Thousand Cuts","PiercingWail"],"picked":"Poisoned Stab","floor":28},{"not_picked":["Predator+1","Deadly Poison"],"picked":"Dash","floor":31}],"player_experience":252268,"relics_obtained":[{"floor":8,"key":"Anchor"},{"floor":9,"key":"War Paint"},{"floor":24,"key":"Incense Burner"},{"floor":25,"key":"Gremlin Horn"},{"floor":26,"key":"Blue Candle"}],"event_choices":[{"damage_healed":0,"gold_gain":175,"player_choice":"AGREE","damage_taken":0,"max_hp_gain":0,"max_hp_loss":0,"event_name":"Liars Game","floor":3,"gold_loss":0,"cards_obtained":["Doubt"]},{"damage_healed":0,"gold_gain":0,"player_choice":"Bought 2 Potions","damage_taken":0,"max_hp_gain":0,"max_hp_loss":0,"event_name":"The Woman in Blue","floor":4,"gold_loss":0},{"damage_healed":0,"gold_gain":0,"cards_transformed":["Strike_G"],"player_choice":"Transformed","damage_taken":0,"max_hp_gain":0,"max_hp_loss":0,"event_name":"Transmorgrifier","floor":7,"gold_loss":0,"cards_obtained":["All Out Attack"]},{"damage_healed":0,"gold_gain":0,"player_choice":"Traded Relic","damage_taken":0,"relics_obtained":["Nloth\u0027s Gift"],"max_hp_gain":0,"max_hp_loss":0,"event_name":"N\u0027loth","floor":20,"relics_lost":["Bronze Scales"],"gold_loss":0},{"damage_healed":0,"gold_gain":0,"player_choice":"Read","damage_taken":0,"max_hp_gain":0,"max_hp_loss":0,"event_name":"The Library","floor":22,"gold_loss":0,"cards_obtained":["Noxious Fumes"]}],"is_beta":false,"boss_relics":[{"not_picked":["HoveringKite","Ectoplasm"],"picked":"Tiny House"}],"items_purged_floors":[12],"is_endless":false,"potions_floor_spawned":[1,8,11,14,18,29],"killed_by":"Automaton","ascension_level":4}