{"gold_per_floor":[118,36,47,47,57,76,76,87,134,134,147,28,44,55,55,151,151,163,180,195,195,211,211,27,27,75,0,0,0,10,10,10,105,105,116,131,147,147,9,9,24,39,62,62,62,62,77,91,91,91],"floor_reached":51,"playtime":5244,"items_purged":["Strike_G","Corpse Explosion"],"score":670,"play_id":"2c169d4a-b9c9-4663-9c80-3330b6d1b044","local_time":"20180915023427","is_ascension_mode":false,"campfire_choices":[{"data":"Noxious Fumes","floor":7.0,"key":"SMITH"},{"data":"Noxious Fumes","floor":10.0,"key":"SMITH"},{"floor":15.0,"key":"REST"},{"floor":23,"key":"REST"},{"floor":25,"key":"REST"},{"data":"Noxious Fumes","floor":28,"key":"SMITH"},{"floor":32,"key":"REST"},{"data":"Prepared","floor":40,"key":"SMITH"},{"data":"Apotheosis","floor":45,"key":"SMITH"},{"floor":49,"key":"REST"}],"neow_cost":"NONE","seed_source_timestamp":165178399928371,"circlet_count":0,"master_deck":["Defend_G","Defend_G","Defend_G","Defend_G","Defend_G","Survivor","Neutralize","Die Die Die","Noxious Fumes+1","Caltrops","Prepared+1","Noxious Fumes+1","Prepared","Concentrate","Escape Plan","Caltrops","After Image","Glass Knife+1","Expertise+1","Acrobatics+1","Footwork","Concentrate+1","Noxious Fumes+1","Tactician","Footwork","Prepared","Footwork","Backflip","Apotheosis+1","Doubt","Acrobatics+1","Backflip+1"],"special_seed":0,"relics":["Ring of the Snake","Smiling Mask","Astrolabe","Art of War","Orichalcum","Lizard Tail","Dream Catcher"],"potions_floor_usage":[22,37,42,50,50],"damage_taken":[{"damage":0.0,"enemies":"2 Louse","floor":1.0,"turns":2.0},{"damage":3.0,"enemies":"Jaw Worm","floor":3.0,"turns":3.0},{"damage":1.0,"enemies":"Cultist","floor":5.0,"turns":4.0},{"damage":1.0,"enemies":"2 Fungi Beasts","floor":6.0,"turns":3.0},{"damage":17.0,"enemies":"Exordium Wildlife","floor":8.0,"turns":4.0},{"damage":11.0,"enemies":"Exordium Thugs","floor":11.0,"turns":4.0},{"damage":3.0,"enemies":"Lots of Slimes","floor":13.0,"turns":2.0},{"damage":2.0,"enemies":"2 Fungi Beasts","floor":14.0,"turns":3.0},{"damage":20.0,"enemies":"Hexaghost","floor":16.0,"turns":8.0},{"damage":3.0,"enemies":"Chosen","floor":18.0,"turns":5.0},{"damage":32.0,"enemies":"2 Thieves","floor":19.0,"turns":4.0},{"damage":22.0,"enemies":"Chosen and Byrds","floor":20.0,"turns":6.0},{"damage":5,"enemies":"Snecko","floor":22,"turns":6},{"damage":13,"enemies":"Centurion and Healer","floor":30,"turns":5},{"damage":30,"enemies":"Champ","floor":33,"turns":13},{"damage":1,"enemies":"3 Shapes","floor":35,"turns":5},{"damage":26,"enemies":"Orb Walker","floor":36,"turns":5},{"damage":4,"enemies":"Transient","floor":37,"turns":5},{"damage":19,"enemies":"3 Darklings","floor":41,"turns":5},{"damage":22,"enemies":"4 Shapes","floor":42,"turns":7},{"damage":10,"enemies":"Transient","floor":47,"turns":5},{"damage":5,"enemies":"Maw","floor":48,"turns":8},{"damage":0,"enemies":"Awakened One","floor":50,"turns":11}],"seed_played":"3286313890798288936","potions_obtained":[{"floor":5.0,"key":"Fire Potion"},{"floor":8.0,"key":"Ancient Potion"},{"floor":11.0,"key":"SneckoOil"},{"floor":19.0,"key":"AttackPotion"},{"floor":22,"key":"SneckoOil"},{"floor":33,"key":"FearPotion"},{"floor":35,"key":"PowerPotion"},{"floor":47,"key":"Dexterity Potion"},{"floor":48,"key":"SkillPotion"}],"is_trial":false,"path_per_floor":["M","$","M","$","M","M","R","M","T","R","M","$","M","M","R","B",null,"M","M","M","$","M","R","$","R","T","?","R","$","M","$","R","B",null,"M","M","M","?","$","R","M","M","T","?","R","?","M","M","R","B"],"character_chosen":"THE_SILENT","items_purchased":["Caltrops","Prepared","Caltrops","Art of War","Noxious Fumes","Prepared","Footwork"],"campfire_rested":5,"item_purchase_floors":[2,2,12,24,24,39,39],"current_hp_per_floor":[70,70,67,67,66,65,65,48,48,48,37,37,34,32,53,33,70,67,35,13,13,8,29,29,50,50,50,50,50,37,37,58,28,70,69,43,39,39,39,39,20,35,35,35,35,70,60,55,70,70],"gold":91,"neow_bonus":"TRANSFORM_CARD","is_prod":false,"is_daily":false,"chose_seed":false,"campfire_upgraded":5,"win_rate":0,"timestamp":1536993267,"path_taken":["M","$","M","$","M","M","R","M","T","R","M","$","M","M","R","BOSS","M","M","M","$","M","R","$","R","T","?","R","?","M","$","R","BOSS","M","M","M","?","?","R","M","?","T","?","R","?","M","M","R","BOSS"],"build_version":"2018-09-06","purchased_purges":2,"victory":true,"max_hp_per_floor":[70,70,70,70,70,70,70,70,70,70,70,70,70,70,70,70,70,70,70,70,70,70,70,70,70,70,70,70,70,70,70,70,70,70,70,70,70,70,70,70,70,70,70,70,70,70,70,70,70,70],"card_choices":[{"not_picked":["Backflip","Endless Agony"],"picked":"Noxious Fumes","floor":1.0},{"not_picked":["Underhanded Strike","Well Laid Plans"],"picked":"Noxious Fumes","floor":3.0},{"not_picked":["Skewer","Eviscerate"],"picked":"Prepared","floor":5.0},{"not_picked":["Unload","PiercingWail"],"picked":"Concentrate","floor":6.0},{"not_picked":["Acrobatics","Blade Dance"],"picked":"Escape Plan","floor":8.0},{"not_picked":["Blade Dance","Outmaneuver","Heel Hook"],"picked":"SKIP","floor":11.0},{"not_picked":["Flying Knee","Tactician","Slice"],"picked":"SKIP","floor":13.0},{"not_picked":["Setup","Endless Agony","Underhanded Strike"],"picked":"SKIP","floor":14.0},{"not_picked":["Night Terror","Tools of the Trade"],"picked":"After Image","floor":16.0},{"not_picked":["Deadly Poison","Bane+1","Outmaneuver"],"picked":"SKIP","floor":18.0},{"not_picked":["Caltrops+1","Crippling Poison"],"picked":"Footwork","floor":19.0},{"not_picked":["Flying Knee","Setup+1"],"picked":"Concentrate+1","floor":20.0},{"not_picked":["Quick Slash","Dagger Throw","Glass Knife"],"picked":"SKIP","floor":22},{"not_picked":["Skewer","Well Laid Plans","Blade Dance"],"picked":"SKIP","floor":30},{"not_picked":["Bullet Time","Malaise"],"picked":"Corpse Explosion","floor":33},{"not_picked":["Endless Agony","Dagger Throw","Deflect"],"picked":"SKIP","floor":35},{"not_picked":["Deadly Poison","Bane+1"],"picked":"Tactician","floor":36},{"not_picked":["Slice+1","Outmaneuver+1"],"picked":"Footwork","floor":37},{"not_picked":["Dagger Spray+1","Blade Dance","Slice+1"],"picked":"SKIP","floor":41},{"not_picked":["Dagger Spray","Concentrate"],"picked":"Backflip","floor":42},{"not_picked":["Secret Weapon","Blind"],"picked":"Apotheosis","floor":44},{"not_picked":["Deflect+1","PiercingWail","Eviscerate+1"],"picked":"SKIP","floor":47},{"not_picked":["Backflip+1","Choke"],"picked":"Acrobatics+1","floor":48},{"not_picked":["Prepared+1","Quick Slash"],"picked":"Backflip+1","floor":49}],"player_experience":572261,"relics_obtained":[{"floor":9.0,"key":"Smiling Mask"},{"floor":26,"key":"Orichalcum"},{"floor":43,"key":"Dream Catcher"}],"event_choices":[{"event_name":"Masked Bandits","player_choice":"Paid Fearfully","floor":27,"damage_taken":0},{"event_name":"Mysterious Sphere","player_choice":"Ignore","floor":38,"damage_taken":0},{"event_name":"SensoryStone","player_choice":"Memory 1","floor":44,"damage_taken":0},{"event_name":"MindBloom","player_choice":"Heal","floor":46,"damage_taken":0}],"is_beta":false,"boss_relics":[{"not_picked":["Pandora\u0027s Box","Eternal Feather"],"picked":"Astrolabe"},{"not_picked":["White Beast Statue","WristBlade"],"picked":"Lizard Tail"}],"items_purged_floors":[12,39],"is_endless":false,"potions_floor_spawned":[5,8,11,13,19,22,33,35,47,48],"ascension_level":0}