{"gold_per_floor":[111,129,58,71,71,104,114,133,160,160,180,213,213,226,226,302,302,315,194,204,221,221,221,250,269,318,318,3,3,33,33,33,107,107,124,141,141,155,167,167,31,66,66,66],"floor_reached":44,"playtime":2414,"items_purged":["Strike_G","Sucker Punch"],"score":876,"play_id":"3bf53214-82ed-4c11-bd1e-7d5222bed33b","local_time":"20190303122004","is_ascension_mode":true,"campfire_choices":[{"data":"Footwork","floor":10,"key":"SMITH"},{"data":"Neutralize","floor":13,"key":"SMITH"},{"floor":15,"key":"REST"},{"floor":23,"key":"REST"},{"data":"Deadly Poison","floor":27,"key":"SMITH"},{"floor":32,"key":"REST"},{"floor":40,"key":"REST"}],"neow_cost":"NONE","seed_source_timestamp":120979283809044,"circlet_count":0,"master_deck":["AscendersBane","Defend_G+1","Defend_G+1","Defend_G+1","Defend_G+1","Survivor","Neutralize+1","Footwork+1","Noxious Fumes+1","Backflip","PiercingWail","Dagger Spray","Venomology","Deadly Poison+1","Tools of the Trade","Crippling Poison","After Image+1","Backstab","Night Terror","Quick Slash+1","Sucker Punch+1","After Image+1","Sucker Punch+1","Caltrops+1","Footwork+1","Catalyst"],"relics":["Ring of the Snake","NeowsBlessing","Ancient Tea Set","Art of War","Dream Catcher","Velvet Choker","Oddly Smooth Stone","PreservedInsect","Frozen Egg 2","Boot","Astrolabe","The Courier","Gremlin Horn"],"potions_floor_usage":[6,12,12,21,24,24,24,30,33,33,35,39,42,42,44],"damage_taken":[{"damage":0,"enemies":"Cultist","floor":1,"turns":1},{"damage":0,"enemies":"2 Louse","floor":2,"turns":1},{"damage":0,"enemies":"Jaw Worm","floor":4,"turns":1},{"damage":16,"enemies":"3 Sentries","floor":6,"turns":6},{"damage":10,"enemies":"Exordium Thugs","floor":7,"turns":6},{"damage":1,"enemies":"Large Slime","floor":8,"turns":7},{"damage":1,"enemies":"Blue Slaver","floor":11,"turns":5},{"damage":21,"enemies":"Lagavulin","floor":12,"turns":6},{"damage":2,"enemies":"Exordium Thugs","floor":14,"turns":5},{"damage":19,"enemies":"The Guardian","floor":16,"turns":15},{"damage":21,"enemies":"Spheric Guardian","floor":18,"turns":6},{"damage":4,"enemies":"Chosen","floor":20,"turns":7},{"damage":6,"enemies":"Snake Plant","floor":21,"turns":7},{"damage":21,"enemies":"Slavers","floor":24,"turns":8},{"damage":3,"enemies":"Cultist and Chosen","floor":25,"turns":8},{"damage":0,"enemies":"Book of Stabbing","floor":30,"turns":6},{"damage":6,"enemies":"Champ","floor":33,"turns":16},{"damage":5,"enemies":"3 Shapes","floor":35,"turns":5},{"damage":0,"enemies":"Orb Walker","floor":36,"turns":5},{"damage":12,"enemies":"4 Shapes","floor":38,"turns":7},{"damage":17,"enemies":"Writhing Mass","floor":39,"turns":9},{"damage":38,"enemies":"Reptomancer","floor":42,"turns":5},{"damage":16,"enemies":"Spire Growth","floor":44,"turns":5}],"seed_played":"3111619534765993478","potions_obtained":[{"floor":1,"key":"LiquidBronze"},{"floor":2,"key":"SteroidPotion"},{"floor":6,"key":"Strength Potion"},{"floor":24,"key":"Block Potion"},{"floor":25,"key":"Swift Potion"},{"floor":39,"key":"PowerPotion"}],"is_trial":false,"path_per_floor":["M","M","$","M","?","E","M","M","T","R","M","E","R","M","R","B",null,"M","$","M","M","?","R","E","M","T","R","$","?","E","?","R","B",null,"M","M","$","M","M","R","$","E","T","M"],"character_chosen":"THE_SILENT","items_purchased":["Noxious Fumes","Deadly Poison","Frozen Egg 2","Crippling Poison","Catalyst"],"campfire_rested":4,"item_purchase_floors":[3,19,28,28,41],"current_hp_per_floor":[59,59,59,59,59,43,33,32,32,32,31,10,10,8,27,8,52,31,31,27,21,21,40,34,31,31,31,31,31,31,31,50,44,61,56,56,56,44,27,46,46,8,8,0],"gold":66,"neow_bonus":"THREE_ENEMY_KILL","is_prod":false,"is_daily":false,"chose_seed":false,"campfire_upgraded":3,"win_rate":0,"timestamp":1551612004,"path_taken":["M","?","$","M","?","E","M","M","T","R","?","E","R","M","R","BOSS","M","$","M","M","?","R","E","M","T","R","$","?","E","?","R","BOSS","M","M","$","M","M","R","$","E","T","M"],"build_version":"2019-01-23","purchased_purges":2,"victory":false,"max_hp_per_floor":[66,66,66,66,66,66,66,66,66,66,66,66,66,66,66,66,66,66,66,66,66,66,66,66,66,66,66,66,66,66,66,66,66,66,66,66,66,66,66,66,66,66,66,66],"card_choices":[{"not_picked":["Setup","Deflect","Endless Agony"],"picked":"SKIP","floor":1},{"not_picked":["PiercingWail","Concentrate"],"picked":"Footwork","floor":2},{"not_picked":["Backflip","Slice","Distraction"],"picked":"SKIP","floor":4},{"not_picked":["Slice","Distraction"],"picked":"Backflip","floor":4},{"not_picked":["Bouncing Flask","All Out Attack"],"picked":"PiercingWail","floor":6},{"not_picked":["Underhanded Strike","Blade Dance","Noxious Fumes"],"picked":"SKIP","floor":7},{"not_picked":["All Out Attack","Slice"],"picked":"Sucker Punch","floor":8},{"not_picked":["Flechettes","Finisher","Eviscerate"],"picked":"SKIP","floor":11},{"not_picked":["Flying Knee","Sucker Punch","Masterful Stab"],"picked":"SKIP","floor":12},{"not_picked":["Cloak And Dagger","Wraith Form v2","Endless Agony"],"picked":"SKIP","floor":14},{"not_picked":["Cloak And Dagger","Poisoned Stab"],"picked":"Dagger Spray","floor":15},{"not_picked":["Storm of Steel","Wraith Form v2"],"picked":"Venomology","floor":16},{"not_picked":["Sucker Punch","Tactician","Dagger Spray"],"picked":"SKIP","floor":18},{"not_picked":["Quick Slash+1","Cloak And Dagger","Tactician"],"picked":"SKIP","floor":20},{"not_picked":["Prepared","Distraction","Underhanded Strike"],"picked":"SKIP","floor":21},{"not_picked":["Unload","Underhanded Strike","Cloak And Dagger"],"picked":"SKIP","floor":24},{"not_picked":["Outmaneuver+1","Terror"],"picked":"Tools of the Trade","floor":25},{"not_picked":["Crippling Poison","Deadly Poison","Riddle With Holes"],"picked":"SKIP","floor":30},{"not_picked":["Glass Knife","Adrenaline"],"picked":"Night Terror","floor":33},{"not_picked":["Dodge and Roll","Crippling Poison","Outmaneuver"],"picked":"SKIP","floor":35},{"not_picked":["Backstab","Terror","Eviscerate"],"picked":"SKIP","floor":36},{"not_picked":["Deflect+1","Accuracy+1"],"picked":"Sucker Punch+1","floor":38},{"not_picked":["Blade Dance","Cloak And Dagger"],"picked":"Caltrops+1","floor":39},{"not_picked":["Outmaneuver+1","Skewer"],"picked":"Footwork+1","floor":40},{"not_picked":["Envenom+1","Cloak And Dagger","Backstab"],"picked":"SKIP","floor":42}],"player_experience":776171,"relics_obtained":[{"floor":6,"key":"Ancient Tea Set"},{"floor":9,"key":"Art of War"},{"floor":12,"key":"Dream Catcher"},{"floor":24,"key":"Oddly Smooth Stone"},{"floor":26,"key":"PreservedInsect"},{"floor":30,"key":"Boot"},{"floor":42,"key":"The Courier"},{"floor":43,"key":"Gremlin Horn"}],"event_choices":[{"damage_healed":0,"gold_gain":0,"player_choice":"Upgraded","damage_taken":0,"max_hp_gain":0,"max_hp_loss":0,"event_name":"Upgrade Shrine","floor":5,"gold_loss":0,"cards_upgraded":["Noxious Fumes"]},{"damage_healed":0,"gold_gain":0,"player_choice":"Simplicity","damage_taken":0,"max_hp_gain":0,"max_hp_loss":0,"event_name":"Back to Basics","floor":22,"gold_loss":0,"cards_upgraded":["Defend_G","Defend_G","Defend_G","Defend_G","Defend_G","Strike_G","Strike_G","Strike_G","Strike_G"]},{"damage_healed":0,"gold_gain":0,"cards_transformed":["Strike_G","Strike_G"],"player_choice":"Became Test Subject","damage_taken":0,"max_hp_gain":0,"max_hp_loss":0,"event_name":"Drug Dealer","floor":29,"gold_loss":0,"cards_obtained":["After Image","Backstab"]},{"damage_healed":0,"gold_gain":0,"player_choice":"Ignored","damage_taken":0,"max_hp_gain":0,"max_hp_loss":0,"event_name":"Beggar","floor":31,"gold_loss":0}],"is_beta":false,"boss_relics":[{"not_picked":["Cursed Key","Orrery"],"picked":"Velvet Choker"},{"not_picked":["Pandora\u0027s Box","White Beast Statue"],"picked":"Astrolabe"}],"items_purged_floors":[19,41],"is_endless":false,"potions_floor_spawned":[1,2,6,7,24,25,39],"killed_by":"Spire Growth","ascension_level":14}