{"gold_per_floor":[110,110,124,199,7,7,62,79,79,79,8,8,33,64,64,168,168,185,201,220,220,220,220],"floor_reached":23,"playtime":1745,"items_purged":[],"score":246,"play_id":"78e0ba65-7143-4449-bc63-d14679e94bc4","local_time":"20190301220156","is_ascension_mode":true,"campfire_choices":[{"data":"Infinite Blades","floor":6,"key":"SMITH"},{"data":"Envenom","floor":10,"key":"SMITH"},{"data":"Accuracy","floor":15,"key":"SMITH"}],"neow_cost":"NONE","seed_source_timestamp":693681441469358,"circlet_count":0,"master_deck":["Defend_G","Defend_G","Defend_G","Defend_G","Defend_G+1","Strike_G","Strike_G","Strike_G","Strike_G","Strike_G","Survivor+1","Neutralize","Madness","Skewer","Infinite Blades+1","Backflip","Envenom+1","Prepared","Accuracy+1","Burst","Footwork","Well Laid Plans","Reflex"],"relics":["Ring of the Serpent","Lantern","Tiny Chest","Singing Bowl","War Paint","Bronze Scales","Regal Pillow"],"potions_floor_usage":[14,16,23],"damage_taken":[{"damage":0,"enemies":"2 Louse","floor":1,"turns":4},{"damage":1,"enemies":"Cultist","floor":3,"turns":4},{"damage":20,"enemies":"Gremlin Nob","floor":7,"turns":4},{"damage":0,"enemies":"Jaw Worm","floor":8,"turns":3},{"damage":12,"enemies":"3 Sentries","floor":14,"turns":7},{"damage":3,"enemies":"Hexaghost","floor":16,"turns":9},{"damage":8,"enemies":"Shell Parasite","floor":18,"turns":10},{"damage":23,"enemies":"2 Thieves","floor":19,"turns":5},{"damage":16,"enemies":"Shelled Parasite and Fungi","floor":20,"turns":8},{"damage":5,"enemies":"Slavers","floor":23,"turns":1}],"seed_played":"-1776901034776489363","potions_obtained":[{"floor":3,"key":"Fire Potion"},{"floor":14,"key":"GhostInAJar"},{"floor":19,"key":"Fire Potion"}],"is_trial":false,"path_per_floor":["M","?","M","?","$","R","E","M","T","R","$","?","T","E","R","B",null,"M","M","M","?","?","E"],"character_chosen":"THE_SILENT","items_purchased":["Lantern","Backflip","Accuracy"],"campfire_rested":0,"item_purchase_floors":[5,5,11],"current_hp_per_floor":[70,70,69,58,58,58,38,38,38,38,38,61,61,51,51,48,66,58,35,19,3,3,0],"gold":220,"neow_bonus":"RANDOM_COLORLESS","is_prod":false,"is_daily":false,"chose_seed":false,"campfire_upgraded":3,"win_rate":0,"timestamp":1551474116,"path_taken":["M","?","?","?","$","R","E","M","T","R","$","?","?","E","R","BOSS","M","M","M","?","?","E"],"build_version":"2019-01-23","purchased_purges":0,"victory":false,"max_hp_per_floor":[70,70,70,70,70,70,70,70,70,70,70,70,70,72,72,72,72,72,72,72,72,72,72],"card_choices":[{"not_picked":["Slice","Sucker Punch"],"picked":"Skewer","floor":1},{"not_picked":["Heel Hook","Dagger Spray"],"picked":"Infinite Blades","floor":3},{"not_picked":["Prepared","Predator"],"picked":"Envenom","floor":7},{"not_picked":["Skewer","Bane"],"picked":"Prepared","floor":8},{"not_picked":["Heel Hook","Poisoned Stab","Skewer"],"picked":"Singing Bowl","floor":14},{"not_picked":["Grand Finale","Doppelganger"],"picked":"Burst","floor":16},{"not_picked":["Backflip","Outmaneuver+1"],"picked":"Footwork","floor":18},{"not_picked":["Acrobatics","Footwork"],"picked":"Well Laid Plans","floor":19},{"not_picked":["PiercingWail","Concentrate"],"picked":"Reflex","floor":20}],"player_experience":400177,"relics_obtained":[{"floor":7,"key":"Tiny Chest"},{"floor":9,"key":"Singing Bowl"},{"floor":13,"key":"War Paint"},{"floor":14,"key":"Bronze Scales"}],"event_choices":[{"damage_healed":0,"gold_gain":0,"player_choice":"Bought 0 Potions","damage_taken":0,"max_hp_gain":0,"max_hp_loss":0,"event_name":"The Woman in Blue","floor":2,"gold_loss":0},{"damage_healed":0,"gold_gain":75,"player_choice":"Gather Gold","damage_taken":11,"max_hp_gain":0,"max_hp_loss":0,"event_name":"World of Goop","floor":4,"gold_loss":0},{"damage_healed":23,"gold_gain":0,"player_choice":"Banana","damage_taken":0,"max_hp_gain":0,"max_hp_loss":0,"event_name":"Big Fish","floor":12,"gold_loss":0},{"damage_healed":0,"gold_gain":0,"player_choice":"Obtained Book","damage_taken":16,"max_hp_gain":0,"max_hp_loss":0,"event_name":"Cursed Tome","floor":21,"gold_loss":0},{"damage_healed":0,"gold_gain":0,"player_choice":"Opened","damage_taken":0,"relics_obtained":["Regal Pillow"],"max_hp_gain":0,"max_hp_loss":0,"event_name":"The Mausoleum","floor":22,"gold_loss":0}],"is_beta":false,"boss_relics":[{"not_picked":["Astrolabe","Eternal Feather"],"picked":"Ring of the Serpent"}],"items_purged_floors":[],"is_endless":false,"potions_floor_spawned":[3,14,19],"killed_by":"Slavers","ascension_level":5}