{"path_per_floor":["M","M","T","$","?","R","E","M","T","?","?","R","E","M","R","B",null,"M","M","$","M","?"],"character_chosen":"DEFECT","items_purchased":["Capacitor","Auto Shields","Leap","Master of Strategy"],"gold_per_floor":[109,128,155,66,66,66,101,117,140,170,150,150,182,202,202,307,307,324,336,30,44,44,44],"floor_reached":23,"campfire_rested":3,"playtime":2121,"current_hp_per_floor":[70,61,61,61,54,75,46,39,39,39,39,61,33,32,54,10,75,47,39,39,22,22,0],"items_purged":["Defend_B"],"gold":44,"score":199,"play_id":"f092dee5-1558-43e5-9224-4b26166f854d","local_time":"20180428082604","is_prod":false,"is_daily":false,"chose_seed":false,"is_ascension_mode":false,"campfire_upgraded":0,"timestamp":1524900364,"path_taken":["M","M","?","$","?","R","E","M","T","?","?","R","E","M","R","BOSS","M","M","$","M","?","E"],"build_version":"2018-04-27","seed_source_timestamp":1492674659995157,"purchased_purges":1,"victory":false,"master_deck":["Defend_B","Defend_B","Defend_B","Zap","Dualcast","Genetic Algorithm","Streamline","Capacitor","Auto Shields","Axe Kick","Cold Snap","Machine Learning","Fission+1","Hologram+1","Leap+1","Doom and Gloom+1","White Noise+1","Leap+1","Master of Strategy+1","Stack+1"],"max_hp_per_floor":[75,75,75,75,75,75,75,75,75,75,75,75,75,75,75,75,75,75,75,75,75,75,75],"relics":["Cracked Core","Juzu Bracelet","Toxic Egg 2","Lantern","Gremlin Horn","Astrolabe"],"card_choices":[{"not_picked":["Coolheaded","Chaos"],"picked":"Genetic Algorithm","floor":1},{"not_picked":["Go for the Eyes","Beam Cell"],"picked":"Streamline","floor":2},{"not_picked":["Skim","Beam Cell"],"picked":"Axe Kick","floor":7},{"not_picked":["Stack","Ball Lightning"],"picked":"Cold Snap","floor":13},{"not_picked":["Auto Shields","Go for the Eyes"],"picked":"Machine Learning","floor":14},{"not_picked":["Reboot","Prime"],"picked":"Fission","floor":16},{"not_picked":["Steam Power","Ball Lightning"],"picked":"White Noise","floor":18},{"not_picked":["Chaos","Aggregate"],"picked":"Stack","floor":21}],"player_experience":1605,"potions_floor_usage":[13,16,16,23],"damage_taken":[{"damage":5,"enemies":"Cultist","floor":1,"turns":4},{"damage":9,"enemies":"Jaw Worm","floor":2,"turns":4},{"damage":29,"enemies":"Gremlin Nob","floor":7,"turns":5},{"damage":7,"enemies":"2 Louse","floor":8,"turns":2},{"damage":28,"enemies":"Lagavulin","floor":13,"turns":8},{"damage":1,"enemies":"Looter","floor":14,"turns":2},{"damage":44,"enemies":"The Guardian","floor":16,"turns":15},{"damage":28,"enemies":"2 Thieves","floor":18,"turns":3},{"damage":8,"enemies":"Chosen","floor":19,"turns":7},{"damage":17,"enemies":"Snake Plant","floor":21,"turns":4},{"damage":28,"enemies":"Gremlin Leader","floor":23,"turns":6}],"event_choices":[{"event_name":"Golden Wing","player_choice":"Card Removal","floor":5,"damage_taken":0},{"event_name":"Dead Adventurer","player_choice":"Searched \u00272\u0027 times","floor":10,"damage_taken":0},{"event_name":"The Woman in Blue","player_choice":"Bought 1 Potion","floor":11,"damage_taken":0},{"event_name":"Drug Dealer","player_choice":"Ignored","floor":22,"damage_taken":0}],"boss_relics":[{"not_picked":["Tiny House","Runic Dome"],"picked":"Astrolabe"}],"potions_floor_spawned":[13,14,21],"seed_played":"-1647540365439619650","killed_by":"Gremlin Leader","ascension_level":0,"is_trial":false}