{"gold_per_floor":[117,117,42,117,117,142,142,175,221,236,246,273,289,289],"floor_reached":14,"playtime":407,"items_purged":["Strike_R"],"score":308,"play_id":"6e00da2e-091c-414d-9d89-da99d0596e97","local_time":"20190303010700","is_ascension_mode":true,"campfire_choices":[{"data":"Bash","floor":7,"key":"SMITH"}],"neow_cost":"NONE","seed_source_timestamp":100208011115584,"circlet_count":0,"master_deck":["AscendersBane","Strike_R","Strike_R","Strike_R","Strike_R","Defend_R","Defend_R","Defend_R","Bash+1","Pummel","True Grit","Headbutt","Thunderclap","Warcry","Fire Breathing"],"relics":["Burning Blood","NeowsBlessing","Omamori","Self Forming Clay","Centennial Puzzle","Ancient Tea Set"],"potions_floor_usage":[12],"damage_taken":[{"damage":0,"enemies":"Cultist","floor":1,"turns":1},{"damage":0,"enemies":"Gremlin Nob","floor":6,"turns":1},{"damage":0,"enemies":"3 Sentries","floor":8,"turns":2},{"damage":6,"enemies":"Small Slimes","floor":10,"turns":4},{"damage":0,"enemies":"Jaw Worm","floor":11,"turns":3},{"damage":57,"enemies":"Lagavulin","floor":12,"turns":9},{"damage":18,"enemies":"Red Slaver","floor":13,"turns":5},{"damage":1,"enemies":"Exordium Wildlife","floor":14,"turns":2}],"seed_played":"-1740981487808335610","potions_obtained":[{"floor":10,"key":"Weak Potion"},{"floor":12,"key":"FearPotion"},{"floor":13,"key":"Weak Potion"}],"is_trial":false,"path_per_floor":["M","?","$","?","?","E","R","E","T","M","M","E","M","M"],"character_chosen":"IRONCLAD","items_purchased":[],"campfire_rested":0,"item_purchase_floors":[],"current_hp_per_floor":[74,79,79,68,68,74,74,80,80,80,80,29,17,16],"gold":289,"neow_bonus":"THREE_ENEMY_KILL","is_prod":false,"is_daily":false,"chose_seed":false,"campfire_upgraded":1,"win_rate":0,"timestamp":1551542820,"path_taken":["M","?","$","?","?","E","R","E","T","M","M","E","M","M"],"build_version":"2019-01-23","purchased_purges":1,"victory":false,"max_hp_per_floor":[75,80,80,80,80,80,80,80,80,80,80,80,80,80],"card_choices":[{"not_picked":["Body Slam","Twin Strike","Dual Wield"],"picked":"SKIP","floor":1},{"not_picked":["Ghostly Armor","Blood for Blood"],"picked":"True Grit","floor":6},{"not_picked":["Pommel Strike","Double Tap"],"picked":"Headbutt","floor":8},{"not_picked":["Anger","Sword Boomerang"],"picked":"Thunderclap","floor":10},{"not_picked":["Armaments","Shrug It Off"],"picked":"Warcry","floor":11},{"not_picked":["Entrench","Infernal Blade"],"picked":"Fire Breathing","floor":12},{"not_picked":["Limit Break","Clothesline","True Grit"],"picked":"SKIP","floor":13}],"player_experience":1018021,"relics_obtained":[{"floor":6,"key":"Omamori"},{"floor":8,"key":"Self Forming Clay"},{"floor":9,"key":"Centennial Puzzle"},{"floor":12,"key":"Ancient Tea Set"}],"event_choices":[{"damage_healed":0,"gold_gain":0,"player_choice":"Donut","damage_taken":0,"max_hp_gain":5,"max_hp_loss":0,"event_name":"Big Fish","floor":2,"gold_loss":0},{"damage_healed":0,"gold_gain":75,"player_choice":"Gather Gold","damage_taken":11,"max_hp_gain":0,"max_hp_loss":0,"event_name":"World of Goop","floor":4,"gold_loss":0},{"damage_healed":0,"gold_gain":0,"cards_transformed":["Defend_R"],"player_choice":"Transformed","damage_taken":0,"max_hp_gain":0,"max_hp_loss":0,"event_name":"Transmorgrifier","floor":5,"gold_loss":0,"cards_obtained":["Pummel"]}],"is_beta":false,"boss_relics":[],"items_purged_floors":[3],"is_endless":false,"potions_floor_spawned":[10,12,13],"killed_by":"Exordium Wildlife","ascension_level":19}