{"gold_per_floor":[119,37,61,61,61,81,81,97,177,194,205,220,220,237,237,340,340,354,371,195,214,233,233,252,252,329,329,244,264,277,94,94,189,189,202,220,268,0,0,0,0,13,39,39],"floor_reached":44,"playtime":2649,"items_purged":["Strike_G","Strike_G"],"score":404,"play_id":"6f2444e4-7cd9-4560-a08b-d5a1c8f5148c","local_time":"20181014234350","is_ascension_mode":false,"campfire_choices":[{"data":"Accuracy","floor":7,"key":"SMITH"},{"data":"Cloak And Dagger","floor":15,"key":"SMITH"},{"floor":23,"key":"REST"},{"data":"Storm of Steel","floor":27,"key":"SMITH"},{"floor":32,"key":"REST"},{"floor":40,"key":"REST"}],"neow_cost":"NONE","seed_source_timestamp":417000156525648,"circlet_count":0,"master_deck":["Defend_G","Defend_G","Defend_G","Defend_G","Defend_G","Strike_G+1","Strike_G","Strike_G","Survivor+1","Neutralize","Backstab","Cloak And Dagger+1","Accuracy+1","Blade Dance+1","Adrenaline","Blade Dance","Cloak And Dagger","Storm of Steel+1","Finisher","Infinite Blades","Backflip+1","Well Laid Plans","Infinite Blades","Acrobatics+1","RitualDagger","Envenom","Finisher+1","Mayhem","A Thousand Cuts","Footwork","Footwork","Mind Blast","Mind Blast","Footwork+1"],"relics":["Ring of the Serpent","Bag of Preparation","Pear","Sozu","Gremlin Horn","Boot","Calipers","War Paint"],"potions_floor_usage":[30,37],"damage_taken":[{"damage":0,"enemies":"Cultist","floor":1,"turns":4},{"damage":0,"enemies":"2 Louse","floor":6,"turns":3},{"damage":0,"enemies":"Small Slimes","floor":8,"turns":2},{"damage":1,"enemies":"Exordium Thugs","floor":10,"turns":3},{"damage":0,"enemies":"2 Fungi Beasts","floor":11,"turns":3},{"damage":0,"enemies":"Gremlin Gang","floor":12,"turns":4},{"damage":0,"enemies":"Red Slaver","floor":14,"turns":3},{"damage":33,"enemies":"Hexaghost","floor":16,"turns":8},{"damage":11,"enemies":"2 Thieves","floor":18,"turns":4},{"damage":0,"enemies":"Chosen","floor":19,"turns":3},{"damage":19,"enemies":"Snecko","floor":21,"turns":4},{"damage":27,"enemies":"Shelled Parasite and Fungi","floor":22,"turns":4},{"damage":7,"enemies":"Centurion and Healer","floor":24,"turns":3},{"damage":12,"enemies":"Snake Plant","floor":29,"turns":4},{"damage":0,"enemies":"3 Cultists","floor":30,"turns":3},{"damage":39,"enemies":"Collector","floor":33,"turns":6},{"damage":2,"enemies":"3 Shapes","floor":35,"turns":5},{"damage":10,"enemies":"Orb Walker","floor":36,"turns":4},{"damage":40,"enemies":"Mysterious Sphere","floor":37,"turns":6},{"damage":33,"enemies":"3 Darklings","floor":42,"turns":4},{"damage":36,"enemies":"2 Orb Walkers","floor":44,"turns":4}],"seed_played":"-4806735210334238409","potions_obtained":[{"floor":10,"key":"GamblersBrew"},{"floor":11,"key":"Dexterity Potion"},{"floor":12,"key":"GamblersBrew"},{"floor":14,"key":"Energy Potion"}],"is_trial":false,"path_per_floor":["M","$","T","?","?","M","R","M","T","M","M","M","?","M","R","B",null,"M","M","$","M","M","R","M","?","T","R","?","M","M","$","R","B",null,"M","M","?","$","?","R","?","M","T"],"character_chosen":"THE_SILENT","items_purchased":["Accuracy","Backflip","Well Laid Plans","Mayhem","Footwork","Mind Blast"],"campfire_rested":3,"item_purchase_floors":[2,20,20,31,38,38],"current_hp_per_floor":[70,70,70,75,75,75,75,75,85,84,84,84,67,67,67,34,85,74,74,74,55,28,53,46,40,40,40,40,28,28,28,53,14,85,83,73,33,33,33,58,58,25,25,0],"gold":39,"neow_bonus":"THREE_CARDS","is_prod":false,"is_daily":false,"chose_seed":false,"campfire_upgraded":3,"win_rate":0,"timestamp":1539575030,"path_taken":["M","$","?","?","?","M","R","M","T","M","M","M","?","?","R","BOSS","M","?","$","M","M","R","M","?","T","R","?","M","M","?","R","BOSS","M","M","?","$","?","R","?","M","T","E"],"build_version":"2018-10-11","purchased_purges":2,"victory":false,"max_hp_per_floor":[70,70,70,75,75,75,75,75,85,85,85,85,85,85,85,85,85,85,85,85,85,85,85,85,85,85,85,85,85,85,85,85,85,85,85,85,85,85,85,85,81,81,81,81],"card_choices":[{"not_picked":["Catalyst","Sucker Punch"],"picked":"Backstab","floor":0},{"not_picked":["Calculated Gamble","Dagger Spray"],"picked":"Cloak And Dagger","floor":1},{"not_picked":["Slice","Flying Knee"],"picked":"Blade Dance","floor":6},{"not_picked":["Flying Knee","Underhanded Strike","Dagger Throw"],"picked":"SKIP","floor":8},{"not_picked":["Underhanded Strike","PiercingWail"],"picked":"Adrenaline","floor":10},{"not_picked":["Dodge and Roll","Poisoned Stab"],"picked":"Blade Dance","floor":11},{"not_picked":["Infinite Blades","Flechettes"],"picked":"Cloak And Dagger","floor":12},{"not_picked":["Dodge and Roll","Poisoned Stab","Underhanded Strike"],"picked":"SKIP","floor":14},{"not_picked":["Grand Finale","Phantasmal Killer"],"picked":"Storm of Steel","floor":16},{"not_picked":["Poisoned Stab","Dagger Spray"],"picked":"Finisher","floor":18},{"not_picked":["Deflect+1","Caltrops"],"picked":"Infinite Blades","floor":19},{"not_picked":["Outmaneuver","Slice","Poisoned Stab"],"picked":"SKIP","floor":21},{"not_picked":["Dagger Spray","PiercingWail"],"picked":"Infinite Blades","floor":22},{"not_picked":["Poisoned Stab","Quick Slash"],"picked":"Acrobatics+1","floor":24},{"not_picked":["Dodge and Roll","Outmaneuver"],"picked":"Envenom","floor":29},{"not_picked":["Infinite Blades","Reflex"],"picked":"Finisher+1","floor":30},{"not_picked":["Grand Finale","Burst"],"picked":"A Thousand Cuts","floor":33},{"not_picked":["Well Laid Plans","Deflect+1","Predator+1"],"picked":"SKIP","floor":35},{"not_picked":["Catalyst","Backflip+1","Acrobatics+1"],"picked":"SKIP","floor":36},{"not_picked":["PiercingWail+1","Catalyst"],"picked":"Footwork","floor":37},{"not_picked":["Purity","Finesse"],"picked":"Mind Blast","floor":39},{"not_picked":["Backflip","Dagger Spray+1"],"picked":"Footwork+1","floor":42}],"player_experience":605078,"relics_obtained":[{"floor":3,"key":"Bag of Preparation"},{"floor":9,"key":"Pear"},{"floor":26,"key":"Gremlin Horn"},{"floor":37,"key":"Calipers"},{"floor":43,"key":"War Paint"}],"event_choices":[{"event_name":"Big Fish","player_choice":"Donut","floor":4,"damage_taken":0},{"event_name":"Wheel of Change","player_choice":"Full Heal","floor":5,"damage_taken":0},{"event_name":"Shining Light","player_choice":"Entered Light","floor":13,"damage_taken":0},{"event_name":"Nest","player_choice":"Joined the Cult","floor":25,"damage_taken":0},{"event_name":"Addict","player_choice":"Obtained Relic","floor":28,"damage_taken":0},{"event_name":"Mysterious Sphere","player_choice":"Fight","floor":37,"damage_taken":0},{"event_name":"SensoryStone","player_choice":"Memory 1","floor":39,"damage_taken":0},{"event_name":"Winding Halls","player_choice":"Max HP","floor":41,"damage_taken":0}],"is_beta":false,"boss_relics":[{"not_picked":["Philosopher\u0027s Stone","Orrery"],"picked":"Sozu"},{"not_picked":["Calling Bell","Black Star"],"picked":"Ring of the Serpent"}],"items_purged_floors":[20,38],"is_endless":false,"potions_floor_spawned":[10,11,12,14,18,19,33,37],"killed_by":"2 Orb Walkers","ascension_level":0}