{"gold_per_floor":[211,211,286,310,325,364,364,385,385,385,20,45,85,103,103,222,222,245,270,270,291,124,124,124,182,236,282,242,261,279,314,314,314],"floor_reached":33,"playtime":3240,"items_purged":[],"score":476,"play_id":"cb86aee7-40ff-429d-a1b6-0c925424a2ec","local_time":"20190213194911","is_ascension_mode":true,"campfire_choices":[{"floor":7,"key":"REST"},{"data":"Bash","floor":10,"key":"SMITH"},{"floor":15,"key":"REST"},{"data":"HandOfGreed","floor":23,"key":"SMITH"},{"data":"Impervious","floor":32,"key":"SMITH"}],"neow_cost":"NONE","seed_source_timestamp":1809823285734300,"circlet_count":0,"master_deck":["Defend_R","Defend_R","Defend_R","Defend_R+1","Bash+1","Whirlwind","Disarm","Inflame","Inflame","Flex","Battle Trance","Impervious+1","Iron Wave","Shrug It Off","Combust+1","HandOfGreed+1","Bite","Bite","Bite","Bite","Bite+1","Ghostly Armor","Ghostly Armor","Seeing Red"],"relics":["Burning Blood","Golden Idol","Bag of Preparation","Calipers","Singing Bowl","Lantern","Strange Spoon","Bottled Flame","Velvet Choker","Sundial","Bottled Tornado"],"potions_floor_usage":[6,16,16,25,29,31,31,33,33],"damage_taken":[{"damage":8,"enemies":"2 Louse","floor":1,"turns":4},{"damage":0,"enemies":"Small Slimes","floor":5,"turns":2},{"damage":23,"enemies":"Gremlin Nob","floor":6,"turns":5},{"damage":4,"enemies":"Jaw Worm","floor":8,"turns":5},{"damage":21,"enemies":"Exordium Thugs","floor":12,"turns":3},{"damage":30,"enemies":"3 Sentries","floor":13,"turns":5},{"damage":0,"enemies":"3 Louse","floor":14,"turns":1},{"damage":36,"enemies":"Slime Boss","floor":16,"turns":8},{"damage":3,"enemies":"Chosen","floor":18,"turns":5},{"damage":0,"enemies":"3 Byrds","floor":19,"turns":4},{"damage":20,"enemies":"Snake Plant","floor":21,"turns":5},{"damage":6,"enemies":"Gremlin Leader","floor":25,"turns":8},{"damage":9,"enemies":"3 Cultists","floor":27,"turns":4},{"damage":9,"enemies":"Sentry and Sphere","floor":29,"turns":5},{"damage":18,"enemies":"Snake Plant","floor":30,"turns":5},{"damage":8,"enemies":"Book of Stabbing","floor":31,"turns":6},{"damage":90,"enemies":"Automaton","floor":33,"turns":6}],"seed_played":"-4560151135933045160","potions_obtained":[{"floor":1,"key":"SkillPotion"},{"floor":5,"key":"Ancient Potion"},{"floor":13,"key":"Block Potion"},{"floor":14,"key":"PowerPotion"},{"floor":21,"key":"Explosive Potion"},{"floor":27,"key":"Energy Potion"},{"floor":29,"key":"Block Potion"},{"floor":30,"key":"GamblersBrew"},{"floor":31,"key":"AttackPotion"}],"is_trial":false,"path_per_floor":["M","?","?","T","M","E","R","M","T","R","$","M","E","M","R","B",null,"M","M","$","M","$","R","?","E","T","M","?","M","M","E","R","B"],"character_chosen":"IRONCLAD","items_purchased":["Lantern","Strange Spoon","HandOfGreed"],"campfire_rested":2,"item_purchase_floors":[11,11,22],"current_hp_per_floor":[70,50,39,39,45,28,52,54,54,54,54,39,17,23,47,17,66,69,75,75,61,61,61,57,57,57,57,57,59,58,61,61,0],"gold":314,"neow_bonus":"HUNDRED_GOLD","is_prod":false,"is_daily":false,"chose_seed":false,"campfire_upgraded":3,"win_rate":0,"timestamp":1550105351,"path_taken":["M","?","?","?","M","E","R","M","T","R","$","M","E","M","R","BOSS","M","M","$","M","$","R","?","E","T","M","?","M","M","E","R","BOSS"],"build_version":"2019-01-23","purchased_purges":0,"victory":false,"max_hp_per_floor":[80,80,80,80,80,80,80,80,80,80,80,80,82,82,82,82,82,82,82,82,82,82,82,57,57,57,57,57,59,59,61,61,61],"card_choices":[{"not_picked":["Dropkick","Second Wind"],"picked":"Whirlwind","floor":1},{"not_picked":["Dropkick","Warcry"],"picked":"Disarm","floor":5},{"not_picked":["Shockwave","Anger"],"picked":"Inflame","floor":6},{"not_picked":["Anger","Havoc"],"picked":"Inflame","floor":8},{"not_picked":["Infernal Blade","True Grit"],"picked":"Flex","floor":12},{"not_picked":["Warcry","Evolve","Clothesline"],"picked":"Singing Bowl","floor":13},{"not_picked":["Ghostly Armor","Cleave"],"picked":"Battle Trance","floor":14},{"not_picked":["Bludgeon","Barricade"],"picked":"Impervious","floor":16},{"not_picked":["Body Slam+1","Warcry"],"picked":"Iron Wave","floor":18},{"not_picked":["Intimidate","Wild Strike+1"],"picked":"Shrug It Off","floor":19},{"not_picked":["Burning Pact+1","Dropkick"],"picked":"Combust+1","floor":21},{"not_picked":["Twin Strike+1","Brutality"],"picked":"Ghostly Armor","floor":25},{"not_picked":["Dropkick","Second Wind+1"],"picked":"Ghostly Armor","floor":27},{"not_picked":["Disarm","Anger","Flex+1"],"picked":"Singing Bowl","floor":29},{"not_picked":["Perfected Strike","Headbutt"],"picked":"Seeing Red","floor":30},{"not_picked":["Whirlwind","Power Through+1","True Grit+1"],"picked":"Singing Bowl","floor":31}],"player_experience":484131,"relics_obtained":[{"floor":4,"key":"Bag of Preparation"},{"floor":6,"key":"Calipers"},{"floor":9,"key":"Singing Bowl"},{"floor":13,"key":"Bottled Flame"},{"floor":25,"key":"Sundial"},{"floor":31,"key":"Bottled Tornado"}],"event_choices":[{"damage_healed":0,"gold_gain":0,"player_choice":"Take Damage","damage_taken":20,"relics_obtained":["Golden Idol"],"max_hp_gain":0,"max_hp_loss":0,"event_name":"Golden Idol","floor":2,"gold_loss":0},{"damage_healed":0,"gold_gain":75,"player_choice":"Gather Gold","damage_taken":11,"max_hp_gain":0,"max_hp_loss":0,"event_name":"World of Goop","floor":3,"gold_loss":0},{"damage_healed":0,"gold_gain":0,"player_choice":"Became a vampire","damage_taken":0,"max_hp_gain":0,"max_hp_loss":25,"event_name":"Vampires","floor":24,"gold_loss":0,"cards_obtained":["Bite","Bite","Bite","Bite","Bite"]},{"damage_healed":0,"gold_gain":0,"player_choice":"Upgraded Two","damage_taken":0,"max_hp_gain":0,"max_hp_loss":0,"event_name":"Designer","floor":28,"gold_loss":40,"cards_upgraded":["Defend_R","Bite"]}],"is_beta":false,"boss_relics":[{"not_picked":["Busted Crown","Pandora\u0027s Box"],"picked":"Velvet Choker"}],"items_purged_floors":[],"is_endless":false,"potions_floor_spawned":[1,5,13,14,21,27,29,30,31],"killed_by":"Automaton","ascension_level":8}