{"path_per_floor":["M","M","?","?","M","E","R","M","T","M","R","M","?","M","R","B",null,"M","$","?","$","?","R","M","M","T","T","R","M","R","M","R","B",null,"M","?","?","?","M"],"character_chosen":"THE_SILENT","items_purchased":["Noxious Fumes","Frozen Egg 2"],"gold_per_floor":[109,129,129,129,148,178,178,194,194,206,206,223,247,261,261,364,364,378,51,51,51,51,51,0,13,65,112,112,124,124,136,136,238,238,254,254,254,0,11],"floor_reached":40,"campfire_rested":5,"playtime":3482,"current_hp_per_floor":[68,66,66,66,66,16,52,52,52,50,50,42,36,35,70,45,70,49,49,33,33,33,69,57,55,55,55,55,17,53,45,70,26,70,53,53,53,53,37],"items_purged":[],"gold":11,"score":379,"play_id":"973e4a14-d422-4992-bf68-ae016a6dfd31","is_prod":false,"is_daily":false,"is_ascension_mode":true,"campfire_upgraded":2,"path_taken":["M","M","?","?","M","E","R","M","T","M","R","?","?","M","R","BOSS","M","$","?","$","?","R","M","M","T","?","R","M","R","?","R","BOSS","M","?","?","?","?","E"],"build_version":"2018-02-15-PROD1","purchased_purges":0,"victory":false,"master_deck":["Defend_G","Defend_G","Defend_G","Defend_G","Defend_G","Strike_G","Strike_G","Strike_G","Strike_G","Strike_G","Survivor","Envenom+1","Cloak And Dagger","Leg Sweep","Normality","Backflip","Poisoned Stab","Footwork","Dagger Throw","Acrobatics","Crippling Poison","Tactician","Acrobatics","Noxious Fumes+1","Necronomicurse","Writhe","Backflip+1","Tools of the Trade+1","Backflip","Backstab","Backflip+1","Noxious Fumes+1"],"max_hp_per_floor":[70,70,70,70,70,70,70,70,70,70,70,70,70,70,70,70,70,70,70,70,70,70,70,70,70,70,70,70,70,70,70,70,70,70,70,70,70,70,70],"relics":["Ring of the Snake","Regal Pillow","Bag of Marbles","Sundial","Odd Mushroom","The Specimen","Frozen Egg 2","Necronomicon","Shuriken","Prayer Wheel","Oddly Smooth Stone","Sozu","Red Mask"],"card_choices":[{"not_picked":["Sucker Punch","Deflect"],"picked":"Cloak And Dagger"},{"not_picked":["Blade Dance","Sucker Punch"],"picked":"Leg Sweep"},{"not_picked":["Outmaneuver","All Out Attack"],"picked":"Backflip"},{"not_picked":["Sucker Punch","Blur"],"picked":"Poisoned Stab"},{"not_picked":["Bouncing Flask","Burst"],"picked":"Footwork"},{"not_picked":["Flying Knee","Dodge and Roll"],"picked":"Dagger Throw"},{"not_picked":["Backflip","Expertise"],"picked":"Acrobatics"},{"not_picked":["Endless Agony","Leg Sweep"],"picked":"Crippling Poison"},{"not_picked":["Wraith Form","Corpse Explosion"],"picked":"Tactician"},{"not_picked":["Flying Knee","Masterful Stab"],"picked":"Acrobatics"},{"not_picked":["Dagger Throw","Dagger Spray"],"picked":"Backflip"},{"not_picked":["Crippling Poison","Quick Slash"],"picked":"Tools of the Trade"},{"not_picked":["Slice","Poisoned Stab"],"picked":"Backflip"},{"not_picked":["Deadly Poison","PiercingWail"],"picked":"Backstab"},{"not_picked":["All Out Attack","Setup"],"picked":"Backflip"}],"player_experience":148129,"potions_floor_usage":[13,16,18,29,33,33],"damage_taken":[{"damage":2,"enemies":"Small Slimes","floor":1,"turns":3},{"damage":2,"enemies":"Cultist","floor":2,"turns":4},{"damage":0,"enemies":"2 Louse","floor":5,"turns":4},{"damage":50,"enemies":"3 Sentries","floor":6,"turns":16},{"damage":0,"enemies":"2 Fungi Beasts","floor":8,"turns":4},{"damage":2,"enemies":"Blue Slaver","floor":10,"turns":7},{"damage":8,"enemies":"Exordium Thugs","floor":12,"turns":6},{"damage":6,"enemies":"The Mushroom Lair","floor":13,"turns":4},{"damage":1,"enemies":"Exordium Wildlife","floor":14,"turns":6},{"damage":25,"enemies":"The Guardian","floor":16,"turns":14},{"damage":21,"enemies":"Chosen","floor":18,"turns":7},{"damage":12,"enemies":"2 Thieves","floor":24,"turns":4},{"damage":2,"enemies":"Centurion and Healer","floor":25,"turns":9},{"damage":38,"enemies":"3 Cultists","floor":29,"turns":8},{"damage":8,"enemies":"Sentry and Sphere","floor":31,"turns":7},{"damage":44,"enemies":"Automaton","floor":33,"turns":12},{"damage":17,"enemies":"Orb Walker","floor":35,"turns":4},{"damage":16,"enemies":"3 Darklings","floor":39,"turns":5},{"damage":80,"enemies":"Giant Head","floor":40,"turns":11}],"event_choices":[{"event_name":"Accursed Blacksmith","player_choice":"Rummage","floor":3,"damage_taken":0},{"event_name":"Liars Game","player_choice":"disagreed","floor":4,"damage_taken":0},{"event_name":"Mushrooms","player_choice":"Fought Mushrooms","floor":13,"damage_taken":0},{"event_name":"Cursed Tome","player_choice":"Obtained Book","floor":20,"damage_taken":0},{"event_name":"The Mausoleum","player_choice":"Yes","floor":22,"damage_taken":0},{"event_name":"Duplicator","player_choice":"One dupe","floor":37,"damage_taken":0},{"event_name":"Tomb of Lord Red Mask","player_choice":"Paid","floor":38,"damage_taken":0}],"boss_relics":[{"not_picked":["Question Card","Black Star"],"picked":"The Specimen"},{"not_picked":["Snecko Eye","Velvet Choker"],"picked":"Sozu"}],"potions_floor_spawned":[6,8,12,13,16,25,31,39],"seed_played":"-6868809916710345396","killed_by":"Giant Head","ascension_level":1,"is_trial":false}