{"gold_per_floor":[117,129,143,143,68,68,80,80,80,80,155,178,196,121,121,121],"floor_reached":16,"playtime":425,"items_purged":["Defend_R"],"score":176,"play_id":"e5edc7b2-ce71-44ee-8462-78246c292b8e","local_time":"20190302192406","is_ascension_mode":true,"campfire_choices":[{"data":"Ghostly Armor","floor":6,"key":"SMITH"},{"data":"Bash","floor":8,"key":"SMITH"},{"data":"Flex","floor":10,"key":"SMITH"},{"data":"Defend_R","floor":15,"key":"SMITH"}],"neow_cost":"NONE","seed_source_timestamp":79615279966112,"circlet_count":0,"master_deck":["AscendersBane","Strike_R","Strike_R","Strike_R","Strike_R","Defend_R+1","Defend_R","Bash+1","Flex+1","Ghostly Armor+1"],"relics":["Burning Blood","Bottled Flame","PreservedInsect"],"potions_floor_usage":[16],"damage_taken":[{"damage":8,"enemies":"Cultist","floor":1,"turns":5},{"damage":7,"enemies":"Jaw Worm","floor":2,"turns":4},{"damage":3,"enemies":"2 Louse","floor":3,"turns":3},{"damage":19,"enemies":"2 Fungi Beasts","floor":7,"turns":4},{"damage":6,"enemies":"Looter","floor":13,"turns":3},{"damage":60,"enemies":"Slime Boss","floor":16,"turns":5}],"seed_played":"1024220582924443160","potions_obtained":[{"floor":1,"key":"Dexterity Potion"},{"floor":13,"key":"AttackPotion"}],"is_trial":false,"path_per_floor":["M","M","M","?","?","R","M","R","T","R","?","T","M","$","R","B"],"character_chosen":"IRONCLAD","items_purchased":[],"campfire_rested":0,"item_purchase_floors":[],"current_hp_per_floor":[66,65,68,73,73,73,60,60,60,60,49,49,49,49,49,0],"gold":121,"neow_bonus":"REMOVE_CARD","is_prod":false,"is_daily":false,"chose_seed":false,"campfire_upgraded":4,"win_rate":0,"timestamp":1551522246,"path_taken":["M","?","M","?","?","R","M","R","T","R","?","?","?","$","R","BOSS"],"build_version":"2019-01-23","purchased_purges":1,"victory":false,"max_hp_per_floor":[75,75,75,80,80,80,80,80,80,80,80,80,80,80,80,80],"card_choices":[{"not_picked":["Carnage","Second Wind"],"picked":"Flex","floor":1},{"not_picked":["Burning Pact","Armaments","Sentinel"],"picked":"SKIP","floor":2},{"not_picked":["Clash","Armaments"],"picked":"Ghostly Armor","floor":3},{"not_picked":["Iron Wave","Wild Strike","Shrug It Off"],"picked":"SKIP","floor":7},{"not_picked":["Wild Strike","Flex","Shrug It Off"],"picked":"SKIP","floor":13}],"player_experience":999631,"relics_obtained":[{"floor":9,"key":"Bottled Flame"},{"floor":12,"key":"PreservedInsect"}],"event_choices":[{"damage_healed":0,"gold_gain":0,"player_choice":"Donut","damage_taken":0,"max_hp_gain":5,"max_hp_loss":0,"event_name":"Big Fish","floor":4,"gold_loss":0},{"cards_removed":["Defend_R"],"damage_healed":0,"gold_gain":0,"player_choice":"Card Removal","damage_taken":0,"max_hp_gain":0,"max_hp_loss":0,"event_name":"The Cleric","floor":5,"gold_loss":75},{"damage_healed":0,"gold_gain":75,"player_choice":"Gather Gold","damage_taken":11,"max_hp_gain":0,"max_hp_loss":0,"event_name":"World of Goop","floor":11,"gold_loss":0}],"is_beta":false,"boss_relics":[],"items_purged_floors":[14],"is_endless":false,"potions_floor_spawned":[1,13],"killed_by":"Slime Boss","ascension_level":19}