{"path_per_floor":["M","M","M","?","$","R","?","E","T","R","M","?","M","M","R","B",null,"M","$","?","M","$","R","?","T","T","?","R","$","R","?","R","B",null,"M","$","?","M","?","R","M","R","T","?","M"],"character_chosen":"IRONCLAD","items_purchased":["Pommel Strike","Inflame","Flex","Inflame","Bag of Marbles"],"gold_per_floor":[114,124,138,138,6,6,6,34,81,81,93,193,203,213,213,311,311,331,27,27,46,46,46,46,114,165,165,165,65,65,65,65,164,164,183,58,0,16,16,16,28,28,28,28,39],"floor_reached":46,"campfire_rested":2,"playtime":1259,"current_hp_per_floor":[80,72,75,75,75,75,63,52,52,52,38,38,33,35,59,59,80,80,80,80,60,60,60,60,60,60,44,44,44,44,36,60,34,83,61,61,61,63,63,63,38,38,38,38,44],"items_purged":["Defend_R","Writhe","Injury"],"gold":39,"score":548,"play_id":"2a5fadb0-013d-4330-8d76-b0eff35b18d4","local_time":"20180321001647","is_prod":false,"is_daily":false,"is_ascension_mode":true,"campfire_upgraded":7,"timestamp":1521605807,"path_taken":["M","M","?","?","$","R","?","E","T","R","M","?","M","M","R","BOSS","M","$","?","M","?","R","?","?","T","?","R","?","R","?","R","BOSS","M","?","?","M","?","R","M","R","T","?","M","M"],"build_version":"2018-03-15v3","purchased_purges":3,"victory":false,"master_deck":["Strike_R","Strike_R","Strike_R","Strike_R","Strike_R","Defend_R","Defend_R","Bash","Perfected Strike+1","Offering","Pommel Strike","Inflame","Flex","Perfected Strike+1","Shrug It Off","Flex","Flex+1","Flex","Whirlwind+1","Inflame","Seeing Red+1","Heavy Blade+1","Brutality","Heavy Blade+1"],"max_hp_per_floor":[80,80,80,80,80,80,80,80,80,80,80,80,80,80,80,80,80,80,80,80,80,80,80,80,80,80,80,80,80,80,80,80,83,83,83,83,83,83,83,83,86,86,86,86,86],"relics":["Burning Blood","Juzu Bracelet","Vajra","Dream Catcher","Cursed Key","Bag of Marbles","Mummified Hand","Anchor","Nilry\u0027s Codex","Lizard Tail","Red Mask","Red Skull"],"card_choices":[{"not_picked":["Headbutt","Clothesline"],"picked":"Perfected Strike"},{"not_picked":["Flame Barrier","Anger"],"picked":"Offering"},{"not_picked":["Burning Pact","Demon Form"],"picked":"Perfected Strike"},{"not_picked":["Fire Breathing","Armaments"],"picked":"Shrug It Off"},{"not_picked":["Anger","Body Slam"],"picked":"Flex"},{"not_picked":["Rage","Clash"],"picked":"Flex"},{"not_picked":["Warcry","Feel No Pain"],"picked":"Flex"},{"not_picked":["Bludgeon","Berserk"],"picked":"Feed"},{"not_picked":["Clothesline","Warcry"],"picked":"Whirlwind"},{"not_picked":["Havoc","Body Slam"],"picked":"Seeing Red"},{"not_picked":["Rupture","Blood for Blood"],"picked":"Heavy Blade"},{"not_picked":["Demon Form","Dark Embrace"],"picked":"Brutality"},{"not_picked":["Pommel Strike","Sword Boomerang"],"picked":"Heavy Blade"}],"player_experience":308717,"potions_floor_usage":[8,16,16,33,46],"damage_taken":[{"damage":6,"enemies":"Cultist","floor":1,"turns":3},{"damage":14,"enemies":"Jaw Worm","floor":2,"turns":3},{"damage":3,"enemies":"2 Louse","floor":3,"turns":2},{"damage":17,"enemies":"3 Sentries","floor":8,"turns":3},{"damage":20,"enemies":"Exordium Thugs","floor":11,"turns":3},{"damage":11,"enemies":"Gremlin Gang","floor":13,"turns":4},{"damage":4,"enemies":"Large Slime","floor":14,"turns":3},{"damage":6,"enemies":"Slime Boss","floor":16,"turns":4},{"damage":4,"enemies":"Chosen","floor":18,"turns":2},{"damage":26,"enemies":"2 Thieves","floor":21,"turns":2},{"damage":35,"enemies":"Collector","floor":33,"turns":4},{"damage":28,"enemies":"3 Darklings","floor":35,"turns":3},{"damage":4,"enemies":"3 Shapes","floor":38,"turns":4},{"damage":34,"enemies":"3 Darklings","floor":41,"turns":4},{"damage":0,"enemies":"Sphere and 2 Shapes","floor":45,"turns":1},{"damage":35,"enemies":"Maw","floor":46,"turns":4}],"event_choices":[{"event_name":"The Woman in Blue","player_choice":"Bought 0 Potions","floor":4,"damage_taken":0},{"event_name":"Scrap Ooze","player_choice":"success","floor":7,"damage_taken":12},{"event_name":"Golden Shrine","player_choice":"Pray","floor":12,"damage_taken":0},{"event_name":"Addict","player_choice":"Ignored","floor":20,"damage_taken":0},{"event_name":"Back to Basics","player_choice":"Elegance","floor":24,"damage_taken":0},{"event_name":"Cursed Tome","player_choice":"Obtained Book","floor":27,"damage_taken":0},{"event_name":"Knowing Skull","player_choice":"","floor":31,"damage_taken":0},{"event_name":"Tomb of Lord Red Mask","player_choice":"Paid","floor":37,"damage_taken":0},{"event_name":"Purifier","player_choice":"One Purge","floor":44,"damage_taken":0}],"boss_relics":[{"not_picked":["Astrolabe","Sozu"],"picked":"Cursed Key"},{"not_picked":["Snecko Eye","Pandora\u0027s Box"],"picked":"Lizard Tail"}],"potions_floor_spawned":[2,3,8,18,21,35,41],"seed_played":"-1119866762434757164","killed_by":"Maw","ascension_level":4,"is_trial":false}