{"gold_per_floor":[119,119,135,135,154,154,178,198,198,198,217,217,21,41,41,142,142,153,166,166,166,180,180,180,280,305,305,315,315],"floor_reached":29,"playtime":1731,"items_purged":[],"score":215,"play_id":"53a9c8cf-82c6-4773-8bc5-291ffc8f9d21","local_time":"20181009205042","is_ascension_mode":false,"campfire_choices":[{"data":"Reboot","floor":6.0,"key":"SMITH"},{"data":"Creative AI","floor":10.0,"key":"SMITH"},{"data":"Gash","floor":12.0,"key":"SMITH"},{"floor":15.0,"key":"REST"},{"floor":23,"key":"REST"},{"data":"Biased Cognition","floor":27,"key":"SMITH"}],"neow_cost":"NONE","seed_source_timestamp":0,"circlet_count":0,"master_deck":["Strike_B","Strike_B","Strike_B","Defend_B","Defend_B","Defend_B","Defend_B","Zap","Dualcast","Leap","Reboot+1","Gash+1","Creative AI+1","Sunder","Biased Cognition+1","Self Repair","Coolheaded","Writhe","Gash"],"special_seed":0,"relics":["Cracked Core","Odd Mushroom","Turnip","Runic Capacitor","Nuclear Battery","Darkstone Periapt","Potion Belt"],"potions_floor_usage":[22,28],"damage_taken":[{"damage":1.0,"enemies":"Cultist","floor":1.0,"turns":3.0},{"damage":0.0,"enemies":"2 Louse","floor":3.0,"turns":1.0},{"damage":6.0,"enemies":"Jaw Worm","floor":5.0,"turns":4.0},{"damage":14.0,"enemies":"The Mushroom Lair","floor":7.0,"turns":5.0},{"damage":1.0,"enemies":"Looter","floor":8.0,"turns":3.0},{"damage":11.0,"enemies":"Large Slime","floor":11.0,"turns":9.0},{"damage":10.0,"enemies":"2 Fungi Beasts","floor":14.0,"turns":6.0},{"damage":41.0,"enemies":"Hexaghost","floor":16.0,"turns":9.0},{"damage":26.0,"enemies":"Shell Parasite","floor":18.0,"turns":8.0},{"damage":15,"enemies":"Spheric Guardian","floor":19,"turns":5},{"damage":28,"enemies":"Snake Plant","floor":22,"turns":5},{"damage":17,"enemies":"3 Cultists","floor":28,"turns":7},{"damage":20,"enemies":"Chosen and Byrds","floor":29,"turns":8}],"seed_played":"-8875776743259535281","potions_obtained":[{"floor":3.0,"key":"SpeedPotion"},{"floor":8.0,"key":"Regen Potion"},{"floor":11.0,"key":"Poison Potion"},{"floor":18,"key":"Poison Potion"},{"floor":19,"key":"FocusPotion"}],"is_trial":false,"path_per_floor":["M","?","M","?","M","R","?","M","T","R","M","R","$","M","R","B",null,"M","M","?","?","M","R","?","?","T","R","M"],"character_chosen":"DEFECT","items_purchased":["Runic Capacitor"],"campfire_rested":2,"item_purchase_floors":[13],"current_hp_per_floor":[74,67,67,67,61,61,47,46,46,46,35,35,35,25,47,21,75,49,34,34,34,13,35,41,41,41,41,31,11],"gold":315,"neow_bonus":"THREE_CARDS","is_prod":false,"is_daily":false,"chose_seed":false,"campfire_upgraded":4,"win_rate":0,"timestamp":1539132642,"path_taken":["M","?","?","?","M","R","?","M","T","R","?","R","$","M","R","BOSS","M","M","?","?","M","R","?","?","T","R","?","?"],"build_version":"2018-10-04v2","purchased_purges":0,"victory":false,"max_hp_per_floor":[75,75,75,75,75,75,75,75,75,75,75,75,75,75,75,75,75,75,75,75,75,75,75,81,81,81,81,81,81],"card_choices":[{"not_picked":["Streamline","Go for the Eyes"],"picked":"Leap","floor":0.0},{"not_picked":["Conserve Battery","Reinforced Body","Beam Cell"],"picked":"SKIP","floor":1.0},{"not_picked":["Go for the Eyes","Auto Shields","Recycle"],"picked":"SKIP","floor":3.0},{"not_picked":["Beam Cell","Skim","Conserve Battery"],"picked":"SKIP","floor":5.0},{"not_picked":["Ball Lightning","Double Energy"],"picked":"Gash","floor":7.0},{"not_picked":["Double Energy","Undo"],"picked":"Creative AI","floor":8.0},{"not_picked":["Coolheaded","Ball Lightning","Compile Driver"],"picked":"SKIP","floor":11.0},{"not_picked":["Rip and Tear","Undo"],"picked":"Sunder","floor":14.0},{"not_picked":["Buffer","All For One"],"picked":"Biased Cognition","floor":16.0},{"not_picked":["Aggregate","Compile Driver+1","Turbo"],"picked":"SKIP","floor":18},{"not_picked":["Scrape+1","Force Field"],"picked":"Self Repair","floor":19},{"not_picked":["Ball Lightning","Stack"],"picked":"Coolheaded","floor":22},{"not_picked":["Core Surge","Go for the Eyes"],"picked":"Gash","floor":28}],"player_experience":587950,"relics_obtained":[{"floor":7.0,"key":"Odd Mushroom"},{"floor":9.0,"key":"Turnip"},{"floor":26,"key":"Potion Belt"}],"event_choices":[{"event_name":"Wheel of Change","player_choice":"Damage","floor":2.0,"damage_taken":0.0},{"event_name":"Living Wall","player_choice":"Change","floor":4.0,"damage_taken":0.0},{"event_name":"Mushrooms","player_choice":"Fought Mushrooms","floor":7.0,"damage_taken":0.0},{"event_name":"Ghosts","player_choice":"Ignored","floor":20,"damage_taken":0},{"event_name":"Vampires","player_choice":"Ignored","floor":21,"damage_taken":0},{"event_name":"The Mausoleum","player_choice":"Yes","floor":24,"damage_taken":0},{"event_name":"Golden Shrine","player_choice":"Pray","floor":25,"damage_taken":0}],"is_beta":false,"boss_relics":[{"not_picked":["FrozenCore","Tiny House"],"picked":"Nuclear Battery"}],"items_purged_floors":[],"is_endless":false,"potions_floor_spawned":[3,8,11,14,18,19],"killed_by":"Chosen and Byrds","ascension_level":0}