{"gold_per_floor":[118,71,85,85,99,99,133,146,146,162,44,44,79,93,93,188,188,203,203,217,317,333,333,208,227,227,227,262,57,77,104,104,202,202,221,232,232,42,42,42,68,4,4,70,134,134,184,202,202,202],"floor_reached":51,"playtime":5848,"items_purged":["Strike_G","Strike_G"],"score":752,"play_id":"e51111db-7147-483f-80b7-3eca673ba226","local_time":"20190303042638","is_ascension_mode":false,"campfire_choices":[{"data":"Flying Knee","floor":6.0,"key":"SMITH"},{"data":"Footwork","floor":12.0,"key":"SMITH"},{"data":"Footwork","floor":15.0,"key":"SMITH"},{"data":"Noxious Fumes","floor":23.0,"key":"SMITH"},{"data":"Noxious Fumes","floor":27.0,"key":"SMITH"},{"data":"A Thousand Cuts","floor":32.0,"key":"SMITH"},{"data":"Cloak And Dagger","floor":40,"key":"SMITH"},{"data":"Cloak And Dagger","floor":46,"key":"SMITH"},{"data":"Neutralize","floor":49,"key":"SMITH"}],"neow_cost":"NONE","seed_source_timestamp":0,"circlet_count":0,"master_deck":["Defend_G","Defend_G","Defend_G","Defend_G","Defend_G","Survivor","Neutralize+1","Flying Knee+1","Deflect","Footwork+1","Poisoned Stab","Footwork+1","Cloak And Dagger+1","Well Laid Plans","Cloak And Dagger+1","A Thousand Cuts+1","Acrobatics+1","Flechettes+1","Backstab+1","PiercingWail","Writhe","Dash","Noxious Fumes+1","Noxious Fumes+1","Dodge and Roll","Adrenaline","Blur","Parasite"],"special_seed":0,"relics":["Ring of the Snake","The Courier","Gambling Chip","Ginger","Potion Belt","Astrolabe","Letter Opener","Ornamental Fan","Thread and Needle","Nunchaku","Torii","Oddly Smooth Stone","Snake Skull","Busted Crown","Kunai","SsserpentHead","Pen Nib","Du-Vu Doll"],"potions_floor_usage":[44,50,50],"damage_taken":[{"damage":0.0,"enemies":"Cultist","floor":1.0,"turns":5.0},{"damage":0.0,"enemies":"Jaw Worm","floor":3.0,"turns":6.0},{"damage":0.0,"enemies":"2 Louse","floor":5.0,"turns":3.0},{"damage":17.0,"enemies":"3 Sentries","floor":7.0,"turns":11.0},{"damage":2.0,"enemies":"2 Fungi Beasts","floor":8.0,"turns":5.0},{"damage":0.0,"enemies":"Large Slime","floor":10.0,"turns":4.0},{"damage":10.0,"enemies":"Gremlin Nob","floor":13.0,"turns":5.0},{"damage":0.0,"enemies":"Blue Slaver","floor":14.0,"turns":4.0},{"damage":11.0,"enemies":"The Guardian","floor":16.0,"turns":19.0},{"damage":0.0,"enemies":"Shell Parasite","floor":18.0,"turns":7.0},{"damage":7.0,"enemies":"Spheric Guardian","floor":20.0,"turns":4.0},{"damage":2.0,"enemies":"Colosseum Slavers","floor":21.0,"turns":6.0},{"damage":4.0,"enemies":"Colosseum Nobs","floor":21.0,"turns":5.0},{"damage":0.0,"enemies":"3 Cultists","floor":22.0,"turns":6.0},{"damage":8.0,"enemies":"Snake Plant","floor":25.0,"turns":5.0},{"damage":1.0,"enemies":"Gremlin Leader","floor":28.0,"turns":7.0},{"damage":0.0,"enemies":"Shelled Parasite and Fungi","floor":30.0,"turns":6.0},{"damage":10.0,"enemies":"Slavers","floor":31.0,"turns":6.0},{"damage":9.0,"enemies":"Automaton","floor":33.0,"turns":11.0},{"damage":0.0,"enemies":"3 Shapes","floor":35.0,"turns":4.0},{"damage":0,"enemies":"3 Darklings","floor":36,"turns":5},{"damage":0,"enemies":"Giant Head","floor":41,"turns":9},{"damage":0,"enemies":"Transient","floor":44,"turns":5},{"damage":0,"enemies":"Writhing Mass","floor":45,"turns":6},{"damage":0,"enemies":"Jaw Worm Horde","floor":48,"turns":5},{"damage":0,"enemies":"Awakened One","floor":50,"turns":13}],"seed_played":"3753126292453508047","potions_obtained":[{"floor":0.0,"key":"Strength Potion"},{"floor":0.0,"key":"Explosive Potion"},{"floor":0.0,"key":"Regen Potion"},{"floor":3.0,"key":"GhostInAJar"},{"floor":8.0,"key":"SpeedPotion"},{"floor":13.0,"key":"EntropicBrew"},{"floor":18.0,"key":"Poison Potion"},{"floor":20.0,"key":"Fire Potion"},{"floor":25.0,"key":"EssenceOfSteel"},{"floor":30.0,"key":"GamblersBrew"},{"floor":41,"key":"SpeedPotion"},{"floor":44,"key":"GamblersBrew"},{"floor":48,"key":"SpeedPotion"}],"is_trial":false,"path_per_floor":["M","$","M","T","M","R","E","M","T","M","$","R","E","M","R","B",null,"M","?","M","?","M","R","$","M","T","R","E","$","M","E","R","B",null,"M","M","?","$","?","R","E","$","T","M","M","R","?","M","R","B",null],"character_chosen":"THE_SILENT","items_purchased":["Flying Knee","Footwork","Cloak And Dagger","Well Laid Plans","Noxious Fumes","Oddly Smooth Stone","Kunai","Blur"],"campfire_rested":0,"item_purchase_floors":[2,11,11,11,24,29,38,42],"current_hp_per_floor":[70,70,70,70,70,70,53,51,51,51,51,51,41,41,41,30,70,70,70,63,57,57,57,57,49,49,49,48,48,48,38,38,29,70,70,70,70,70,70,70,70,70,70,70,70,70,70,70,70,70],"gold":202,"neow_bonus":"THREE_SMALL_POTIONS","is_prod":false,"is_daily":false,"chose_seed":false,"campfire_upgraded":9,"win_rate":0,"timestamp":1551615998,"path_taken":["M","?","M","?","M","R","E","M","T","M","$","R","E","M","R","BOSS","M","?","M","?","M","R","$","M","T","R","E","$","M","E","R","BOSS","M","M","?","$","?","R","E","$","T","?","?","R","?","M","R","BOSS"],"build_version":"2019-01-23","purchased_purges":2,"victory":true,"max_hp_per_floor":[70,70,70,70,70,70,70,70,70,70,70,70,70,70,70,70,70,70,70,70,70,70,70,70,70,70,70,70,70,70,70,70,70,70,70,70,70,70,70,70,70,70,70,70,70,70,70,70,70,70],"card_choices":[{"not_picked":["Eviscerate","Masterful Stab","Underhanded Strike"],"picked":"SKIP","floor":1.0},{"not_picked":["PiercingWail","Catalyst","Outmaneuver"],"picked":"SKIP","floor":3.0},{"not_picked":["Tactician","Deadly Poison"],"picked":"Deflect","floor":5.0},{"not_picked":["Quick Slash","Distraction","Prepared"],"picked":"SKIP","floor":7.0},{"not_picked":["Quick Slash","Corpse Explosion"],"picked":"Footwork","floor":8.0},{"not_picked":["Sucker Punch","Slice"],"picked":"Poisoned Stab","floor":10.0},{"not_picked":["Tactician","Underhanded Strike","Flying Knee"],"picked":"SKIP","floor":13.0},{"not_picked":["Well Laid Plans","Slice"],"picked":"Cloak And Dagger","floor":14.0},{"not_picked":["Glass Knife","Venomology"],"picked":"A Thousand Cuts","floor":16.0},{"not_picked":["Tactician","Slice"],"picked":"PiercingWail","floor":18.0},{"not_picked":["Deflect","Slice+1"],"picked":"Dash","floor":20.0},{"not_picked":["Slice+1","Tools of the Trade"],"picked":"Noxious Fumes","floor":22.0},{"not_picked":["Dagger Throw","Acrobatics"],"picked":"Dodge and Roll","floor":25.0},{"not_picked":["Poisoned Stab+1","Grand Finale","Doppelganger"],"picked":"SKIP","floor":28.0},{"not_picked":["Tactician+1","Blade Dance","Skewer"],"picked":"SKIP","floor":30.0},{"not_picked":["Terror","Masterful Stab","Night Terror"],"picked":"SKIP","floor":31.0},{"not_picked":["Phantasmal Killer","Storm of Steel"],"picked":"Adrenaline","floor":33.0},{"not_picked":["Bane+1"],"picked":"SKIP","floor":35.0},{"not_picked":["Backflip"],"picked":"SKIP","floor":36},{"not_picked":["Skewer"],"picked":"SKIP","floor":41},{"not_picked":["Reflex"],"picked":"SKIP","floor":44},{"not_picked":["Flying Knee+1"],"picked":"SKIP","floor":45},{"not_picked":["Eviscerate"],"picked":"SKIP","floor":48}],"player_experience":113226,"relics_obtained":[{"floor":4.0,"key":"The Courier"},{"floor":7.0,"key":"Gambling Chip"},{"floor":9.0,"key":"Ginger"},{"floor":13.0,"key":"Potion Belt"},{"floor":21.0,"key":"Ornamental Fan"},{"floor":21.0,"key":"Thread and Needle"},{"floor":26.0,"key":"Nunchaku"},{"floor":28.0,"key":"Torii"},{"floor":31.0,"key":"Snake Skull"},{"floor":41,"key":"Pen Nib"},{"floor":43,"key":"Du-Vu Doll"}],"event_choices":[{"damage_healed":0.0,"max_hp_gain":0.0,"max_hp_loss":0.0,"gold_gain":0.0,"event_name":"The Mausoleum","player_choice":"Opened","floor":19.0,"gold_loss":0.0,"damage_taken":0.0,"relics_obtained":["Letter Opener"],"cards_obtained":["Writhe"]},{"damage_healed":0.0,"max_hp_gain":0.0,"max_hp_loss":0.0,"gold_gain":0.0,"event_name":"Colosseum","player_choice":"Fight","floor":21.0,"gold_loss":0.0,"damage_taken":0.0},{"damage_healed":0.0,"max_hp_gain":0.0,"max_hp_loss":0.0,"gold_gain":0.0,"event_name":"Colosseum","player_choice":"Fought Nobs","floor":21.0,"gold_loss":0.0,"damage_taken":0.0},{"damage_healed":0,"gold_gain":0,"player_choice":"Ignored","damage_taken":0,"max_hp_gain":0,"max_hp_loss":0,"event_name":"Tomb of Lord Red Mask","floor":37,"gold_loss":0},{"damage_healed":0,"gold_gain":0,"player_choice":"Trade","damage_taken":0,"relics_obtained":["SsserpentHead"],"max_hp_gain":0,"max_hp_loss":0,"event_name":"FaceTrader","floor":39,"gold_loss":0},{"damage_healed":0,"gold_gain":0,"player_choice":"Ignored","damage_taken":0,"max_hp_gain":0,"max_hp_loss":0,"event_name":"Fountain of Cleansing","floor":47,"gold_loss":0}],"is_beta":false,"boss_relics":[{"not_picked":["Pandora\u0027s Box","Eternal Feather"],"picked":"Astrolabe"},{"not_picked":["HoveringKite","Sozu"],"picked":"Busted Crown"}],"items_purged_floors":[24,29],"is_endless":false,"potions_floor_spawned":[3,8,13,18,20,25,30,41,44,48],"ascension_level":0}