{"path_per_floor":["M","$","?","?","M","M","R","?","T","?","$","M"],"character_chosen":"THE_SILENT","items_purchased":["Caltrops","Flash of Steel","Anchor"],"gold_per_floor":[114,39,39,39,52,70,70,97,151,326,17,27,27],"floor_reached":13,"campfire_rested":0,"playtime":668,"current_hp_per_floor":[47,47,40,40,33,33,33,31,31,31,31,31,4],"items_purged":["Doubt"],"gold":27,"score":95,"play_id":"c1c98183-2f2e-4658-9d0d-6e5828c5fc4b","local_time":"20180421234326","is_prod":false,"is_daily":false,"chose_seed":false,"is_ascension_mode":true,"campfire_upgraded":1,"timestamp":1524368606,"path_taken":["M","$","?","?","M","M","R","?","T","?","?","?","?"],"build_version":"2018-04-19","seed_source_timestamp":638805926494151,"purchased_purges":1,"victory":false,"master_deck":["Defend_G","Defend_G","Defend_G","Defend_G","Defend_G","Strike_G","Strike_G","Strike_G","Strike_G","Survivor","Neutralize","Footwork+1","Caltrops+1","Dodge and Roll","Cloak And Dagger","Infinite Blades","Flash of Steel","Distraction"],"max_hp_per_floor":[70,70,70,70,70,70,70,70,70,70,70,70,70],"relics":["Ring of the Snake","Odd Mushroom","Tiny Chest","Anchor"],"card_choices":[{"not_picked":["Eviscerate","Slice"],"picked":"Footwork","floor":1},{"not_picked":["Infinite Blades","Heel Hook"],"picked":"Dodge and Roll","floor":5},{"not_picked":["Catalyst","All Out Attack"],"picked":"Cloak And Dagger","floor":6},{"not_picked":["Outmaneuver","Heel Hook"],"picked":"Infinite Blades","floor":8},{"not_picked":["Finisher","Bane"],"picked":"Distraction","floor":12}],"player_experience":489954,"potions_floor_usage":[],"damage_taken":[{"damage":16,"enemies":"Jaw Worm","floor":1,"turns":7},{"damage":7,"enemies":"Small Slimes","floor":5,"turns":4},{"damage":0,"enemies":"Cultist","floor":6,"turns":4},{"damage":2,"enemies":"The Mushroom Lair","floor":8,"turns":6},{"damage":0,"enemies":"2 Fungi Beasts","floor":12,"turns":4},{"damage":27,"enemies":"Gremlin Nob","floor":13,"turns":5}],"event_choices":[{"event_name":"Golden Wing","player_choice":"Card Removal","floor":3,"damage_taken":0},{"event_name":"Living Wall","player_choice":"Grow","floor":4,"damage_taken":0},{"event_name":"Mushrooms","player_choice":"Fought Mushrooms","floor":8,"damage_taken":0},{"event_name":"Liars Game","player_choice":"agreed","floor":10,"damage_taken":0},{"event_name":"Dead Adventurer","player_choice":"Searched \u00271\u0027 times","floor":13,"damage_taken":0}],"boss_relics":[],"potions_floor_spawned":[1,13],"seed_played":"3223527277555217983","killed_by":"Gremlin Nob","ascension_level":6,"is_trial":false}