{"gold_per_floor":[111,125,143,157,107,107,137,137,137,137,151,151,151,42,42,142,142,156,166,95,110,127,127,138,138,215,228,228,242,242,258,258,354,354,372,391,64,78,78,78,78,78],"floor_reached":42,"playtime":4679,"items_purged":["Strike_B","Strike_B"],"score":623,"play_id":"5754ed4e-6cf6-4a4a-9a30-0f1dc495d779","local_time":"20190209234611","is_ascension_mode":true,"campfire_choices":[{"data":"Zap","floor":6,"key":"SMITH"},{"floor":10,"key":"REST"},{"floor":13,"key":"REST"},{"data":"Loop","floor":15,"key":"SMITH"},{"floor":23,"key":"REST"},{"floor":25,"key":"REST"},{"data":"Defragment","floor":30,"key":"SMITH"},{"floor":32,"key":"REST"},{"data":"Conserve Battery","floor":40,"key":"SMITH"}],"neow_cost":"NONE","seed_source_timestamp":389825264298022,"circlet_count":0,"master_deck":["AscendersBane","Defend_B","Defend_B","Defend_B","Defend_B","Zap+1","Dualcast","Cold Snap","FTL","Gash","Defragment+1","Biased Cognition","Loop+1","Machine Learning","Go for the Eyes+1","Conserve Battery+1","Loop+1","Streamline","Coolheaded","Cold Snap+1","Gash+1","Go for the Eyes+1","Meteor Strike","Loop+1","Beam Cell+1","Defragment"],"relics":["Lizard Tail","Pen Nib","Ornamental Fan","Dodecahedron","Nuclear Battery","Meat on the Bone","Runic Pyramid","Happy Flower","GremlinMask"],"potions_floor_usage":[4,16,21,22,35,35],"damage_taken":[{"damage":6,"enemies":"Cultist","floor":1,"turns":4},{"damage":1,"enemies":"2 Louse","floor":2,"turns":3},{"damage":2,"enemies":"Small Slimes","floor":3,"turns":4},{"damage":3,"enemies":"3 Louse","floor":4,"turns":3},{"damage":29,"enemies":"Gremlin Nob","floor":7,"turns":5},{"damage":0,"enemies":"Gremlin Gang","floor":11,"turns":5},{"damage":37,"enemies":"The Guardian","floor":16,"turns":13},{"damage":20,"enemies":"Shell Parasite","floor":18,"turns":9},{"damage":10,"enemies":"Chosen","floor":19,"turns":7},{"damage":17,"enemies":"Centurion and Healer","floor":21,"turns":8},{"damage":38,"enemies":"Shelled Parasite and Fungi","floor":22,"turns":7},{"damage":19,"enemies":"Snecko","floor":24,"turns":8},{"damage":22,"enemies":"Snake Plant","floor":27,"turns":6},{"damage":12,"enemies":"Shelled Parasite and Fungi","floor":29,"turns":7},{"damage":8,"enemies":"Cultist and Chosen","floor":31,"turns":8},{"damage":41,"enemies":"Champ","floor":33,"turns":18},{"damage":26,"enemies":"3 Darklings","floor":35,"turns":6},{"damage":21,"enemies":"3 Shapes","floor":36,"turns":9},{"damage":0,"enemies":"Maw","floor":38,"turns":9},{"damage":43,"enemies":"Jaw Worm Horde","floor":42,"turns":4}],"seed_played":"-109502530807517490","potions_obtained":[{"floor":3,"key":"Explosive Potion"},{"floor":4,"key":"Regen Potion"},{"floor":11,"key":"LiquidBronze"},{"floor":18,"key":"Fire Potion"},{"floor":19,"key":"Ancient Potion"},{"floor":21,"key":"GamblersBrew"},{"floor":31,"key":"Strength Potion"}],"is_trial":false,"path_per_floor":["M","M","M","M","?","R","E","?","T","R","M","?","R","$","R","B",null,"M","M","$","M","M","R","M","R","T","M","?","M","R","M","R","B",null,"M","M","$","M","$","R","?","M"],"character_chosen":"DEFECT","items_purchased":["Loop","Loop","Happy Flower","Defragment"],"campfire_rested":5,"item_purchase_floors":[14,20,37,37],"current_hp_per_floor":[62,61,59,56,56,56,27,15,15,37,37,37,59,59,59,37,66,46,36,36,19,26,48,29,51,51,41,41,41,41,45,67,38,66,40,31,31,43,43,43,43,0],"gold":78,"neow_bonus":"BOSS_RELIC","is_prod":false,"is_daily":false,"chose_seed":false,"campfire_upgraded":4,"win_rate":0,"timestamp":1549773971,"path_taken":["M","M","M","?","?","R","E","?","T","R","M","?","R","$","R","BOSS","M","M","$","?","M","R","M","R","T","M","?","M","R","M","R","BOSS","M","M","$","M","?","R","?","?"],"build_version":"2019-01-23","purchased_purges":2,"victory":false,"max_hp_per_floor":[75,75,75,75,75,75,75,75,75,75,75,75,75,75,75,75,75,75,75,75,75,75,75,75,75,75,75,75,75,75,75,75,75,75,75,75,75,75,75,75,75,75],"card_choices":[{"not_picked":["Lockon","Rebound"],"picked":"Cold Snap","floor":1},{"not_picked":["Self Repair","Rebound"],"picked":"FTL","floor":2},{"not_picked":["Lockon","Redo"],"picked":"Gash","floor":3},{"not_picked":["White Noise","Reprogram"],"picked":"Defragment","floor":4},{"not_picked":["Redo","Rebound","Compile Driver"],"picked":"SKIP","floor":7},{"not_picked":["Steam","Fusion"],"picked":"Biased Cognition","floor":11},{"not_picked":["Rainbow","Multi-Cast"],"picked":"Machine Learning","floor":16},{"not_picked":["Compile Driver+1","Rebound"],"picked":"Go for the Eyes+1","floor":18},{"not_picked":["Tempest+1","Chaos"],"picked":"Conserve Battery","floor":19},{"not_picked":["Barrage+1","Turbo+1"],"picked":"Streamline","floor":21},{"not_picked":["Tempest","Leap"],"picked":"Coolheaded","floor":22},{"not_picked":["Reprogram","Reboot","Stack"],"picked":"SKIP","floor":24},{"not_picked":["Go for the Eyes+1","Beam Cell"],"picked":"Cold Snap+1","floor":27},{"not_picked":["Hologram","Redo"],"picked":"Gash+1","floor":29},{"not_picked":["Static Discharge","Conserve Battery"],"picked":"Go for the Eyes+1","floor":31},{"not_picked":["Biased Cognition","Buffer"],"picked":"Meteor Strike","floor":33},{"not_picked":["Barrage+1","Steam+1"],"picked":"Loop+1","floor":35},{"not_picked":["Compile Driver+1","Redo"],"picked":"Beam Cell+1","floor":36},{"not_picked":["Rebound","Genetic Algorithm+1","Redo"],"picked":"SKIP","floor":38}],"player_experience":1157143,"relics_obtained":[{"floor":7,"key":"Pen Nib"},{"floor":9,"key":"Dodecahedron"},{"floor":26,"key":"Meat on the Bone"}],"event_choices":[{"cards_removed":["Strike_B"],"damage_healed":0,"gold_gain":0,"player_choice":"Card Removal","damage_taken":0,"max_hp_gain":0,"max_hp_loss":0,"event_name":"The Cleric","floor":5,"gold_loss":50},{"damage_healed":0,"gold_gain":0,"player_choice":"Success","damage_taken":12,"relics_obtained":["Ornamental Fan"],"max_hp_gain":0,"max_hp_loss":0,"event_name":"Scrap Ooze","floor":8,"gold_loss":0},{"cards_removed":["Strike_B"],"damage_healed":0,"gold_gain":0,"player_choice":"Offered Basic","damage_taken":0,"max_hp_gain":0,"max_hp_loss":0,"event_name":"Bonfire Elementals","floor":12,"gold_loss":0},{"damage_healed":0,"gold_gain":0,"player_choice":"Upgraded","damage_taken":0,"max_hp_gain":0,"max_hp_loss":0,"event_name":"Upgrade Shrine","floor":28,"gold_loss":0,"cards_upgraded":["Loop"]},{"damage_healed":0,"gold_gain":0,"player_choice":"Trade","damage_taken":0,"relics_obtained":["GremlinMask"],"max_hp_gain":0,"max_hp_loss":0,"event_name":"FaceTrader","floor":41,"gold_loss":0}],"is_beta":false,"boss_relics":[{"not_picked":["Astrolabe","Empty Cage"],"picked":"Nuclear Battery"},{"not_picked":["Calling Bell","Orrery"],"picked":"Runic Pyramid"}],"items_purged_floors":[14,37],"is_endless":false,"potions_floor_spawned":[3,4,11,18,19,21,31],"killed_by":"Jaw Worm Horde","ascension_level":11}