{"path_per_floor":["M","T","M","M","M","E","R","$","T","R","M","M","?","?","R","B",null,"M","M","?","$","?","R","M","M","T","M","M","M","M","?","R","B",null,"M","M","?","M"],"character_chosen":"THE_SILENT","items_purchased":["Noxious Fumes","Prepared","Torii"],"gold_per_floor":[111,111,123,136,148,180,180,30,30,30,42,59,234,313,313,409,409,420,430,430,9,9,9,26,37,37,47,60,72,83,83,83,186,186,202,221,269,286],"floor_reached":39,"campfire_rested":2,"playtime":3493,"current_hp_per_floor":[66,66,66,66,65,45,45,45,59,59,57,43,43,43,68,54,84,84,83,83,83,83,83,39,19,19,17,17,17,15,15,40,25,84,84,78,23,9],"items_purged":["Strike_G","Strike_G"],"gold":286,"score":339,"play_id":"2c601e2d-7c6c-4bfc-a276-a5eebd09058a","is_prod":false,"is_daily":false,"is_ascension_mode":false,"campfire_upgraded":3,"path_taken":["M","?","M","M","M","E","R","$","T","R","M","M","?","?","R","BOSS","M","M","?","$","?","R","M","M","T","?","M","M","M","?","R","BOSS","M","M","?","?","M"],"build_version":"2018-02-08-PROD1","purchased_purges":2,"victory":false,"master_deck":["Defend_G+1","Defend_G+1","Defend_G+1","Defend_G+1","Defend_G+1","Strike_G+1","Strike_G+1","Survivor","Neutralize+1","Skewer+1","Acrobatics","Deadly Poison","Noxious Fumes+1","Noxious Fumes","Acrobatics","Deflect","Doubt","Backstab","Backstab","Prepared","Writhe","Backflip+1","Caltrops+1","Caltrops+1"],"max_hp_per_floor":[70,70,70,70,70,70,70,70,84,84,84,84,84,84,84,84,84,84,84,84,84,84,84,84,84,84,84,84,84,84,84,84,84,84,84,84,84,84],"relics":["Ring of the Snake","Bronze Scales","Girya","Mango","The Specimen","Torii","Vajra","Thread and Needle","Question Card","Peace Pipe"],"card_choices":[{"not_picked":["Calculated Gamble","Slice"],"picked":"Acrobatics"},{"not_picked":["Poisoned Stab","PiercingWail"],"picked":"Deadly Poison"},{"not_picked":["Flying Knee","Prepared"],"picked":"Noxious Fumes"},{"not_picked":["Choke","All Out Attack"],"picked":"Acrobatics"},{"not_picked":["Quick Slash","Poisoned Stab"],"picked":"Deflect"},{"not_picked":["Sucker Punch","Riddle With Holes"],"picked":"Backstab"},{"not_picked":["Acrobatics","Dagger Throw","Dagger Spray"],"picked":"Backflip"},{"not_picked":["Finisher","Deflect","Bouncing Flask"],"picked":"Caltrops"},{"not_picked":["Deadly Poison","Underhanded Strike","Sucker Punch"],"picked":"Caltrops"}],"player_experience":69494,"potions_floor_usage":[11,16,18,24,25,28,33,35,37],"damage_taken":[{"damage":4,"enemies":"Blue Slaver","floor":1,"turns":4},{"damage":0,"enemies":"2 Louse","floor":3,"turns":3},{"damage":0,"enemies":"Jaw Worm","floor":4,"turns":4},{"damage":1,"enemies":"3 Louse","floor":5,"turns":4},{"damage":20,"enemies":"Gremlin Nob","floor":6,"turns":4},{"damage":2,"enemies":"Looter","floor":11,"turns":2},{"damage":14,"enemies":"Exordium Thugs","floor":12,"turns":5},{"damage":14,"enemies":"The Guardian","floor":16,"turns":8},{"damage":0,"enemies":"3 Byrds","floor":18,"turns":3},{"damage":1,"enemies":"Shell Parasite","floor":19,"turns":5},{"damage":44,"enemies":"3 Cultists","floor":24,"turns":6},{"damage":20,"enemies":"Cultist and Chosen","floor":25,"turns":7},{"damage":2,"enemies":"Snake Plant","floor":27,"turns":4},{"damage":0,"enemies":"3 Cultists","floor":28,"turns":5},{"damage":0,"enemies":"Snecko","floor":29,"turns":5},{"damage":2,"enemies":"Snake Plant","floor":30,"turns":4},{"damage":15,"enemies":"Automaton","floor":33,"turns":9},{"damage":6,"enemies":"Orb Walker","floor":35,"turns":4},{"damage":6,"enemies":"3 Shapes","floor":36,"turns":6},{"damage":55,"enemies":"Mysterious Sphere","floor":37,"turns":8},{"damage":14,"enemies":"3 Darklings","floor":38,"turns":5},{"damage":13,"enemies":"Maw","floor":39,"turns":7}],"event_choices":[{"event_name":"Liars Game","player_choice":"agreed","floor":13,"damage_taken":0},{"event_name":"Golden Wing","player_choice":"Gained Gold","floor":14,"damage_taken":0},{"event_name":"The Library","player_choice":"Read","floor":20,"damage_taken":0},{"event_name":"The Mausoleum","player_choice":"Yes","floor":22,"damage_taken":0},{"event_name":"Back to Basics","player_choice":"Simplicity","floor":31,"damage_taken":0},{"event_name":"Mysterious Sphere","player_choice":"Fight","floor":37,"damage_taken":0}],"boss_relics":[{"not_picked":["Runic Dome","Velvet Choker"],"picked":"The Specimen"},{"not_picked":["Runic Pyramid","Philosopher\u0027s Stone"],"picked":"Question Card"}],"potions_floor_spawned":[1,11,12,16,18,25,28,30,33,35,37],"seed_played":"6410857076374002193","killed_by":"Maw","ascension_level":0,"is_trial":false}