{"path_per_floor":["M","?","$","M","M","E","R","?","T","?","?","$","M","M","R","B",null,"M","M","$"],"character_chosen":"IRONCLAD","items_purchased":["Inflame","Apotheosis","Metallicize"],"gold_per_floor":[111,111,34,53,73,106,106,181,481,481,481,205,218,228,228,331,331,343,360,183],"floor_reached":21,"campfire_rested":1,"playtime":1511,"current_hp_per_floor":[80,73,73,78,80,50,50,39,39,23,28,28,19,24,49,32,85,63,39,39],"items_purged":["Strike_R","Strike_R"],"gold":183,"score":179,"play_id":"f931e1fa-7ac9-455f-9f71-348baba4aebb","local_time":"20180311002239","is_prod":false,"is_daily":false,"is_ascension_mode":false,"campfire_upgraded":1,"timestamp":1520727759,"path_taken":["M","?","$","?","M","E","R","?","T","?","?","?","?","M","R","BOSS","M","M","$","M"],"build_version":"2018-03-09","purchased_purges":2,"victory":false,"master_deck":["Strike_R","Strike_R","Defend_R","Defend_R+1","Defend_R","Defend_R","Bash","Heavy Blade","Sword Boomerang","Inflame+1","Disarm","Fire Breathing+1","Cleave","Apotheosis","Disarm","Berserk","Immolate","Metallicize"],"max_hp_per_floor":[80,80,80,80,80,80,80,80,80,80,85,85,85,85,85,85,85,85,85,85],"relics":["Burning Blood","Bag of Preparation","Old Coin","Eternal Feather"],"card_choices":[{"not_picked":["Thunderclap","Flex"],"picked":"Heavy Blade"},{"not_picked":["Havoc","Carnage"],"picked":"Sword Boomerang"},{"not_picked":["Sword Boomerang","Anger"],"picked":"Disarm"},{"not_picked":["Uppercut","Corruption"],"picked":"Fire Breathing"},{"not_picked":["Clash","Anger"],"picked":"Cleave"},{"not_picked":["Thunderclap","Clash"],"picked":"Disarm"},{"not_picked":["Warcry","Wild Strike"],"picked":"Berserk"},{"not_picked":["Dark Embrace","Juggernaut"],"picked":"Immolate"}],"player_experience":83083,"potions_floor_usage":[6,16,19,21],"damage_taken":[{"damage":0,"enemies":"Small Slimes","floor":1,"turns":5},{"damage":1,"enemies":"2 Louse","floor":4,"turns":2},{"damage":0,"enemies":"Cultist","floor":5,"turns":3},{"damage":36,"enemies":"3 Sentries","floor":6,"turns":8},{"damage":15,"enemies":"Large Slime","floor":13,"turns":6},{"damage":1,"enemies":"Red Slaver","floor":14,"turns":5},{"damage":23,"enemies":"Slime Boss","floor":16,"turns":9},{"damage":28,"enemies":"Chosen","floor":18,"turns":7},{"damage":30,"enemies":"3 Byrds","floor":19,"turns":5},{"damage":47,"enemies":"Slaver and Parasite","floor":21,"turns":4}],"event_choices":[{"event_name":"Golden Wing","player_choice":"Card Removal","floor":2,"damage_taken":0},{"event_name":"World of Goop","player_choice":"Gather Gold","floor":8,"damage_taken":0},{"event_name":"Shining Light","player_choice":"Entered Light","floor":10,"damage_taken":0},{"event_name":"Big Fish","player_choice":"Donut","floor":11,"damage_taken":0}],"boss_relics":[{"not_picked":["Runic Pyramid","Ectoplasm"],"picked":"Eternal Feather"}],"potions_floor_spawned":[5,13,18,19],"seed_played":"1196475027137216030","killed_by":"Slaver and Parasite","ascension_level":0,"is_trial":false}