{"gold_per_floor":[114,114,134,151,162,162,195,213,213,244,244,244,244,257,257,331,331,331,271,271,271,271,271,271,271],"floor_reached":25,"playtime":2673,"items_purged":[],"score":400,"play_id":"3bd8d065-d0e7-4078-a629-349763f6c193","local_time":"20190228110029","is_ascension_mode":true,"campfire_choices":[{"data":"Zap","floor":6,"key":"SMITH"},{"floor":11,"key":"REST"},{"floor":13,"key":"REST"},{"floor":15,"key":"REST"},{"floor":23,"key":"REST"}],"neow_cost":"NONE","seed_source_timestamp":260052587448200,"circlet_count":0,"master_deck":["AscendersBane","Strike_B","Strike_B","Strike_B","Defend_B","Defend_B","Defend_B","Defend_B","Zap+1","Dualcast","Hologram","Sweeping Beam","Cold Snap","Sweeping Beam","Cold Snap","Genetic Algorithm","Core Surge","Consume","Biased Cognition","Go for the Eyes","White Noise","Buffer+1","Redo+1","Doom and Gloom","Reinforced Body","Tempest+1"],"relics":["Cracked Core","Gremlin Horn","Letter Opener","Dream Catcher","DataDisk","Ectoplasm","Strawberry"],"potions_floor_usage":[5,10,16,21,25],"damage_taken":[{"damage":1,"enemies":"Cultist","floor":1,"turns":4},{"damage":15,"enemies":"2 Louse","floor":3,"turns":3},{"damage":0,"enemies":"Jaw Worm","floor":4,"turns":3},{"damage":4,"enemies":"Lots of Slimes","floor":5,"turns":4},{"damage":28,"enemies":"3 Sentries","floor":7,"turns":8},{"damage":3,"enemies":"Blue Slaver","floor":8,"turns":3},{"damage":9,"enemies":"Lagavulin","floor":10,"turns":7},{"damage":4,"enemies":"Exordium Wildlife","floor":14,"turns":4},{"damage":18,"enemies":"Slime Boss","floor":16,"turns":8},{"damage":13,"enemies":"3 Byrds","floor":18,"turns":4},{"damage":25,"enemies":"2 Thieves","floor":19,"turns":3},{"damage":0,"enemies":"Snake Plant","floor":21,"turns":5},{"damage":0,"enemies":"Snecko","floor":22,"turns":6},{"damage":53,"enemies":"Book of Stabbing","floor":24,"turns":6},{"damage":15,"enemies":"Centurion and Healer","floor":25,"turns":2}],"seed_played":"8763394750484611637","potions_obtained":[{"floor":1,"key":"SkillPotion"},{"floor":5,"key":"FearPotion"},{"floor":10,"key":"Weak Potion"},{"floor":14,"key":"SneckoOil"},{"floor":19,"key":"LiquidBronze"},{"floor":24,"key":"LiquidBronze"}],"is_trial":false,"path_per_floor":["M","T","M","M","M","R","E","M","T","E","R","?","R","M","R","B",null,"M","M","?","M","M","R","E","M"],"character_chosen":"DEFECT","items_purchased":[],"campfire_rested":4,"item_purchase_floors":[],"current_hp_per_floor":[70,70,55,55,51,51,23,20,20,11,34,34,57,53,76,58,73,60,35,35,35,35,58,12,0],"gold":271,"neow_bonus":"TEN_PERCENT_HP_BONUS","is_prod":false,"is_daily":false,"chose_seed":false,"campfire_upgraded":1,"win_rate":0,"timestamp":1551369629,"path_taken":["M","?","M","?","M","R","E","M","T","E","R","?","R","M","R","BOSS","M","M","?","M","M","R","E","M"],"build_version":"2019-01-23","purchased_purges":0,"victory":false,"max_hp_per_floor":[78,78,78,78,78,78,78,78,78,78,78,78,78,78,78,78,78,78,78,78,78,78,78,85,85],"card_choices":[{"not_picked":["Skim","Redo"],"picked":"Hologram","floor":1},{"not_picked":["Stack","Barrage"],"picked":"Sweeping Beam","floor":3},{"not_picked":["Barrage","Hologram"],"picked":"Cold Snap","floor":4},{"not_picked":["Fusion","Aggregate"],"picked":"Sweeping Beam","floor":5},{"not_picked":["Turbo","Steam Power"],"picked":"Cold Snap","floor":7},{"not_picked":["Compile Driver","Leap"],"picked":"Genetic Algorithm","floor":8},{"not_picked":["FTL","Genetic Algorithm"],"picked":"Core Surge","floor":10},{"not_picked":["Hologram","Stack"],"picked":"Consume","floor":11},{"not_picked":["Hologram","Compile Driver"],"picked":"Biased Cognition","floor":13},{"not_picked":["Blizzard","Rebound"],"picked":"Go for the Eyes","floor":14},{"not_picked":["Fusion","Coolheaded"],"picked":"White Noise","floor":15},{"not_picked":["Meteor Strike","Hyperbeam"],"picked":"Buffer","floor":16},{"not_picked":["Hologram","BootSequence"],"picked":"Redo+1","floor":18},{"not_picked":["Melter+1","Turbo"],"picked":"Doom and Gloom","floor":19},{"not_picked":["Buffer","Genetic Algorithm+1"],"picked":"Reinforced Body","floor":21},{"not_picked":["Storm","Turbo","Redo"],"picked":"SKIP","floor":22},{"not_picked":["Sweeping Beam","Leap"],"picked":"Tempest+1","floor":24}],"player_experience":1400834,"relics_obtained":[{"floor":2,"key":"Gremlin Horn"},{"floor":7,"key":"Letter Opener"},{"floor":9,"key":"Dream Catcher"},{"floor":10,"key":"DataDisk"},{"floor":24,"key":"Strawberry"}],"event_choices":[{"cards_removed":["Strike_B"],"damage_healed":0,"gold_gain":0,"player_choice":"Forget","damage_taken":0,"max_hp_gain":0,"max_hp_loss":0,"event_name":"Living Wall","floor":12,"gold_loss":0},{"damage_healed":0,"gold_gain":0,"player_choice":"Upgraded","damage_taken":0,"max_hp_gain":0,"max_hp_loss":0,"event_name":"Upgrade Shrine","floor":20,"gold_loss":0,"cards_upgraded":["Buffer"]}],"is_beta":false,"boss_relics":[{"not_picked":["FrozenCore","Coffee Dripper"],"picked":"Ectoplasm"}],"items_purged_floors":[],"is_endless":false,"potions_floor_spawned":[1,5,10,14,19,24],"killed_by":"Centurion and Healer","ascension_level":14}