{"gold_per_floor":[115,115,165,1,1,1,27,39,62,79,79,95,108,21,21,116,116,136,156,172,97,108,19,19,32,106,138,138,138,138,17,17,17],"floor_reached":33,"playtime":1515,"items_purged":["Strike_B"],"score":270,"play_id":"a9e06113-0505-426e-9491-bb381f64a724","local_time":"20181231022904","is_ascension_mode":false,"campfire_choices":[{"data":"Dramatic Entrance","floor":6,"key":"SMITH"},{"data":"Glacier","floor":11,"key":"SMITH"},{"data":"Dramatic Entrance","floor":15,"key":"SMITH"},{"data":"Blizzard","floor":24,"key":"SMITH"},{"floor":29,"key":"REST"},{"data":"Redo","floor":32,"key":"SMITH"}],"neow_cost":"NONE","seed_source_timestamp":856256481333892,"circlet_count":0,"master_deck":["Strike_B","Strike_B","Defend_B+1","Defend_B","Defend_B","Zap+1","Dualcast","Glacier+1","Dramatic Entrance+1","Cold Snap","Cold Snap","Coolheaded","Dramatic Entrance+1","Electrodynamics","Loop","Blizzard+1","Loop+1","Tempest","FTL","Coolheaded","Redo+1","White Noise","Loop+1","Glacier","Redo"],"relics":["Cracked Core","NeowsBlessing","Centennial Puzzle","Ornamental Fan","Dream Catcher","Philosopher\u0027s Stone","Sundial","Red Mask"],"potions_floor_usage":[33,33,33],"damage_taken":[{"damage":0,"enemies":"Jaw Worm","floor":1,"turns":1},{"damage":0,"enemies":"Gremlin Nob","floor":7,"turns":1},{"damage":0,"enemies":"2 Louse","floor":8,"turns":1},{"damage":0,"enemies":"Small Slimes","floor":10,"turns":2},{"damage":1,"enemies":"Red Slaver","floor":12,"turns":2},{"damage":0,"enemies":"Exordium Wildlife","floor":13,"turns":4},{"damage":10,"enemies":"The Guardian","floor":16,"turns":20},{"damage":0,"enemies":"2 Thieves","floor":18,"turns":3},{"damage":5,"enemies":"Shell Parasite","floor":19,"turns":4},{"damage":3,"enemies":"3 Cultists","floor":20,"turns":4},{"damage":21,"enemies":"Sentry and Sphere","floor":22,"turns":4},{"damage":0,"enemies":"Centurion and Healer","floor":25,"turns":5},{"damage":0,"enemies":"Masked Bandits","floor":27,"turns":2},{"damage":52,"enemies":"Champ","floor":33,"turns":12}],"seed_played":"-7900435366981770351","potions_obtained":[{"floor":1,"key":"SpeedPotion"},{"floor":8,"key":"Swift Potion"},{"floor":13,"key":"Energy Potion"}],"is_trial":false,"path_per_floor":["M","?","T","$","?","R","E","M","T","M","R","M","M","$","R","B",null,"M","M","M","?","M","$","R","M","T","?","?","R","?","$","R","B"],"character_chosen":"DEFECT","items_purchased":["Dramatic Entrance","Dramatic Entrance","FTL","Coolheaded","Glacier","Redo"],"campfire_rested":1,"item_purchase_floors":[4,14,23,23,31,31],"current_hp_per_floor":[75,60,60,60,53,53,53,53,53,53,53,52,52,52,52,42,75,75,70,67,67,46,46,46,46,46,46,32,56,48,48,48,0],"gold":17,"neow_bonus":"THREE_ENEMY_KILL","is_prod":false,"is_daily":false,"chose_seed":false,"campfire_upgraded":5,"win_rate":0,"timestamp":1546241344,"path_taken":["M","?","?","$","?","R","E","M","T","M","R","M","M","?","R","BOSS","M","M","M","?","M","$","R","M","T","?","?","R","?","$","R","BOSS"],"build_version":"2018-12-20","purchased_purges":1,"victory":false,"max_hp_per_floor":[75,75,75,75,75,75,75,75,75,75,75,75,75,75,75,75,75,75,75,75,75,75,75,75,75,75,75,80,80,80,80,80,80],"card_choices":[{"not_picked":["Double Energy","Conserve Battery"],"picked":"Glacier","floor":1},{"not_picked":["Stack","Compile Driver","Static Discharge"],"picked":"SKIP","floor":7},{"not_picked":["Lockon","Aggregate","Rebound"],"picked":"SKIP","floor":8},{"not_picked":["Hologram","Compile Driver"],"picked":"Cold Snap","floor":10},{"not_picked":["Consume","Biased Cognition"],"picked":"Cold Snap","floor":12},{"not_picked":["Steam Power","Barrage"],"picked":"Coolheaded","floor":13},{"not_picked":["Hyperbeam","Seek"],"picked":"Electrodynamics","floor":16},{"not_picked":["Compile Driver+1","Storm"],"picked":"Loop","floor":18},{"not_picked":["Compile Driver","Reprogram"],"picked":"Blizzard","floor":19},{"not_picked":["Double Energy","Beam Cell+1"],"picked":"Loop+1","floor":20},{"not_picked":["Turbo","Steam Power"],"picked":"Tempest","floor":22},{"not_picked":["Recycle","Hologram"],"picked":"Redo","floor":25},{"not_picked":["Hologram+1","Hyperbeam"],"picked":"White Noise","floor":27},{"not_picked":["Self Repair","Doom and Gloom"],"picked":"Loop+1","floor":29}],"player_experience":877779,"relics_obtained":[{"floor":3,"key":"Centennial Puzzle"},{"floor":7,"key":"Ornamental Fan"},{"floor":9,"key":"Dream Catcher"},{"floor":26,"key":"Sundial"},{"floor":27,"key":"Red Mask"}],"event_choices":[{"damage_healed":0,"gold_gain":0,"player_choice":"Entered Light","damage_taken":15,"max_hp_gain":0,"max_hp_loss":0,"event_name":"Shining Light","floor":2,"gold_loss":0,"cards_upgraded":["Zap","Defend_B"]},{"cards_removed":["Defend_B"],"damage_healed":0,"gold_gain":0,"player_choice":"Card Removal","damage_taken":7,"max_hp_gain":0,"max_hp_loss":0,"event_name":"Golden Wing","floor":5,"gold_loss":0},{"cards_removed":["Strike_B"],"damage_healed":0,"gold_gain":0,"player_choice":"Gave Gold","damage_taken":0,"max_hp_gain":0,"max_hp_loss":0,"event_name":"Beggar","floor":21,"gold_loss":75},{"damage_healed":0,"gold_gain":0,"player_choice":"Fought Bandits","damage_taken":0,"max_hp_gain":0,"max_hp_loss":0,"event_name":"Masked Bandits","floor":27,"gold_loss":0},{"damage_healed":0,"gold_gain":0,"player_choice":"Shed Blood","damage_taken":19,"max_hp_gain":5,"max_hp_loss":0,"event_name":"Forgotten Altar","floor":28,"gold_loss":0},{"damage_healed":0,"gold_gain":0,"player_choice":"","damage_taken":8,"max_hp_gain":0,"max_hp_loss":0,"event_name":"Knowing Skull","floor":30,"potions_obtained":[],"gold_loss":0,"cards_obtained":[]}],"is_beta":false,"boss_relics":[{"not_picked":["Empty Cage","Tiny House"],"picked":"Philosopher\u0027s Stone"}],"items_purged_floors":[4],"is_endless":false,"potions_floor_spawned":[1,8,13,25],"killed_by":"Champ","ascension_level":0}