{"path_per_floor":["M","M","M","M","M","R","E","?","T","E","?","E","M","$","R"],"character_chosen":"IRONCLAD","items_purchased":["Bag of Preparation","Strength Potion"],"gold_per_floor":[114,129,141,161,180,180,207,207,207,238,238,267,287,36,36],"floor_reached":16,"campfire_rested":1,"playtime":1877,"current_hp_per_floor":[71,77,72,71,62,62,58,40,40,20,20,17,19,19,46],"items_purged":["Strike_R"],"gold":36,"score":195,"play_id":"93bea40f-1e1e-4403-b837-ea3d3c49472b","is_prod":false,"is_daily":false,"is_ascension_mode":true,"campfire_upgraded":1,"path_taken":["M","M","M","M","M","R","E","?","T","E","?","E","?","$","R","BOSS"],"build_version":"2018-02-14-BETA1","purchased_purges":1,"victory":false,"master_deck":["Strike_R","Strike_R","Strike_R+1","Strike_R","Defend_R","Defend_R","Defend_R","Defend_R","Bash+1","Parasite","Shrug It Off+1","Whirlwind+1","Shrug It Off+1","Iron Wave+1","Shrug It Off","Pommel Strike+1"],"max_hp_per_floor":[80,80,80,80,80,80,90,90,90,90,90,90,90,90,90],"relics":["Burning Blood","Pear","Calipers","Molten Egg 2","Smiling Mask","Bag of Preparation"],"card_choices":[{"not_picked":["Sword Boomerang","Flex"],"picked":"Shrug It Off"},{"not_picked":["Shrug It Off","Twin Strike"],"picked":"Whirlwind"},{"not_picked":["Anger","True Grit"],"picked":"Shrug It Off"},{"not_picked":["Perfected Strike","Power Through"],"picked":"Iron Wave"},{"not_picked":["Rupture","True Grit"],"picked":"Shrug It Off"},{"not_picked":["Shockwave","Second Wind"],"picked":"Pommel Strike"}],"player_experience":210562,"potions_floor_usage":[5,10,12],"damage_taken":[{"damage":7,"enemies":"Jaw Worm","floor":1,"turns":3},{"damage":0,"enemies":"Cultist","floor":2,"turns":3},{"damage":11,"enemies":"Blue Slaver","floor":3,"turns":4},{"damage":7,"enemies":"Large Slime","floor":4,"turns":7},{"damage":15,"enemies":"Lots of Slimes","floor":5,"turns":4},{"damage":20,"enemies":"3 Sentries","floor":7,"turns":6},{"damage":26,"enemies":"Gremlin Nob","floor":10,"turns":4},{"damage":9,"enemies":"3 Sentries","floor":12,"turns":5},{"damage":4,"enemies":"Exordium Wildlife","floor":13,"turns":6},{"damage":52,"enemies":"The Guardian","floor":16,"turns":13}],"event_choices":[{"event_name":"Shining Light","player_choice":"Entered Light","floor":8,"damage_taken":0},{"event_name":"Accursed Blacksmith","player_choice":"Forge","floor":11,"damage_taken":0}],"boss_relics":[],"potions_floor_spawned":[4,7,10],"seed_played":"-803044958033392569","killed_by":"The Guardian","ascension_level":12,"is_trial":false}