{"path_per_floor":["M","M","M","?","?","R","E","R","T","?","E","M","$","M","R","B",null,"M","M","M","M","?","R","E","T","T","R","E","$","M","E","R","B",null,"M","?","?","$","?","E","R","E","T","$","E","M","R","E","R","B"],"character_chosen":"IRONCLAD","items_purchased":["True Grit","Feel No Pain","Offering"],"gold_per_floor":[15,26,43,118,118,118,147,147,147,175,205,219,19,29,29,107,107,121,141,151,166,81,81,106,153,153,153,180,16,34,67,67,140,140,150,150,150,50,50,83,83,118,118,118,143,163,163,189,189,189],"floor_reached":51,"campfire_rested":0,"playtime":3681,"current_hp_per_floor":[63,61,67,56,49,49,47,47,47,31,26,40,40,52,52,48,66,66,61,44,42,42,42,37,37,37,37,42,42,52,33,33,37,63,57,57,71,71,71,69,69,63,63,63,63,63,63,59,59,52],"items_purged":["Strike_R","Writhe"],"gold":189,"score":1188,"play_id":"b9550faf-1d87-4d33-9944-c9bedd4ebb4b","is_prod":false,"is_daily":false,"is_ascension_mode":true,"campfire_upgraded":9,"path_taken":["M","M","M","?","?","R","E","R","T","?","E","M","$","?","R","BOSS","M","M","M","?","?","R","E","?","T","R","E","$","M","E","R","BOSS","M","?","?","$","?","E","R","E","T","$","E","M","R","E","R","BOSS"],"build_version":"2018-02-16-BETA2","purchased_purges":2,"victory":true,"master_deck":["Strike_R","Strike_R","Defend_R+1","Defend_R","Defend_R","Bash","Rampage","Armaments+1","Body Slam+1","Evolve+1","Shrug It Off","True Grit+1","Feel No Pain+1","Offering+1","Feel No Pain+1","Entrench+1","Headbutt+1","Havoc+1","Body Slam+1","Offering+1","Exhume","True Grit+1","Ghostly Armor","Offering","Shockwave","Pommel Strike+1","Barricade"],"max_hp_per_floor":[72,72,72,72,72,72,72,72,72,72,72,72,72,72,72,72,72,72,72,72,72,72,72,72,72,72,72,72,72,72,72,72,72,72,72,72,72,72,72,72,72,72,72,72,72,72,72,72,72,72],"relics":["Burning Blood","Molten Egg 2","Ice Cream","Odd Mushroom","Meat on the Bone","Sozu","Self Forming Clay","Art of War","Pen Nib","Ancient Tea Set","Bag of Marbles","Happy Flower","Cursed Key","Ornamental Fan","Omamori","Bird Faced Urn","Regal Pillow","Unceasing Top"],"card_choices":[{"not_picked":["Seeing Red","Flex"],"picked":"Rampage"},{"not_picked":["Dual Wield","Anger"],"picked":"Armaments"},{"not_picked":["Sword Boomerang","Armaments"],"picked":"Body Slam"},{"not_picked":["Wild Strike","Infernal Blade"],"picked":"Evolve"},{"not_picked":["Warcry","Demon Form"],"picked":"Shrug It Off"},{"not_picked":["Reaper","Brutality"],"picked":"Offering"},{"not_picked":["Pummel","Clash"],"picked":"Feel No Pain"},{"not_picked":["Rupture","Iron Wave"],"picked":"Entrench"},{"not_picked":["Reckless Charge","Perfected Strike"],"picked":"Headbutt"},{"not_picked":["Corruption","Seeing Red"],"picked":"Havoc"},{"not_picked":["Rage","Thunderclap"],"picked":"Body Slam"},{"not_picked":["Reaper","Immolate"],"picked":"Exhume"},{"not_picked":["Flex","Carnage"],"picked":"True Grit"},{"not_picked":["Warcry","Immolate"],"picked":"Pommel Strike"},{"not_picked":["Intimidate","Clash"],"picked":"Barricade"}],"player_experience":775413,"potions_floor_usage":[7,7,16],"damage_taken":[{"damage":11,"enemies":"Jaw Worm","floor":1,"turns":5},{"damage":8,"enemies":"2 Louse","floor":2,"turns":3},{"damage":0,"enemies":"Small Slimes","floor":3,"turns":3},{"damage":8,"enemies":"Gremlin Nob","floor":7,"turns":3},{"damage":22,"enemies":"The Mushroom Lair","floor":10,"turns":6},{"damage":11,"enemies":"Lagavulin","floor":11,"turns":7},{"damage":4,"enemies":"2 Fungi Beasts","floor":12,"turns":3},{"damage":6,"enemies":"Exordium Thugs","floor":14,"turns":4},{"damage":22,"enemies":"Slime Boss","floor":16,"turns":10},{"damage":6,"enemies":"Shell Parasite","floor":18,"turns":6},{"damage":11,"enemies":"2 Thieves","floor":19,"turns":5},{"damage":23,"enemies":"Snake Plant","floor":20,"turns":2},{"damage":20,"enemies":"Cultist and Chosen","floor":21,"turns":6},{"damage":23,"enemies":"Book of Stabbing","floor":24,"turns":5},{"damage":13,"enemies":"Gremlin Leader","floor":28,"turns":5},{"damage":8,"enemies":"Snecko","floor":30,"turns":2},{"damage":37,"enemies":"Slavers","floor":31,"turns":4},{"damage":14,"enemies":"Champ","floor":33,"turns":8},{"damage":12,"enemies":"Flame Bruiser 1 Orb","floor":35,"turns":2},{"damage":8,"enemies":"Giant Head","floor":40,"turns":2},{"damage":12,"enemies":"2 Orb Walkers","floor":42,"turns":1},{"damage":12,"enemies":"Nemesis","floor":45,"turns":1},{"damage":12,"enemies":"Orb Walker","floor":46,"turns":2},{"damage":16,"enemies":"Giant Head","floor":48,"turns":2},{"damage":33,"enemies":"Donu and Deca","floor":50,"turns":3}],"event_choices":[{"event_name":"World of Goop","player_choice":"Gather Gold","floor":4,"damage_taken":0},{"event_name":"Golden Wing","player_choice":"Card Removal","floor":5,"damage_taken":0},{"event_name":"Mushrooms","player_choice":"Fought Mushrooms","floor":10,"damage_taken":0},{"event_name":"Addict","player_choice":"Obtained Relic","floor":22,"damage_taken":0},{"event_name":"Transmorgrifier","player_choice":"Transform","floor":36,"damage_taken":0},{"event_name":"Winding Halls","player_choice":"Writhe","floor":37,"damage_taken":0},{"event_name":"Match and Keep!","player_choice":"2 cards matched","floor":39,"damage_taken":0}],"boss_relics":[{"not_picked":["Eternal Feather","Ectoplasm"],"picked":"Sozu"},{"not_picked":["Runic Pyramid","Lizard Tail"],"picked":"Cursed Key"}],"potions_floor_spawned":[1,3,12,14,18,19,24,30,42,45],"seed_played":"-6713595506608454197","ascension_level":15,"is_trial":false}