{"path_per_floor":["M","M","$","M","?","R","?","M","T","M","?","M","M","M","R"],"character_chosen":"THE_SILENT","items_purchased":["Footwork"],"gold_per_floor":[119,132,55,73,73,73,148,166,166,176,176,193,210,221,221,221],"floor_reached":16,"campfire_rested":1,"playtime":807,"current_hp_per_floor":[63,59,59,57,57,57,46,45,45,36,29,16,8,8,29,0],"items_purged":[],"gold":221,"score":125,"play_id":"c8622754-b78f-410d-ae5b-c74938f7066e","local_time":"20180416192326","is_prod":false,"is_daily":false,"chose_seed":false,"is_ascension_mode":true,"campfire_upgraded":1,"timestamp":1523921006,"path_taken":["M","M","$","M","?","R","?","M","T","M","?","M","M","M","R","BOSS"],"build_version":"2018-04-12","seed_source_timestamp":191068693215252,"purchased_purges":0,"victory":false,"master_deck":["Defend_G","Defend_G","Defend_G","Defend_G","Strike_G","Strike_G","Strike_G","Strike_G","Survivor","Neutralize","Poisoned Stab","Predator","Accuracy","Footwork+1","Footwork+1","Cloak And Dagger","Footwork","Infinite Blades","Cloak And Dagger","Deadly Poison"],"max_hp_per_floor":[70,70,70,70,70,70,70,70,70,70,70,70,70,70,70,70],"relics":["Ring of the Snake","Matryoshka"],"card_choices":[{"not_picked":["Dagger Throw","Sucker Punch"],"picked":"Predator","floor":1},{"not_picked":["Bane","Dodge and Roll"],"picked":"Accuracy","floor":2},{"not_picked":["Deflect","Choke"],"picked":"Footwork","floor":4},{"not_picked":["Bane","Acrobatics"],"picked":"Cloak And Dagger","floor":8},{"not_picked":["Expertise","Underhanded Strike"],"picked":"Footwork","floor":10},{"not_picked":["Acrobatics","All Out Attack"],"picked":"Infinite Blades","floor":12},{"not_picked":["Bane","Catalyst"],"picked":"Cloak And Dagger","floor":13},{"not_picked":["Dagger Spray","Prepared"],"picked":"Deadly Poison","floor":14}],"player_experience":456339,"potions_floor_usage":[10,16],"damage_taken":[{"damage":0,"enemies":"2 Louse","floor":1,"turns":2},{"damage":4,"enemies":"Small Slimes","floor":2,"turns":3},{"damage":2,"enemies":"Jaw Worm","floor":4,"turns":4},{"damage":1,"enemies":"Large Slime","floor":8,"turns":7},{"damage":9,"enemies":"Gremlin Gang","floor":10,"turns":4},{"damage":13,"enemies":"Red Slaver","floor":12,"turns":5},{"damage":8,"enemies":"Looter","floor":13,"turns":4},{"damage":0,"enemies":"Blue Slaver","floor":14,"turns":4},{"damage":29,"enemies":"Hexaghost","floor":16,"turns":10}],"event_choices":[{"event_name":"Living Wall","player_choice":"Grow","floor":5,"damage_taken":0},{"event_name":"World of Goop","player_choice":"Gather Gold","floor":7,"damage_taken":0},{"event_name":"Golden Wing","player_choice":"Card Removal","floor":11,"damage_taken":0}],"boss_relics":[],"potions_floor_spawned":[1,4,8],"seed_played":"6321642914789296035","killed_by":"Hexaghost","ascension_level":6,"is_trial":false}