{"gold_per_floor":[118,118,132,159,159,159,171,171,196,196,212,137,137,137,137,211,211,191,191,191,191,191,191,191,191,191,191,191,23,23,23,23,23,23,23,23,23,23,23,23,23],"floor_reached":41,"playtime":1417,"items_purged":["Pain"],"score":902,"play_id":"0be21498-74e5-4bbd-9d1e-dd001e6022bb","local_time":"20190303204451","is_ascension_mode":true,"campfire_choices":[{"data":"Searing Blow","floor":6.0,"key":"SMITH"},{"data":"Searing Blow+1","floor":8.0,"key":"SMITH"},{"data":"Searing Blow+2","floor":13.0,"key":"SMITH"},{"data":"Searing Blow+3","floor":15.0,"key":"SMITH"},{"data":"Searing Blow+4","floor":23.0,"key":"SMITH"},{"data":"Searing Blow+5","floor":27.0,"key":"SMITH"},{"data":"Searing Blow+6","floor":32.0,"key":"SMITH"},{"floor":40,"key":"REST"}],"neow_cost":"NONE","seed_source_timestamp":0,"circlet_count":0,"master_deck":["AscendersBane","Strike_R","Strike_R","Strike_R","Strike_R","Strike_R","Defend_R","Defend_R","Defend_R","Defend_R","Bash","Searing Blow+7","Thunderclap","Headbutt","Warcry","Necronomicurse","Ghostly Armor+1","RitualDagger","Burning Pact","Headbutt","Brutality","Headbutt"],"special_seed":0,"relics":["Velvet Choker","WarpedTongs","PreservedInsect","Dream Catcher","Ectoplasm","Necronomicon","Charon\u0027s Ashes","Bag of Marbles","Art of War","CultistMask","White Beast Statue"],"potions_floor_usage":[39,41],"damage_taken":[{"damage":4.0,"enemies":"Jaw Worm","floor":1.0,"turns":4.0},{"damage":9.0,"enemies":"Cultist","floor":3.0,"turns":3.0},{"damage":11.0,"enemies":"Small Slimes","floor":7.0,"turns":2.0},{"damage":11.0,"enemies":"Looter","floor":11.0,"turns":2.0},{"damage":16.0,"enemies":"The Guardian","floor":16.0,"turns":7.0},{"damage":6.0,"enemies":"2 Thieves","floor":18.0,"turns":2.0},{"damage":8.0,"enemies":"Shell Parasite","floor":20.0,"turns":2.0},{"damage":0.0,"enemies":"Centurion and Healer","floor":24.0,"turns":3.0},{"damage":1.0,"enemies":"Cultist and Chosen","floor":25.0,"turns":3.0},{"damage":0.0,"enemies":"3 Cultists","floor":28.0,"turns":3.0},{"damage":0.0,"enemies":"Slavers","floor":30.0,"turns":2.0},{"damage":23.0,"enemies":"Collector","floor":33.0,"turns":6.0},{"damage":0.0,"enemies":"Orb Walker","floor":35.0,"turns":1.0},{"damage":15.0,"enemies":"3 Shapes","floor":37.0,"turns":4.0},{"damage":18.0,"enemies":"Transient","floor":38.0,"turns":6.0},{"damage":25,"enemies":"Spire Growth","floor":39,"turns":3},{"damage":0,"enemies":"Reptomancer","floor":41,"turns":2}],"seed_played":"3222142090106283002","potions_obtained":[{"floor":1.0,"key":"Dexterity Potion"},{"floor":7.0,"key":"LiquidBronze"},{"floor":11.0,"key":"Dexterity Potion"},{"floor":20.0,"key":"Poison Potion"},{"floor":22.0,"key":"SteroidPotion"},{"floor":22.0,"key":"Dexterity Potion"},{"floor":33.0,"key":"FearPotion"},{"floor":35.0,"key":"SpeedPotion"},{"floor":37.0,"key":"Weak Potion"},{"floor":38.0,"key":"PowerPotion"},{"floor":39,"key":"Regen Potion"}],"is_trial":false,"path_per_floor":["M","?","M","T","?","R","M","R","T","?","M","$","R","?","R","B",null,"M","?","M","?","?","R","M","M","T","R","M","$","E","?","R","B",null,"M","$","M","M","M","R","E"],"character_chosen":"IRONCLAD","items_purchased":["Bag of Marbles"],"campfire_rested":1,"item_purchase_floors":[29],"current_hp_per_floor":[64,64,55,55,55,55,44,44,44,44,33,33,33,38,38,22,66,60,39,31,25,25,25,25,24,24,24,24,24,24,24,24,1,60,60,60,45,27,2,26,31],"gold":23,"neow_bonus":"BOSS_RELIC","is_prod":false,"is_daily":false,"chose_seed":false,"campfire_upgraded":7,"win_rate":0,"timestamp":1551613491,"path_taken":["M","?","?","?","?","R","M","R","T","?","M","$","R","?","R","BOSS","M","?","M","?","?","R","?","M","T","R","M","$","E","?","R","BOSS","M","$","M","M","?","R","E"],"build_version":"2019-01-23","purchased_purges":1,"victory":false,"max_hp_per_floor":[75,75,75,75,75,75,75,75,75,75,75,75,75,80,80,80,80,80,80,80,80,80,80,80,80,80,80,80,80,80,80,80,80,80,80,80,80,80,80,80,80],"card_choices":[{"not_picked":["Disarm","Pummel"],"picked":"Searing Blow","floor":1.0},{"not_picked":["Anger","Intimidate"],"picked":"Thunderclap","floor":3.0},{"not_picked":["Clothesline","Metallicize"],"picked":"Headbutt","floor":7.0},{"not_picked":["Body Slam","Pommel Strike"],"picked":"Warcry","floor":11.0},{"not_picked":["Power Through","Reckless Charge","Sentinel+1"],"picked":"SKIP","floor":18.0},{"not_picked":["Twin Strike","Clothesline"],"picked":"Ghostly Armor+1","floor":20.0},{"not_picked":["Cleave","Dropkick","Headbutt"],"picked":"SKIP","floor":24.0},{"not_picked":["Sword Boomerang+1","Armaments"],"picked":"Burning Pact","floor":25.0},{"not_picked":["Reckless Charge","Hemokinesis","Twin Strike"],"picked":"SKIP","floor":28.0},{"not_picked":["Twin Strike","Fire Breathing+1"],"picked":"Headbutt","floor":30.0},{"not_picked":["Fiend Fire","Immolate"],"picked":"Brutality","floor":33.0},{"not_picked":["Wild Strike","Burning Pact+1"],"picked":"Headbutt","floor":35.0},{"not_picked":["Rampage","Inflame+1","Cleave"],"picked":"SKIP","floor":37.0},{"not_picked":["Anger","Pommel Strike","Uppercut"],"picked":"SKIP","floor":38.0},{"not_picked":["Evolve","Spot Weakness","Headbutt+1"],"picked":"SKIP","floor":39}],"player_experience":1045785,"relics_obtained":[{"floor":4.0,"key":"PreservedInsect"},{"floor":9.0,"key":"Dream Catcher"},{"floor":19.0,"key":"Necronomicon"},{"floor":26.0,"key":"Charon\u0027s Ashes"},{"floor":30.0,"key":"Art of War"}],"event_choices":[{"damage_healed":0.0,"max_hp_gain":0.0,"max_hp_loss":0.0,"gold_gain":0.0,"event_name":"Accursed Blacksmith","player_choice":"Rummage","floor":2.0,"gold_loss":0.0,"damage_taken":0.0,"relics_obtained":["WarpedTongs"],"cards_obtained":["Pain"]},{"damage_healed":0.0,"max_hp_gain":0.0,"max_hp_loss":0.0,"gold_gain":0.0,"event_name":"Shining Light","player_choice":"Ignored","floor":5.0,"gold_loss":0.0,"damage_taken":0.0},{"damage_healed":0.0,"max_hp_gain":0.0,"max_hp_loss":0.0,"gold_gain":0.0,"event_name":"Scrap Ooze","player_choice":"Fled","floor":10.0,"gold_loss":0.0,"damage_taken":0.0},{"damage_healed":0.0,"max_hp_gain":5.0,"max_hp_loss":0.0,"gold_gain":0.0,"event_name":"Big Fish","player_choice":"Donut","floor":14.0,"gold_loss":0.0,"damage_taken":0.0},{"damage_healed":0.0,"max_hp_gain":0.0,"max_hp_loss":0.0,"gold_gain":0.0,"event_name":"Cursed Tome","player_choice":"Obtained Book","floor":19.0,"gold_loss":0.0,"damage_taken":21.0},{"damage_healed":0.0,"max_hp_gain":0.0,"max_hp_loss":0.0,"gold_gain":0.0,"event_name":"Nest","player_choice":"Joined the Cult","floor":21.0,"gold_loss":0.0,"damage_taken":6.0,"cards_obtained":["RitualDagger"]},{"damage_healed":0.0,"max_hp_gain":0.0,"max_hp_loss":0.0,"gold_gain":0.0,"event_name":"Lab","player_choice":"Got Potions","floor":22.0,"gold_loss":0.0,"damage_taken":0.0},{"damage_healed":0.0,"max_hp_gain":0.0,"max_hp_loss":0.0,"gold_gain":0.0,"event_name":"FaceTrader","player_choice":"Trade","floor":31.0,"gold_loss":0.0,"damage_taken":0.0,"relics_obtained":["CultistMask"]}],"is_beta":false,"boss_relics":[{"not_picked":["Runic Cube","Fusion Hammer"],"picked":"Ectoplasm"},{"not_picked":["Astrolabe","Orrery"],"picked":"White Beast Statue"}],"items_purged_floors":[12],"is_endless":false,"potions_floor_spawned":[1,7,11,20,25,33,35,37,38,39],"killed_by":"Reptomancer","ascension_level":20}