{"gold_per_floor":[118,118,135,162,172,201,201,213,213,213,232,263,16,44,44,145,145,157,43,43,43,43,43,43,77,77,111,36,36,47,47,47,142,142,156,156,156,205,205,205,222,250,250,33,33,60,0,19,19,19],"floor_reached":50,"playtime":3588,"items_purged":[],"score":826,"play_id":"31e3fdd8-fbf6-4007-bfe6-eca26fe8127d","local_time":"20181222125029","is_ascension_mode":true,"campfire_choices":[{"data":"Crippling Poison","floor":7,"key":"SMITH"},{"floor":15,"key":"REST"},{"data":"1","floor":23,"key":"LIFT"},{"data":"2","floor":32,"key":"LIFT"},{"data":"3","floor":40,"key":"LIFT"},{"floor":45,"key":"REST"},{"floor":49,"key":"REST"}],"neow_cost":"NONE","seed_source_timestamp":151572826936450,"circlet_count":0,"master_deck":["Defend_G+1","Defend_G+1","Defend_G+1","Defend_G+1","Defend_G+1","Survivor","Neutralize+1","Crippling Poison+1","Poisoned Stab","Deadly Poison","Poisoned Stab","Prepared+1","Leg Sweep","Well Laid Plans","Bouncing Flask","Backstab","Tools of the Trade","Footwork","Bite","Bite","Bite","Bite","Bite","Blur","Necronomicurse","Dash","Distraction+1","Adrenaline","Sadistic Nature","Adrenaline","Slice+1"],"relics":["Ring of the Snake","NeowsBlessing","Bronze Scales","Torii","The Courier","Ornamental Fan","Girya","Fusion Hammer","Juzu Bracelet","Singing Bowl","Necronomicon","Tough Bandages","Pear","War Paint","Busted Crown","Nunchaku","Regal Pillow","Bird Faced Urn","TwistedFunnel","Shuriken","Red Mask"],"potions_floor_usage":[6,6,12,14,14,14,16,25,33,42,46,46,50,50],"damage_taken":[{"damage":0,"enemies":"2 Louse","floor":1,"turns":1},{"damage":0,"enemies":"Cultist","floor":3,"turns":1},{"damage":0,"enemies":"Small Slimes","floor":5,"turns":1},{"damage":6,"enemies":"3 Sentries","floor":6,"turns":6},{"damage":20,"enemies":"Exordium Thugs","floor":8,"turns":3},{"damage":20,"enemies":"Large Slime","floor":11,"turns":5},{"damage":8,"enemies":"Lagavulin","floor":12,"turns":5},{"damage":1,"enemies":"Gremlin Nob","floor":14,"turns":3},{"damage":18,"enemies":"The Guardian","floor":16,"turns":7},{"damage":7,"enemies":"3 Byrds","floor":18,"turns":3},{"damage":14,"enemies":"Book of Stabbing","floor":25,"turns":4},{"damage":10,"enemies":"Gremlin Leader","floor":27,"turns":7},{"damage":0,"enemies":"Shell Parasite","floor":30,"turns":3},{"damage":56,"enemies":"Collector","floor":33,"turns":7},{"damage":0,"enemies":"Orb Walker","floor":35,"turns":3},{"damage":2,"enemies":"2 Orb Walkers","floor":38,"turns":5},{"damage":0,"enemies":"3 Darklings","floor":41,"turns":4},{"damage":22,"enemies":"Giant Head","floor":42,"turns":8},{"damage":0,"enemies":"Reptomancer","floor":46,"turns":4},{"damage":9,"enemies":"Writhing Mass","floor":48,"turns":4},{"damage":89,"enemies":"Time Eater","floor":50,"turns":9}],"seed_played":"389643371183020631","potions_obtained":[{"floor":3,"key":"AttackPotion"},{"floor":5,"key":"GhostInAJar"},{"floor":11,"key":"Strength Potion"},{"floor":14,"key":"Fire Potion"},{"floor":18,"key":"Energy Potion"},{"floor":27,"key":"SkillPotion"},{"floor":38,"key":"Swift Potion"},{"floor":41,"key":"SteroidPotion"},{"floor":42,"key":"AttackPotion"},{"floor":48,"key":"Dexterity Potion"}],"is_trial":false,"path_per_floor":["M","?","M","T","M","E","R","M","T","?","M","E","$","E","R","B",null,"M","$","?","?","?","R","?","E","T","E","?","?","M","$","R","B",null,"M","?","?","?","?","R","M","E","T","$","R","E","?","M","R","B"],"character_chosen":"THE_SILENT","items_purchased":["Well Laid Plans","Bouncing Flask","PowerPotion","Energy Potion","SneckoOil","Juzu Bracelet","TwistedFunnel","GhostInAJar"],"campfire_rested":3,"item_purchase_floors":[13,13,13,13,13,19,44,44],"current_hp_per_floor":[63,63,63,63,63,57,57,37,37,37,17,9,9,8,29,11,55,48,48,48,48,48,48,32,24,34,44,44,44,52,52,52,8,48,52,52,52,60,60,60,64,49,49,49,64,64,64,60,66,0],"gold":19,"neow_bonus":"THREE_ENEMY_KILL","is_prod":false,"is_daily":false,"chose_seed":false,"campfire_upgraded":1,"win_rate":0,"timestamp":1545501029,"path_taken":["M","?","?","?","M","E","R","?","T","?","M","E","?","E","R","BOSS","M","$","?","?","?","R","?","E","T","E","?","?","M","$","R","BOSS","M","?","?","?","?","R","M","E","T","$","R","E","?","M","R","BOSS"],"build_version":"2018-12-20","purchased_purges":0,"victory":false,"max_hp_per_floor":[70,70,70,70,70,70,70,70,70,70,70,70,70,70,70,70,70,70,70,70,49,49,49,49,49,59,61,61,61,61,61,61,61,61,63,63,63,65,62,62,64,64,64,64,64,64,64,66,66,66],"card_choices":[{"not_picked":["PiercingWail","Eviscerate"],"picked":"Crippling Poison","floor":1},{"not_picked":["Concentrate","Acrobatics"],"picked":"Poisoned Stab","floor":3},{"not_picked":["Finisher","Acrobatics"],"picked":"Poisoned Stab","floor":5},{"not_picked":["Unload","Backflip"],"picked":"Deadly Poison","floor":6},{"not_picked":["Flying Knee","Blade Dance"],"picked":"Poisoned Stab","floor":8},{"not_picked":["Backflip","Masterful Stab"],"picked":"Prepared","floor":11},{"not_picked":["Unload","Choke"],"picked":"Leg Sweep","floor":12},{"not_picked":["Slice","Poisoned Stab"],"picked":"Backstab","floor":14},{"not_picked":["Phantasmal Killer","Unload"],"picked":"Tools of the Trade","floor":16},{"not_picked":["Slice","Concentrate"],"picked":"Footwork","floor":18},{"not_picked":["Outmaneuver","Cloak And Dagger"],"picked":"Dash","floor":25},{"not_picked":["Unload","Flying Knee","Prepared+1"],"picked":"Singing Bowl","floor":27},{"not_picked":["Outmaneuver+1","Dodge and Roll+1"],"picked":"Distraction+1","floor":30},{"not_picked":["Wraith Form v2","Storm of Steel"],"picked":"Adrenaline","floor":33},{"not_picked":["Dodge and Roll"],"picked":"Singing Bowl","floor":35},{"not_picked":[],"picked":"Sadistic Nature","floor":36},{"not_picked":["Deadly Poison"],"picked":"Singing Bowl","floor":38},{"not_picked":["Accuracy"],"picked":"Singing Bowl","floor":41},{"not_picked":[],"picked":"Adrenaline","floor":42},{"not_picked":[],"picked":"Slice+1","floor":46},{"not_picked":["Slice"],"picked":"Singing Bowl","floor":48}],"player_experience":341588,"relics_obtained":[{"floor":4,"key":"Bronze Scales"},{"floor":6,"key":"Torii"},{"floor":9,"key":"The Courier"},{"floor":12,"key":"Ornamental Fan"},{"floor":14,"key":"Girya"},{"floor":24,"key":"Necronomicon"},{"floor":25,"key":"Tough Bandages"},{"floor":26,"key":"Pear"},{"floor":27,"key":"War Paint"},{"floor":38,"key":"Nunchaku"},{"floor":42,"key":"Regal Pillow"},{"floor":43,"key":"Bird Faced Urn"},{"floor":46,"key":"Shuriken"}],"event_choices":[{"damage_healed":0,"gold_gain":0,"player_choice":"Forge","damage_taken":0,"max_hp_gain":0,"max_hp_loss":0,"event_name":"Accursed Blacksmith","floor":2,"gold_loss":0,"cards_upgraded":["Neutralize"]},{"damage_healed":0,"gold_gain":0,"player_choice":"Ignored","damage_taken":0,"max_hp_gain":0,"max_hp_loss":0,"event_name":"Golden Wing","floor":10,"gold_loss":0},{"damage_healed":0,"gold_gain":0,"player_choice":"Stole Relic","damage_taken":0,"relics_obtained":["Singing Bowl"],"max_hp_gain":0,"max_hp_loss":0,"event_name":"Addict","floor":20,"gold_loss":0,"cards_obtained":["Shame"]},{"damage_healed":0,"gold_gain":0,"player_choice":"Became a vampire","damage_taken":0,"max_hp_gain":0,"max_hp_loss":21,"event_name":"Vampires","floor":21,"gold_loss":0,"cards_obtained":["Bite","Bite","Bite","Bite","Bite"]},{"damage_healed":0,"gold_gain":0,"player_choice":"Read","damage_taken":0,"max_hp_gain":0,"max_hp_loss":0,"event_name":"The Library","floor":22,"gold_loss":0,"cards_obtained":["Blur"]},{"damage_healed":0,"gold_gain":0,"player_choice":"Obtained Book","damage_taken":16,"max_hp_gain":0,"max_hp_loss":0,"event_name":"Cursed Tome","floor":24,"gold_loss":0},{"cards_removed":["Shame"],"damage_healed":0,"gold_gain":0,"player_choice":"Gave Gold","damage_taken":0,"max_hp_gain":0,"max_hp_loss":0,"event_name":"Beggar","floor":28,"gold_loss":75},{"damage_healed":0,"gold_gain":0,"player_choice":"Simplicity","damage_taken":0,"max_hp_gain":0,"max_hp_loss":0,"event_name":"Back to Basics","floor":29,"gold_loss":0,"cards_upgraded":["Defend_G","Defend_G","Defend_G","Defend_G"]},{"damage_healed":0,"gold_gain":0,"player_choice":"Memory 1","damage_taken":0,"max_hp_gain":0,"max_hp_loss":0,"event_name":"SensoryStone","floor":36,"gold_loss":0},{"cards_removed":["Poisoned Stab"],"damage_healed":0,"gold_gain":0,"player_choice":"Removed Attack","damage_taken":0,"max_hp_gain":0,"max_hp_loss":0,"event_name":"Falling","floor":37,"gold_loss":0},{"damage_healed":0,"gold_gain":0,"player_choice":"Fight","damage_taken":0,"max_hp_gain":0,"max_hp_loss":0,"event_name":"Mysterious Sphere","floor":38,"gold_loss":0},{"damage_healed":0,"gold_gain":0,"player_choice":"Max HP","damage_taken":0,"max_hp_gain":0,"max_hp_loss":3,"event_name":"Winding Halls","floor":39,"gold_loss":0},{"damage_healed":0,"gold_gain":0,"player_choice":"Paid","damage_taken":0,"relics_obtained":["Red Mask"],"max_hp_gain":0,"max_hp_loss":0,"event_name":"Tomb of Lord Red Mask","floor":47,"gold_loss":60}],"is_beta":false,"boss_relics":[{"not_picked":["HoveringKite","Philosopher\u0027s Stone"],"picked":"Fusion Hammer"},{"not_picked":["Sozu","Snecko Eye"],"picked":"Busted Crown"}],"items_purged_floors":[],"is_endless":false,"potions_floor_spawned":[3,5,11,14,18,27,38,41,42,48],"killed_by":"Time Eater","ascension_level":7}