{"path_per_floor":["M","M","?","?","M","R","?","R","T","?","M","$","M","M","R","B",null,"M","$","?","?","?","E","M","M","T","R","$","M","E","M","R","B",null,"M","?","M","$","M","R","?","E","T","M","M","?","R","M","R","B"],"character_chosen":"IRONCLAD","items_purchased":["Perfected Strike","Anchor","Metallicize"],"gold_per_floor":[109,119,119,119,138,138,138,138,138,138,150,29,45,60,60,158,158,172,19,19,19,19,47,61,76,144,144,44,57,87,98,98,203,203,215,264,274,76,87,87,87,115,139,158,175,0,0,10,10,10],"floor_reached":51,"campfire_rested":0,"playtime":2607,"current_hp_per_floor":[80,80,80,80,80,80,80,80,80,80,65,65,54,58,58,57,80,80,80,64,64,64,64,72,76,76,76,76,80,72,78,78,69,80,70,50,54,54,56,56,56,55,55,57,61,61,61,63,63,11],"items_purged":["Regret","Defend_R","Defend_R"],"gold":10,"score":635,"play_id":"32e33fc4-014d-48c5-85e5-26edf4670691","is_prod":false,"is_daily":false,"is_ascension_mode":true,"campfire_upgraded":8,"path_taken":["M","M","?","?","?","R","?","R","T","?","M","$","?","?","R","BOSS","M","$","?","?","?","E","?","M","T","R","$","M","E","M","R","BOSS","M","?","M","$","M","R","?","E","T","?","M","?","R","?","R","BOSS"],"build_version":"2018-02-15-PROD1","purchased_purges":3,"victory":true,"master_deck":["Strike_R","Strike_R","Strike_R","Strike_R","Strike_R","Bash","Flame Barrier+1","Pummel","Metallicize+1","True Grit+1","Exhume","Perfected Strike+1","Bash+1","Flame Barrier+1","Perfected Strike+1","Perfected Strike+1","Perfected Strike+1","Offering+1","Pommel Strike+1","Pummel+1","Rupture+1","Hemokinesis+1","Immolate+1","Wild Strike+1","Feel No Pain","Dark Embrace","Dual Wield+1","Metallicize","Battle Trance+1","Pommel Strike+1","Perfected Strike+1"],"max_hp_per_floor":[80,80,80,80,80,80,80,80,80,80,80,80,80,80,80,80,80,80,80,80,80,80,80,80,80,80,80,80,80,80,80,80,80,80,80,80,80,80,80,80,80,80,80,80,80,80,80,80,80,80],"relics":["Burning Blood","NeowsBlessing","Blood Vial","Bag of Preparation","Molten Egg 2","Snecko Eye","Anchor","Enchiridion","Mercury Hourglass","Blue Candle","Dream Catcher","Mark of Pain","Unceasing Top","Vajra","Oddly Smooth Stone","Red Mask"],"card_choices":[{"not_picked":["Flex","Seeing Red"],"picked":"Flame Barrier"},{"not_picked":["Hemokinesis","Cleave"],"picked":"Pummel"},{"not_picked":["Clash","Heavy Blade"],"picked":"True Grit"},{"not_picked":["Ghostly Armor","Sentinel"],"picked":"Flame Barrier"},{"not_picked":["Feel No Pain","Clothesline"],"picked":"Perfected Strike"},{"not_picked":["Power Through","Wild Strike"],"picked":"Perfected Strike"},{"not_picked":["Barricade","Demon Form"],"picked":"Offering"},{"not_picked":["Headbutt","Shrug It Off"],"picked":"Pommel Strike"},{"not_picked":["Twin Strike","Body Slam"],"picked":"Rupture"},{"not_picked":["Anger","Twin Strike"],"picked":"Hemokinesis"},{"not_picked":["Twin Strike","Sword Boomerang"],"picked":"Immolate"},{"not_picked":["Shrug It Off","Flex"],"picked":"Wild Strike"},{"not_picked":["Spot Weakness","Body Slam"],"picked":"Feel No Pain"},{"not_picked":["Sentinel","Body Slam"],"picked":"Warcry"},{"not_picked":["Impervious","Exhume"],"picked":"Dark Embrace"},{"not_picked":["Sword Boomerang","Flame Barrier"],"picked":"Dual Wield"},{"not_picked":["Rage","Thunderclap"],"picked":"Battle Trance"},{"not_picked":["Heavy Blade","Iron Wave"],"picked":"Pommel Strike"},{"not_picked":["Cleave","Shrug It Off"],"picked":"Perfected Strike"}],"player_experience":176809,"potions_floor_usage":[16,16,16,25,31,42,42,50,50,50],"damage_taken":[{"damage":0,"enemies":"Cultist","floor":1,"turns":1},{"damage":0,"enemies":"Small Slimes","floor":2,"turns":1},{"damage":0,"enemies":"2 Louse","floor":5,"turns":1},{"damage":21,"enemies":"Exordium Thugs","floor":11,"turns":6},{"damage":19,"enemies":"Gremlin Gang","floor":13,"turns":6},{"damage":4,"enemies":"Red Slaver","floor":14,"turns":2},{"damage":9,"enemies":"Slime Boss","floor":16,"turns":5},{"damage":4,"enemies":"3 Byrds","floor":18,"turns":4},{"damage":8,"enemies":"Gremlin Leader","floor":23,"turns":5},{"damage":0,"enemies":"Shell Parasite","floor":24,"turns":3},{"damage":4,"enemies":"3 Cultists","floor":25,"turns":2},{"damage":0,"enemies":"Centurion and Healer","floor":29,"turns":5},{"damage":14,"enemies":"Slavers","floor":30,"turns":3},{"damage":2,"enemies":"Slaver and Parasite","floor":31,"turns":2},{"damage":17,"enemies":"Collector","floor":33,"turns":5},{"damage":16,"enemies":"3 Darklings","floor":35,"turns":3},{"damage":28,"enemies":"Mysterious Sphere","floor":36,"turns":4},{"damage":4,"enemies":"Orb Walker","floor":37,"turns":1},{"damage":6,"enemies":"3 Darklings","floor":39,"turns":2},{"damage":9,"enemies":"Nemesis","floor":42,"turns":5},{"damage":6,"enemies":"Maw","floor":44,"turns":3},{"damage":4,"enemies":"4 Shapes","floor":45,"turns":3},{"damage":6,"enemies":"Sphere and 2 Shapes","floor":48,"turns":3},{"damage":60,"enemies":"Donu and Deca","floor":50,"turns":6}],"event_choices":[{"event_name":"Living Wall","player_choice":"Change","floor":3,"damage_taken":0},{"event_name":"Big Fish","player_choice":"Box","floor":4,"damage_taken":0},{"event_name":"Match and Keep!","player_choice":"3 cards matched","floor":7,"damage_taken":0},{"event_name":"Dead Adventurer","player_choice":"Searched \u00271\u0027 times","floor":10,"damage_taken":0},{"event_name":"Cursed Tome","player_choice":"Obtained Book","floor":20,"damage_taken":0},{"event_name":"Drug Dealer","player_choice":"Ignored","floor":21,"damage_taken":0},{"event_name":"Transmorgrifier","player_choice":"Transform","floor":22,"damage_taken":0},{"event_name":"Mysterious Sphere","player_choice":"Fight","floor":36,"damage_taken":0},{"event_name":"Tomb of Lord Red Mask","player_choice":"Paid","floor":46,"damage_taken":0}],"boss_relics":[{"not_picked":["Pandora\u0027s Box","Tiny House"],"picked":"Snecko Eye"},{"not_picked":["Runic Dome","Orrery"],"picked":"Mark of Pain"}],"potions_floor_spawned":[1,5,13,16,23,29,31,33,35,37,39,42,45],"seed_played":"-2933496650745785415","ascension_level":1,"is_trial":false}