{"gold_per_floor":[113,133,133,151,151,151,162,162,162,181,193,210,224,12,12,113,113,126,56,56,21,41,41,41,58,58,58,70,85,85,39,39,139,139,159,178,5,5,5,5,31,31,31,50,50,60,80,97,97,97],"floor_reached":51,"playtime":6057,"items_purged":["Strike_G"],"score":673,"play_id":"ad1680f0-ccea-48f1-bd58-1094ce238d4d","local_time":"20190209204911","is_ascension_mode":false,"campfire_choices":[{"data":"Cloak And Dagger","floor":6,"key":"SMITH"},{"data":"Backstab","floor":8,"key":"SMITH"},{"data":"Envenom","floor":15,"key":"SMITH"},{"data":"Accuracy","floor":23,"key":"SMITH"},{"data":"After Image","floor":32,"key":"SMITH"},{"data":"Infinite Blades","floor":40,"key":"SMITH"},{"data":"Infinite Blades","floor":42,"key":"SMITH"},{"data":"Infinite Blades","floor":45,"key":"SMITH"},{"data":"Footwork","floor":49,"key":"SMITH"}],"neow_cost":"NONE","seed_source_timestamp":764511958195978,"circlet_count":0,"master_deck":["Defend_G","Defend_G","Defend_G","Defend_G","Defend_G","Strike_G","Survivor","Neutralize","Backstab","Cloak And Dagger+1","Backstab+1","Backflip","Infinite Blades+1","Envenom+1","Footwork","Footwork+1","Escape Plan","After Image+1","Accuracy+1","Escape Plan","Infinite Blades+1","Leg Sweep","Infinite Blades+1","Deadly Poison","Infinite Blades+1","Backflip","Catalyst+1","Noxious Fumes+1","Dramatic Entrance","Madness","Madness","Bandage Up","Finesse","Blade Dance+1","Accuracy+1","Blur+1","Noxious Fumes+1"],"relics":["Ring of the Snake","Mummified Hand","Gremlin Horn","Eternal Feather","Frozen Egg 2","Empty Cage","Happy Flower","Bag of Preparation"],"potions_floor_usage":[50,50,50],"damage_taken":[{"damage":0,"enemies":"2 Louse","floor":1,"turns":3},{"damage":0,"enemies":"Cultist","floor":2,"turns":4},{"damage":0,"enemies":"Small Slimes","floor":4,"turns":4},{"damage":0,"enemies":"Blue Slaver","floor":7,"turns":4},{"damage":0,"enemies":"Red Slaver","floor":10,"turns":2},{"damage":0,"enemies":"Looter","floor":11,"turns":2},{"damage":0,"enemies":"3 Louse","floor":12,"turns":2},{"damage":0,"enemies":"2 Fungi Beasts","floor":13,"turns":2},{"damage":21,"enemies":"Hexaghost","floor":16,"turns":11},{"damage":10,"enemies":"Spheric Guardian","floor":18,"turns":8},{"damage":7,"enemies":"Chosen","floor":22,"turns":5},{"damage":0,"enemies":"Centurion and Healer","floor":25,"turns":7},{"damage":4,"enemies":"Snake Plant","floor":28,"turns":6},{"damage":0,"enemies":"Shelled Parasite and Fungi","floor":29,"turns":5},{"damage":1,"enemies":"Automaton","floor":33,"turns":9},{"damage":4,"enemies":"3 Shapes","floor":35,"turns":5},{"damage":23,"enemies":"3 Darklings","floor":36,"turns":5},{"damage":14,"enemies":"Nemesis","floor":41,"turns":7},{"damage":16,"enemies":"Jaw Worm Horde","floor":44,"turns":3},{"damage":25,"enemies":"Writhing Mass","floor":46,"turns":6},{"damage":2,"enemies":"Sphere and 2 Shapes","floor":47,"turns":3},{"damage":0,"enemies":"4 Shapes","floor":48,"turns":4},{"damage":63,"enemies":"Awakened One","floor":50,"turns":8}],"seed_played":"-139183058536974232","potions_obtained":[{"floor":2,"key":"AttackPotion"},{"floor":10,"key":"Energy Potion"},{"floor":11,"key":"EssenceOfSteel"},{"floor":13,"key":"Fruit Juice"},{"floor":28,"key":"Regen Potion"},{"floor":48,"key":"GhostInAJar"}],"is_trial":false,"path_per_floor":["M","M","?","M","?","R","M","R","T","M","M","M","M","$","R","B",null,"M","$","?","$","M","R","?","M","T","$","M","M","?","$","R","B",null,"M","M","$","?","?","R","E","R","T","M","R","M","M","M","R","B",null],"character_chosen":"THE_SILENT","items_purchased":["Footwork","Escape Plan","Escape Plan","Infinite Blades","Backflip","Noxious Fumes+1","Dramatic Entrance"],"campfire_rested":0,"item_purchase_floors":[14,14,19,21,31,37,37],"current_hp_per_floor":[70,70,52,52,52,52,52,52,52,52,52,52,52,52,52,31,70,60,60,60,60,53,65,65,65,65,65,61,61,48,48,63,62,75,71,48,48,39,34,52,42,60,60,48,66,45,47,51,72,33],"gold":97,"neow_bonus":"REMOVE_CARD","is_prod":false,"is_daily":false,"chose_seed":false,"campfire_upgraded":9,"win_rate":0,"timestamp":1549763351,"path_taken":["M","M","?","M","?","R","M","R","T","?","M","M","M","$","R","BOSS","M","$","?","?","M","R","?","M","T","?","?","M","?","$","R","BOSS","M","M","$","?","?","R","E","R","T","M","R","M","M","M","R","BOSS"],"build_version":"2019-01-23","purchased_purges":1,"victory":true,"max_hp_per_floor":[70,70,70,70,70,70,70,70,70,70,70,70,70,70,70,70,70,70,70,70,70,70,70,70,70,70,70,70,70,75,75,75,75,75,75,75,75,75,75,75,75,75,75,75,75,75,75,75,75,80],"card_choices":[{"not_picked":["Quick Slash","Slice"],"picked":"Backstab","floor":1},{"not_picked":["Quick Slash","Blur"],"picked":"Cloak And Dagger","floor":2},{"not_picked":["Cloak And Dagger","Dash"],"picked":"Backstab","floor":4},{"not_picked":["Deflect","Dagger Throw"],"picked":"Backflip","floor":7},{"not_picked":["Cloak And Dagger","Escape Plan"],"picked":"Infinite Blades","floor":10},{"not_picked":["Expertise","Sucker Punch"],"picked":"Envenom","floor":11},{"not_picked":["Predator","Underhanded Strike"],"picked":"Footwork","floor":12},{"not_picked":["Dagger Spray","Poisoned Stab","Bane"],"picked":"SKIP","floor":13},{"not_picked":["Wraith Form v2","Night Terror"],"picked":"After Image","floor":16},{"not_picked":["Reflex","Setup"],"picked":"Accuracy","floor":18},{"not_picked":["Cloak And Dagger","Finisher"],"picked":"Leg Sweep","floor":22},{"not_picked":["Heel Hook","Crippling Poison"],"picked":"Infinite Blades","floor":25},{"not_picked":["Backflip","PiercingWail"],"picked":"Deadly Poison","floor":28},{"not_picked":["Well Laid Plans+1","Deadly Poison"],"picked":"Infinite Blades+1","floor":29},{"not_picked":["Dagger Throw+1","Heel Hook+1"],"picked":"Catalyst+1","floor":35},{"not_picked":["Acrobatics","Dagger Throw+1","Bane+1"],"picked":"SKIP","floor":36},{"not_picked":["Swift Strike","Madness"],"picked":"Bandage Up","floor":39},{"not_picked":["Secret Technique","Jack Of All Trades"],"picked":"Finesse","floor":39},{"not_picked":["Crippling Poison","Night Terror"],"picked":"Blade Dance+1","floor":41},{"not_picked":["Bane","Choke","Eviscerate+1"],"picked":"SKIP","floor":44},{"not_picked":["Outmaneuver+1","Calculated Gamble+1"],"picked":"Accuracy+1","floor":46},{"not_picked":["Bane+1","Predator"],"picked":"Blur+1","floor":47},{"not_picked":["Dagger Throw+1","Flying Knee"],"picked":"Noxious Fumes+1","floor":48}],"player_experience":1002689,"relics_obtained":[{"floor":9,"key":"Gremlin Horn"},{"floor":26,"key":"Frozen Egg 2"},{"floor":41,"key":"Happy Flower"},{"floor":43,"key":"Bag of Preparation"}],"event_choices":[{"damage_healed":0,"gold_gain":0,"player_choice":"Success","damage_taken":18,"relics_obtained":["Mummified Hand"],"max_hp_gain":0,"max_hp_loss":0,"event_name":"Scrap Ooze","floor":3,"gold_loss":0},{"damage_healed":0,"gold_gain":0,"player_choice":"Bought 0 Potions","damage_taken":0,"max_hp_gain":0,"max_hp_loss":0,"event_name":"The Woman in Blue","floor":5,"gold_loss":0},{"damage_healed":0,"gold_gain":0,"player_choice":"Ignored","damage_taken":0,"max_hp_gain":0,"max_hp_loss":0,"event_name":"NoteForYourself","floor":20,"gold_loss":0},{"damage_healed":0,"gold_gain":0,"player_choice":"Shed Blood","damage_taken":18,"max_hp_gain":5,"max_hp_loss":0,"event_name":"Forgotten Altar","floor":30,"gold_loss":0},{"damage_healed":0,"gold_gain":0,"player_choice":"Embrace Madness","damage_taken":9,"max_hp_gain":0,"max_hp_loss":0,"event_name":"Winding Halls","floor":38,"gold_loss":0,"cards_obtained":["Madness","Madness"]},{"damage_healed":0,"gold_gain":0,"player_choice":"Memory 2","damage_taken":5,"max_hp_gain":0,"max_hp_loss":0,"event_name":"SensoryStone","floor":39,"gold_loss":0}],"is_beta":false,"boss_relics":[{"not_picked":["Velvet Choker","Snecko Eye"],"picked":"Eternal Feather"},{"not_picked":["Lizard Tail","Coffee Dripper"],"picked":"Empty Cage"}],"items_purged_floors":[14],"is_endless":false,"potions_floor_spawned":[2,10,11,13,22,25,28,36,44,46,48],"ascension_level":0}