{"gold_per_floor":[110,110,35,59,59,59,78,92,117,148,148,172,206,3,3,102,102,126,141,141,164,164,164,164,164],"floor_reached":25,"playtime":1426,"items_purged":[],"score":418,"play_id":"2efca347-8e8d-4925-8b45-e0f947822e11","local_time":"20181230170900","is_ascension_mode":true,"campfire_choices":[{"data":"Poisoned Stab","floor":6,"key":"SMITH"},{"floor":11,"key":"REST"},{"data":"A Thousand Cuts","floor":15,"key":"SMITH"},{"floor":23,"key":"REST"}],"neow_cost":"NONE","seed_source_timestamp":770040304554683,"circlet_count":0,"master_deck":["AscendersBane","Defend_G+1","Defend_G+1","Defend_G+1","Defend_G+1","Defend_G+1","Strike_G+1","Strike_G+1","Strike_G+1","Strike_G+1","Survivor","Neutralize","Poisoned Stab+1","Backstab","Escape Plan","Cloak And Dagger","PiercingWail","Blur","Adrenaline","A Thousand Cuts+1","After Image","Footwork","Escape Plan","Dodge and Roll"],"relics":["Ring of the Snake","Golden Idol","Boot","Dream Catcher","The Courier","Philosopher\u0027s Stone","Blood Vial","Enchiridion"],"potions_floor_usage":[10,10,13,19],"damage_taken":[{"damage":0,"enemies":"2 Louse","floor":1,"turns":4},{"damage":0,"enemies":"Cultist","floor":4,"turns":3},{"damage":0,"enemies":"Small Slimes","floor":7,"turns":3},{"damage":9,"enemies":"Exordium Wildlife","floor":8,"turns":7},{"damage":28,"enemies":"Gremlin Nob","floor":10,"turns":4},{"damage":0,"enemies":"Blue Slaver","floor":12,"turns":4},{"damage":12,"enemies":"Lagavulin","floor":13,"turns":5},{"damage":16,"enemies":"The Guardian","floor":16,"turns":16},{"damage":12,"enemies":"Spheric Guardian","floor":18,"turns":6},{"damage":9,"enemies":"2 Thieves","floor":19,"turns":4},{"damage":12,"enemies":"Colosseum Slavers","floor":20,"turns":4},{"damage":15,"enemies":"Snecko","floor":25,"turns":2}],"seed_played":"2154223357373608928","potions_obtained":[{"floor":1,"key":"EssenceOfSteel"},{"floor":5,"key":"Weak Potion"},{"floor":8,"key":"Strength Potion"},{"floor":10,"key":"Strength Potion"},{"floor":16,"key":"Dexterity Potion"}],"is_trial":false,"path_per_floor":["M","?","?","M","?","R","M","M","T","E","R","M","E","$","R","B",null,"M","M","?","T","?","R","?","M"],"character_chosen":"THE_SILENT","items_purchased":["Adrenaline","A Thousand Cuts"],"campfire_rested":2,"item_purchase_floors":[14,14],"current_hp_per_floor":[59,59,59,59,59,59,59,50,50,22,40,40,28,28,28,12,48,36,27,15,15,15,33,12,0],"gold":164,"neow_bonus":"THREE_CARDS","is_prod":false,"is_daily":false,"chose_seed":false,"campfire_upgraded":2,"win_rate":0,"timestamp":1546218540,"path_taken":["M","?","?","M","?","R","M","M","T","E","R","M","E","$","R","BOSS","M","?","?","?","?","R","?","M"],"build_version":"2018-12-25","purchased_purges":0,"victory":false,"max_hp_per_floor":[66,60,60,60,60,60,60,60,60,60,60,60,60,60,60,60,60,60,60,60,60,60,60,60,60],"card_choices":[{"not_picked":["Catalyst","All Out Attack"],"picked":"Poisoned Stab","floor":0},{"not_picked":["Sucker Punch","Deadly Poison"],"picked":"Backstab","floor":1},{"not_picked":["Sucker Punch","Quick Slash"],"picked":"Escape Plan","floor":4},{"not_picked":["Blade Dance","Bane","Acrobatics"],"picked":"SKIP","floor":7},{"not_picked":["Slice","Bane","Setup"],"picked":"SKIP","floor":8},{"not_picked":["Finisher","Endless Agony"],"picked":"Cloak And Dagger","floor":10},{"not_picked":["Dagger Spray","Dodge and Roll"],"picked":"PiercingWail","floor":12},{"not_picked":["Finisher","Cloak And Dagger"],"picked":"Blur","floor":13},{"not_picked":["Glass Knife","Doppelganger"],"picked":"After Image","floor":16},{"not_picked":["Underhanded Strike","Dagger Spray"],"picked":"Footwork","floor":18},{"not_picked":["Acrobatics","Outmaneuver"],"picked":"Escape Plan","floor":19},{"not_picked":["Concentrate","Heel Hook"],"picked":"Dodge and Roll","floor":23}],"player_experience":4124209,"relics_obtained":[{"floor":9,"key":"Boot"},{"floor":10,"key":"Dream Catcher"},{"floor":13,"key":"The Courier"},{"floor":21,"key":"Blood Vial"},{"floor":24,"key":"Enchiridion"}],"event_choices":[{"damage_healed":0,"gold_gain":0,"player_choice":"Lose Max HP","damage_taken":0,"relics_obtained":["Golden Idol"],"max_hp_gain":0,"max_hp_loss":6,"event_name":"Golden Idol","floor":2,"gold_loss":0},{"cards_removed":["Strike_G"],"damage_healed":0,"gold_gain":0,"player_choice":"Card Removal","damage_taken":0,"max_hp_gain":0,"max_hp_loss":0,"event_name":"The Cleric","floor":3,"gold_loss":75},{"damage_healed":0,"gold_gain":0,"player_choice":"Got Potions","damage_taken":0,"max_hp_gain":0,"max_hp_loss":0,"event_name":"Lab","floor":5,"gold_loss":0},{"damage_healed":0,"gold_gain":0,"player_choice":"Fight","damage_taken":0,"max_hp_gain":0,"max_hp_loss":0,"event_name":"Colosseum","floor":20,"gold_loss":0},{"damage_healed":0,"gold_gain":0,"player_choice":"Fled From Nobs","damage_taken":0,"max_hp_gain":0,"max_hp_loss":0,"event_name":"Colosseum","floor":20,"gold_loss":0},{"damage_healed":0,"gold_gain":0,"player_choice":"Simplicity","damage_taken":0,"max_hp_gain":0,"max_hp_loss":0,"event_name":"Back to Basics","floor":22,"gold_loss":0,"cards_upgraded":["Defend_G","Defend_G","Defend_G","Defend_G","Defend_G","Strike_G","Strike_G","Strike_G","Strike_G"]},{"damage_healed":0,"gold_gain":0,"player_choice":"Obtained Book","damage_taken":21,"max_hp_gain":0,"max_hp_loss":0,"event_name":"Cursed Tome","floor":24,"gold_loss":0}],"is_beta":true,"boss_relics":[{"not_picked":["Velvet Choker","Tiny House"],"picked":"Philosopher\u0027s Stone"}],"items_purged_floors":[],"is_endless":false,"potions_floor_spawned":[1,8,10,16,20],"killed_by":"Snecko","ascension_level":20}