{"gold_per_floor":[109,30,30,30,41,76,1,15,15,44,44,78,78,134,134,134],"floor_reached":16,"playtime":401,"items_purged":["Regret"],"score":282,"play_id":"3efeed54-8e71-4a45-89eb-e8c2c62b0090","local_time":"20190303134727","is_ascension_mode":true,"campfire_choices":[{"data":"Limit Break","floor":11,"key":"SMITH"},{"data":"Searing Blow","floor":13,"key":"SMITH"},{"data":"Searing Blow+1","floor":15,"key":"SMITH"}],"neow_cost":"NONE","seed_source_timestamp":128236318614419,"circlet_count":0,"master_deck":["AscendersBane","Strike_R","Strike_R+1","Strike_R","Strike_R","Strike_R","Defend_R","Defend_R","Defend_R","Defend_R","Bash","Clash+1","Inflame","Searing Blow+2","Limit Break+1","Flame Barrier","Headbutt","Armaments"],"relics":["Burning Blood","NeowsBlessing","Nunchaku","Whetstone","Singing Bowl","Bag of Marbles","Bottled Tornado","Bronze Scales"],"potions_floor_usage":[10,10,14],"damage_taken":[{"damage":0,"enemies":"2 Louse","floor":1,"turns":1},{"damage":2,"enemies":"Small Slimes","floor":5,"turns":2},{"damage":0,"enemies":"Lagavulin","floor":6,"turns":1},{"damage":7,"enemies":"Jaw Worm","floor":8,"turns":2},{"damage":0,"enemies":"Gremlin Nob","floor":10,"turns":2},{"damage":30,"enemies":"3 Sentries","floor":12,"turns":9},{"damage":17,"enemies":"Gremlin Nob","floor":14,"turns":4},{"damage":45,"enemies":"Hexaghost","floor":16,"turns":7}],"seed_played":"542233854051127393","potions_obtained":[{"floor":1,"key":"Energy Potion"},{"floor":6,"key":"GamblersBrew"},{"floor":8,"key":"Poison Potion"},{"floor":12,"key":"EssenceOfSteel"}],"is_trial":false,"path_per_floor":["M","$","?","?","M","E","$","M","T","E","R","E","R","?","R","B"],"character_chosen":"IRONCLAD","items_purchased":["Inflame"],"campfire_rested":0,"item_purchase_floors":[2],"current_hp_per_floor":[74,74,74,74,75,75,75,74,74,75,75,53,53,42,42,0],"gold":134,"neow_bonus":"THREE_ENEMY_KILL","is_prod":false,"is_daily":false,"chose_seed":false,"campfire_upgraded":3,"win_rate":0,"timestamp":1551617247,"path_taken":["M","$","?","?","M","E","$","?","T","E","R","E","R","?","R","BOSS"],"build_version":"2019-01-23","purchased_purges":1,"victory":false,"max_hp_per_floor":[75,75,75,75,75,75,75,75,75,75,75,77,77,77,77,77],"card_choices":[{"not_picked":["Rupture","Iron Wave"],"picked":"Clash","floor":1},{"not_picked":["Reckless Charge","Thunderclap"],"picked":"Searing Blow","floor":5},{"not_picked":["Exhume","Battle Trance"],"picked":"Limit Break","floor":6},{"not_picked":["Perfected Strike","Combust"],"picked":"Flame Barrier","floor":8},{"not_picked":["Body Slam","Flex"],"picked":"Headbutt","floor":10},{"not_picked":["Second Wind","Entrench","Rupture"],"picked":"Singing Bowl","floor":12},{"not_picked":["Perfected Strike","Entrench"],"picked":"Armaments","floor":14}],"player_experience":783194,"relics_obtained":[{"floor":6,"key":"Whetstone"},{"floor":9,"key":"Singing Bowl"},{"floor":10,"key":"Bag of Marbles"},{"floor":12,"key":"Bottled Tornado"},{"floor":14,"key":"Bronze Scales"}],"event_choices":[{"damage_healed":0,"gold_gain":0,"player_choice":"Box","damage_taken":0,"relics_obtained":["Nunchaku"],"max_hp_gain":0,"max_hp_loss":0,"event_name":"Big Fish","floor":3,"gold_loss":0,"cards_obtained":["Regret"]},{"damage_healed":0,"gold_gain":0,"player_choice":"Leave","damage_taken":0,"max_hp_gain":0,"max_hp_loss":0,"event_name":"The Cleric","floor":4,"gold_loss":0},{"damage_healed":0,"gold_gain":0,"player_choice":"Searched \u00272\u0027 times","damage_taken":0,"max_hp_gain":0,"max_hp_loss":0,"event_name":"Dead Adventurer","floor":14,"gold_loss":0}],"is_beta":false,"boss_relics":[],"items_purged_floors":[7],"is_endless":false,"potions_floor_spawned":[1,6,8,12],"killed_by":"Hexaghost","ascension_level":14}