{"gold_per_floor":[109,125,136,154,171,171,197,162,162,37,64,64,95,109,109,214,214,234,86,102,115,115,115,148,167,167,167,187,200,200,200,200,304,304,322,336,74,89,101,101,101,101,151,151,251,84,84,97,97,97],"floor_reached":50,"playtime":6178,"items_purged":["Strike_G"],"score":736,"play_id":"4a718394-7b3c-47a5-8932-6a25b5b82b84","local_time":"20190130160013","is_ascension_mode":true,"campfire_choices":[{"floor":6.0,"key":"RECALL"},{"floor":12.0,"key":"REST"},{"floor":15.0,"key":"REST"},{"floor":23,"key":"REST"},{"floor":27,"key":"REST"},{"floor":30,"key":"REST"},{"floor":32,"key":"REST"},{"floor":40,"key":"REST"},{"floor":42,"key":"REST"},{"floor":44,"key":"REST"},{"floor":49,"key":"REST"}],"neow_cost":"NONE","seed_source_timestamp":0,"circlet_count":0,"master_deck":["AscendersBane","Defend_G+1","Defend_G+1","Defend_G+1","Defend_G+1","Defend_G+1","Strike_G+1","Survivor","Neutralize","Leg Sweep","Riddle With Holes","Escape Plan","Noxious Fumes","Deadly Poison","Envenom","Infinite Blades","Deadly Poison+1","Cloak And Dagger","Riddle With Holes","Envenom","Backstab+1","Backflip+1","Footwork+1","Cloak And Dagger+1","Blur+1","Well Laid Plans","Sadistic Nature","Trip+1","PiercingWail+1"],"special_seed":0,"relics":["Fusion Hammer","Juzu Bracelet","Mercury Hourglass","Odd Mushroom","Singing Bowl","Lizard Tail","Pear","Bronze Scales","Astrolabe","Toxic Egg 2","Bird Faced Urn"],"potions_floor_usage":[18,20,29,29,33,45,50],"damage_taken":[{"damage":0.0,"enemies":"2 Louse","floor":1.0,"turns":4.0},{"damage":0.0,"enemies":"Small Slimes","floor":2.0,"turns":4.0},{"damage":0.0,"enemies":"Jaw Worm","floor":3.0,"turns":4.0},{"damage":7.0,"enemies":"Exordium Wildlife","floor":4.0,"turns":5.0},{"damage":0.0,"enemies":"Blue Slaver","floor":5.0,"turns":4.0},{"damage":31.0,"enemies":"Gremlin Nob","floor":7.0,"turns":6.0},{"damage":4.0,"enemies":"The Mushroom Lair","floor":11.0,"turns":4.0},{"damage":3.0,"enemies":"Lagavulin","floor":13.0,"turns":8.0},{"damage":1.0,"enemies":"3 Louse","floor":14.0,"turns":3.0},{"damage":22.0,"enemies":"The Guardian","floor":16.0,"turns":11.0},{"damage":1,"enemies":"3 Byrds","floor":18,"turns":3},{"damage":10,"enemies":"Chosen","floor":20,"turns":6},{"damage":40,"enemies":"Shelled Parasite and Fungi","floor":21,"turns":7},{"damage":40,"enemies":"Gremlin Leader","floor":24,"turns":7},{"damage":26,"enemies":"Cultist and Chosen","floor":25,"turns":7},{"damage":17,"enemies":"Snecko","floor":28,"turns":5},{"damage":12,"enemies":"Shelled Parasite and Fungi","floor":29,"turns":5},{"damage":68,"enemies":"Automaton","floor":33,"turns":11},{"damage":16,"enemies":"3 Shapes","floor":35,"turns":4},{"damage":36,"enemies":"3 Darklings","floor":36,"turns":6},{"damage":6,"enemies":"4 Shapes","floor":38,"turns":7},{"damage":17,"enemies":"Sphere and 2 Shapes","floor":39,"turns":7},{"damage":19,"enemies":"Mind Bloom Boss Battle","floor":45,"turns":8},{"damage":12,"enemies":"Spire Growth","floor":48,"turns":5},{"damage":112,"enemies":"Awakened One","floor":50,"turns":5}],"seed_played":"-1586401120734079145","potions_obtained":[{"floor":1.0,"key":"SpeedPotion"},{"floor":3.0,"key":"SkillPotion"},{"floor":5.0,"key":"Swift Potion"},{"floor":16.0,"key":"LiquidBronze"},{"floor":25,"key":"Poison Potion"},{"floor":28,"key":"EssenceOfSteel"},{"floor":29,"key":"PowerPotion"},{"floor":39,"key":"Block Potion"},{"floor":45,"key":"AttackPotion"}],"is_trial":false,"path_per_floor":["M","M","M","M","M","R","E","?","T","$","?","R","E","M","R","B",null,"M","$","M","M","?","R","E","M","T","R","M","M","R","?","R","B",null,"M","M","$","M","M","R","?","R","T","R","?","$","?","M","R","B"],"character_chosen":"THE_SILENT","items_purchased":["Noxious Fumes","Deadly Poison","Infinite Blades","Toxic Egg 2","Sadistic Nature"],"campfire_rested":10,"item_purchase_floors":[10,10,19,37,46],"current_hp_per_floor":[63,63,63,56,56,56,25,42,42,42,38,59,58,59,74,52,69,70,70,62,24,50,74,46,20,20,47,30,18,45,45,72,4,70,54,20,20,14,47,75,75,94,94,94,75,75,75,75,94,0],"gold":97,"neow_bonus":"BOSS_RELIC","is_prod":false,"is_daily":false,"chose_seed":false,"campfire_upgraded":0,"win_rate":0,"timestamp":1548882013,"path_taken":["M","M","M","M","M","R","E","?","T","$","?","R","E","M","R","BOSS","M","$","M","M","?","R","E","M","T","R","M","M","R","?","R","BOSS","M","M","$","M","M","R","?","R","T","R","?","$","?","M","R","BOSS"],"build_version":"2019-01-23","purchased_purges":1,"victory":false,"max_hp_per_floor":[70,70,70,70,70,70,70,70,70,70,70,70,72,74,74,74,74,76,76,78,80,80,80,92,92,92,92,92,92,92,92,92,92,92,92,94,94,94,94,94,94,94,94,94,94,94,94,94,94,94],"card_choices":[{"not_picked":["Accuracy","Distraction"],"picked":"Leg Sweep","floor":1.0},{"not_picked":["Slice","Endless Agony"],"picked":"Riddle With Holes","floor":2.0},{"not_picked":["Blade Dance","PiercingWail","Flying Knee"],"picked":"SKIP","floor":3.0},{"not_picked":["Dagger Throw","Outmaneuver"],"picked":"Escape Plan","floor":4.0},{"not_picked":["Prepared","Dagger Throw","Backflip"],"picked":"SKIP","floor":5.0},{"not_picked":["Poisoned Stab","Night Terror","Slice"],"picked":"SKIP","floor":7.0},{"not_picked":["Quick Slash","Acrobatics","Bane"],"picked":"Singing Bowl","floor":13.0},{"not_picked":["Underhanded Strike","Bane","Skewer"],"picked":"Singing Bowl","floor":14.0},{"not_picked":["Adrenaline","Malaise"],"picked":"Envenom","floor":16.0},{"not_picked":["Dodge and Roll","Acrobatics","Flying Knee"],"picked":"Singing Bowl","floor":18},{"not_picked":["Endless Agony","Sucker Punch","Finisher+1"],"picked":"Singing Bowl","floor":20},{"not_picked":["All Out Attack","Reflex","Outmaneuver"],"picked":"Singing Bowl","floor":21},{"not_picked":["Underhanded Strike+1","Phantasmal Killer","Slice+1"],"picked":"Singing Bowl","floor":24},{"not_picked":["Flying Knee","PiercingWail+1"],"picked":"Deadly Poison+1","floor":25},{"not_picked":["Blade Dance","Bane"],"picked":"Cloak And Dagger","floor":28},{"not_picked":["Calculated Gamble","Choke"],"picked":"Riddle With Holes","floor":29},{"not_picked":["Burst","Wraith Form v2"],"picked":"Envenom","floor":33},{"not_picked":["Blade Dance","Prepared"],"picked":"Footwork+1","floor":35},{"not_picked":["Sucker Punch+1","Masterful Stab","Endless Agony+1"],"picked":"Singing Bowl","floor":36},{"not_picked":["Blade Dance+1","Terror+1"],"picked":"Cloak And Dagger+1","floor":38},{"not_picked":["Predator","Cloak And Dagger+1"],"picked":"Blur+1","floor":39},{"not_picked":["Deflect+1","Endless Agony+1"],"picked":"Well Laid Plans","floor":45},{"not_picked":["Purity+1","Jack Of All Trades+1"],"picked":"Trip+1","floor":47},{"not_picked":["Wraith Form v2","Riddle With Holes"],"picked":"PiercingWail+1","floor":48}],"player_experience":1064959,"relics_obtained":[{"floor":7.0,"key":"Juzu Bracelet"},{"floor":9.0,"key":"Mercury Hourglass"},{"floor":11.0,"key":"Odd Mushroom"},{"floor":13.0,"key":"Singing Bowl"},{"floor":24,"key":"Pear"},{"floor":26,"key":"Bronze Scales"},{"floor":45,"key":"Bird Faced Urn"}],"event_choices":[{"damage_healed":17.0,"max_hp_gain":0.0,"max_hp_loss":0.0,"gold_gain":0.0,"event_name":"The Cleric","player_choice":"Healed","floor":8.0,"gold_loss":35.0,"damage_taken":0.0},{"damage_healed":0.0,"max_hp_gain":0.0,"max_hp_loss":0.0,"gold_gain":0.0,"event_name":"Mushrooms","player_choice":"Fought Mushrooms","floor":11.0,"gold_loss":0.0,"damage_taken":0.0},{"damage_healed":26,"gold_gain":0,"player_choice":"Heal","damage_taken":0,"max_hp_gain":0,"max_hp_loss":0,"event_name":"The Library","floor":22,"gold_loss":0},{"damage_healed":0,"gold_gain":0,"player_choice":"Simplicity","damage_taken":0,"max_hp_gain":0,"max_hp_loss":0,"event_name":"Back to Basics","floor":31,"gold_loss":0,"cards_upgraded":["Defend_G","Defend_G","Defend_G","Defend_G","Defend_G","Strike_G","Strike_G","Strike_G","Strike_G"]},{"cards_removed":["Wraith Form v2"],"damage_healed":0,"gold_gain":0,"player_choice":"Removed Power","damage_taken":0,"max_hp_gain":0,"max_hp_loss":0,"event_name":"Falling","floor":41,"gold_loss":0},{"damage_healed":0,"gold_gain":0,"player_choice":"Fight","damage_taken":0,"max_hp_gain":0,"max_hp_loss":0,"event_name":"MindBloom","floor":45,"gold_loss":0},{"damage_healed":0,"gold_gain":0,"player_choice":"Memory 1","damage_taken":0,"max_hp_gain":0,"max_hp_loss":0,"event_name":"SensoryStone","floor":47,"gold_loss":0}],"is_beta":false,"boss_relics":[{"not_picked":["Busted Crown","Ectoplasm"],"picked":"Lizard Tail"},{"not_picked":["Pandora\u0027s Box","Runic Dome"],"picked":"Astrolabe"}],"items_purged_floors":[19],"is_endless":false,"potions_floor_spawned":[1,3,5,16,25,28,29,39,45],"killed_by":"Awakened One","ascension_level":10}