{"gold_per_floor":[113,113,113,38,3,3,36,51,76,76,94,127,127,145,145,264,264,287,287],"floor_reached":19,"playtime":677,"items_purged":["Regret"],"score":254,"play_id":"ca703aac-ab81-466c-87ae-6dd95e6d6dc9","local_time":"20190222173659","is_ascension_mode":true,"campfire_choices":[{"data":"Searing Blow","floor":6,"key":"SMITH"},{"data":"Searing Blow+1","floor":10,"key":"SMITH"},{"floor":13,"key":"REST"},{"data":"Searing Blow+2","floor":15,"key":"SMITH"}],"neow_cost":"CURSE","seed_source_timestamp":691897047766100,"circlet_count":0,"master_deck":["Strike_R","Strike_R","Strike_R","Strike_R","Strike_R","Defend_R","Defend_R","Defend_R","Defend_R","Bash","Searing Blow+3","Cleave","Metallicize","Rampage","Thunderclap","Juggernaut","Juggernaut","Headbutt"],"relics":["Burning Blood","Charon\u0027s Ashes","Lantern","Golden Idol","Dream Catcher","PreservedInsect","Centennial Puzzle","Black Star"],"potions_floor_usage":[16,16,18,18],"damage_taken":[{"damage":10,"enemies":"Jaw Worm","floor":1,"turns":4},{"damage":46,"enemies":"Gremlin Nob","floor":7,"turns":5},{"damage":0,"enemies":"2 Louse","floor":8,"turns":2},{"damage":0,"enemies":"Small Slimes","floor":11,"turns":2},{"damage":35,"enemies":"Lagavulin","floor":12,"turns":4},{"damage":8,"enemies":"Looter","floor":14,"turns":2},{"damage":35,"enemies":"The Guardian","floor":16,"turns":11},{"damage":11,"enemies":"Spheric Guardian","floor":18,"turns":3},{"damage":54,"enemies":"Masked Bandits","floor":19,"turns":3}],"seed_played":"-1325888225102873100","potions_obtained":[{"floor":7,"key":"Fire Potion"},{"floor":12,"key":"Poison Potion"},{"floor":14,"key":"EssenceOfSteel"},{"floor":16,"key":"SkillPotion"},{"floor":18,"key":"SteroidPotion"}],"is_trial":false,"path_per_floor":["M","?","?","$","?","R","E","M","T","R","M","E","R","M","R","B",null,"M","?"],"character_chosen":"IRONCLAD","items_purchased":[],"campfire_rested":1,"item_purchase_floors":[],"current_hp_per_floor":[68,65,65,65,74,74,34,40,40,40,46,17,39,37,37,8,58,53,0],"gold":287,"neow_bonus":"ONE_RARE_RELIC","is_prod":false,"is_daily":false,"chose_seed":false,"campfire_upgraded":3,"win_rate":0,"timestamp":1550875019,"path_taken":["M","?","?","$","?","R","E","M","T","R","M","E","R","M","R","BOSS","M","?"],"build_version":"2019-01-23","purchased_purges":1,"victory":false,"max_hp_per_floor":[80,80,74,74,74,74,74,74,74,74,74,74,74,74,74,74,74,74,74],"card_choices":[{"not_picked":["Havoc","Dual Wield"],"picked":"Searing Blow","floor":1},{"not_picked":["Heavy Blade","Battle Trance"],"picked":"Cleave","floor":7},{"not_picked":["Rupture","Cleave"],"picked":"Metallicize","floor":8},{"not_picked":["Cleave","Second Wind","Clash"],"picked":"SKIP","floor":11},{"not_picked":["Flex","Cleave"],"picked":"Rampage","floor":12},{"not_picked":["Reckless Charge","Whirlwind"],"picked":"Thunderclap","floor":13},{"not_picked":["Perfected Strike","Wild Strike"],"picked":"Juggernaut","floor":14},{"not_picked":["Fiend Fire","Immolate"],"picked":"Juggernaut","floor":16},{"not_picked":["Heavy Blade+1","Rage"],"picked":"Headbutt","floor":18}],"player_experience":520395,"relics_obtained":[{"floor":7,"key":"Dream Catcher"},{"floor":9,"key":"PreservedInsect"},{"floor":12,"key":"Centennial Puzzle"}],"event_choices":[{"damage_healed":0,"gold_gain":0,"player_choice":"Success","damage_taken":3,"relics_obtained":["Lantern"],"max_hp_gain":0,"max_hp_loss":0,"event_name":"Scrap Ooze","floor":2,"gold_loss":0},{"damage_healed":0,"gold_gain":0,"player_choice":"Lose Max HP","damage_taken":0,"relics_obtained":["Golden Idol"],"max_hp_gain":0,"max_hp_loss":6,"event_name":"Golden Idol","floor":3,"gold_loss":0},{"damage_healed":18,"gold_gain":0,"player_choice":"Healed","damage_taken":0,"max_hp_gain":0,"max_hp_loss":0,"event_name":"The Cleric","floor":5,"gold_loss":35},{"damage_healed":0,"gold_gain":0,"player_choice":"Fought Bandits","damage_taken":0,"max_hp_gain":0,"max_hp_loss":0,"event_name":"Masked Bandits","floor":19,"gold_loss":0}],"is_beta":false,"boss_relics":[{"not_picked":["Philosopher\u0027s Stone","Ectoplasm"],"picked":"Black Star"}],"items_purged_floors":[4],"is_endless":false,"potions_floor_spawned":[7,12,14,16,18],"killed_by":"Masked Bandits","ascension_level":9}