{"path_per_floor":["M","M","M","M","M","E","R","E","T","E","R","?","M","M","R","B",null,"M","M","M","$","M","R","E","R","T","R","M","E","R","?","R","B",null,"M","M","$","M","$","E","?","R","T","?","R","?","M","$","R","B"],"character_chosen":"IRONCLAD","items_purchased":["Pen Nib","Evolve","Bloodletting","Feel No Pain","Feel No Pain"],"gold_per_floor":[113,126,139,153,164,196,196,222,248,280,280,219,238,255,255,333,333,350,368,387,54,64,64,93,93,93,93,106,167,167,167,167,244,244,258,276,196,209,109,138,138,138,138,138,138,138,148,69,69,69],"floor_reached":51,"campfire_rested":1,"playtime":5801,"current_hp_per_floor":[69,66,66,57,62,59,59,54,54,29,29,29,45,55,55,45,68,54,66,75,72,71,71,50,50,50,50,43,68,68,68,68,72,72,72,72,72,72,72,58,58,58,58,45,66,66,72,72,72,36],"items_purged":["Parasite","Strike_R"],"gold":69,"score":984,"play_id":"38faecec-3439-4af2-a827-f636f607501d","is_prod":false,"is_daily":false,"is_ascension_mode":true,"campfire_upgraded":10,"path_taken":["M","M","M","M","M","E","R","E","T","E","R","?","M","M","R","BOSS","M","M","M","$","M","R","E","R","T","R","M","E","R","?","R","BOSS","M","M","$","M","$","E","?","R","T","?","R","?","M","$","R","BOSS"],"build_version":"2018-02-22-BETA1","purchased_purges":2,"victory":true,"master_deck":["Strike_R","Defend_R","Defend_R","Defend_R","Defend_R","Bash","Spot Weakness+1","Fiend Fire","Shrug It Off","Battle Trance+1","Metallicize+1","Feel No Pain+1","Shrug It Off","Reaper","Shockwave","Body Slam+1","Barricade+1","Rampage+1","Exhume+1","Dual Wield+1","True Grit+1","Evolve+1","Bloodletting+1","Impervious","Power Through+1","Feel No Pain+1","Flame Barrier+1","Madness+1","Madness+1","Bludgeon","Feel No Pain+1"],"max_hp_per_floor":[75,75,75,75,75,75,75,75,75,75,75,75,75,75,75,75,75,75,75,75,72,72,72,72,72,72,72,72,72,72,72,72,72,72,72,72,72,72,72,72,72,72,72,72,72,72,72,72,72,72],"relics":["Burning Blood","Oddly Smooth Stone","Happy Flower","Juzu Bracelet","Blood Vial","Astrolabe","Pen Nib","Bottled Lightning","Calipers","Tiny Chest","Snecko Eye","Vajra","Toxic Egg 2"],"card_choices":[{"not_picked":["Battle Trance","Clothesline"],"picked":"Spot Weakness"},{"not_picked":["Heavy Blade","Havoc"],"picked":"Fiend Fire"},{"not_picked":["Fire Breathing","Havoc"],"picked":"Shrug It Off"},{"not_picked":["Headbutt","Anger"],"picked":"Battle Trance"},{"not_picked":["Warcry","Flex"],"picked":"Metallicize"},{"not_picked":["Rage","Rupture"],"picked":"Feel No Pain"},{"not_picked":["Bloodletting","Cleave"],"picked":"Shrug It Off"},{"not_picked":["Pummel","Rage"],"picked":"Reaper"},{"not_picked":["Corruption","Armaments"],"picked":"Shockwave"},{"not_picked":["Anger","Iron Wave"],"picked":"Body Slam"},{"not_picked":["Fiend Fire","Double Tap"],"picked":"Barricade"},{"not_picked":["Dual Wield","Pommel Strike"],"picked":"True Grit"},{"not_picked":["Immolate","Double Tap"],"picked":"Impervious"},{"not_picked":["Havoc","Battle Trance"],"picked":"Power Through"},{"not_picked":["Heavy Blade","Headbutt"],"picked":"Flame Barrier"},{"not_picked":["Armaments","Twin Strike"],"picked":"Bludgeon"}],"player_experience":179749,"potions_floor_usage":[4,6,8,16,24,28,29,47,50],"damage_taken":[{"damage":5,"enemies":"Small Slimes","floor":1,"turns":4},{"damage":9,"enemies":"Jaw Worm","floor":2,"turns":5},{"damage":6,"enemies":"Cultist","floor":3,"turns":3},{"damage":15,"enemies":"Large Slime","floor":4,"turns":5},{"damage":1,"enemies":"Looter","floor":5,"turns":2},{"damage":9,"enemies":"3 Sentries","floor":6,"turns":8},{"damage":11,"enemies":"Lagavulin","floor":8,"turns":6},{"damage":31,"enemies":"Gremlin Nob","floor":10,"turns":5},{"damage":0,"enemies":"2 Fungi Beasts","floor":13,"turns":3},{"damage":2,"enemies":"Red Slaver","floor":14,"turns":4},{"damage":18,"enemies":"Hexaghost","floor":16,"turns":10},{"damage":46,"enemies":"2 Thieves","floor":18,"turns":5},{"damage":8,"enemies":"Shell Parasite","floor":19,"turns":4},{"damage":17,"enemies":"Centurion and Healer","floor":20,"turns":8},{"damage":36,"enemies":"Snake Plant","floor":22,"turns":10},{"damage":28,"enemies":"Book of Stabbing","floor":24,"turns":4},{"damage":15,"enemies":"3 Cultists","floor":28,"turns":6},{"damage":57,"enemies":"Slavers","floor":29,"turns":6},{"damage":23,"enemies":"Champ","floor":33,"turns":17},{"damage":0,"enemies":"3 Shapes","floor":35,"turns":8},{"damage":3,"enemies":"Orb Walker","floor":36,"turns":5},{"damage":3,"enemies":"Spire Growth","floor":38,"turns":6},{"damage":20,"enemies":"Nemesis","floor":40,"turns":21},{"damage":52,"enemies":"3 Darklings","floor":47,"turns":15},{"damage":42,"enemies":"Donu and Deca","floor":50,"turns":9}],"event_choices":[{"event_name":"World of Goop","player_choice":"Left","floor":12,"damage_taken":0},{"event_name":"Upgrade Shrine","player_choice":"Upgraded","floor":31,"damage_taken":0},{"event_name":"Tomb of Lord Red Mask","player_choice":"Ignored","floor":41,"damage_taken":0},{"event_name":"Winding Halls","player_choice":"Embrace Madness","floor":44,"damage_taken":0},{"event_name":"The Lab","player_choice":"Got Potions","floor":46,"damage_taken":0}],"boss_relics":[{"not_picked":["Runic Pyramid","Eternal Feather"],"picked":"Astrolabe"},{"not_picked":["Black Blood","Philosopher\u0027s Stone"],"picked":"Snecko Eye"}],"potions_floor_spawned":[1,2,5,8,16,19,24,33,35,40,47],"seed_played":"-5563787925339003636","ascension_level":15,"is_trial":false}