{"path_per_floor":["M","?","?","?","M","R","M","$","T","R","M","M","R","$","R","B",null,"M","$","?","?","$","R","M","M","T"],"character_chosen":"THE_SILENT","items_purchased":["Vajra","Accuracy","Cloak And Dagger","Infinite Blades","Backflip","Footwork"],"gold_per_floor":[110,110,110,185,204,204,219,64,87,87,110,131,131,49,49,174,174,194,55,55,55,17,17,37,55,55,55],"floor_reached":27,"campfire_rested":2,"playtime":1592,"current_hp_per_floor":[70,70,56,45,45,66,65,65,65,65,67,69,69,69,69,53,66,38,38,38,38,38,69,68,32,32,0],"items_purged":[],"gold":55,"score":251,"play_id":"4563e071-4549-4aa2-ac58-0c63317cc0e1","local_time":"20180411232112","is_prod":false,"is_daily":false,"is_ascension_mode":true,"campfire_upgraded":3,"timestamp":1523503272,"path_taken":["M","?","?","?","M","R","M","$","T","R","M","M","R","$","R","BOSS","M","$","?","?","$","R","M","M","T","?"],"build_version":"2018-04-05v2","purchased_purges":0,"victory":false,"master_deck":["Defend_G","Defend_G+1","Defend_G","Defend_G","Defend_G","Strike_G","Strike_G","Strike_G","Strike_G","Survivor","Neutralize","Decay","Unload+1","Adrenaline","Injury","Concentrate+1","Blade Dance+1","Dagger Spray","Dash","Accuracy+1","Blur","Cloak And Dagger","Infinite Blades","Backflip","Masterful Stab","Footwork","Escape Plan"],"max_hp_per_floor":[70,70,70,70,70,70,70,70,70,70,70,70,70,70,70,70,70,70,70,70,70,70,70,70,70,70,70],"relics":["Ring of the Snake","Golden Idol","Vajra","Blood Vial","Eternal Feather","Mummified Hand","Anchor"],"card_choices":[{"not_picked":["Wraith Form","Doppelganger"],"picked":"Unload","floor":0},{"not_picked":["Reflex","Calculated Gamble"],"picked":"Adrenaline","floor":1},{"not_picked":["Deadly Poison","PiercingWail"],"picked":"Concentrate","floor":5},{"not_picked":["Bane","Underhanded Strike"],"picked":"Blade Dance","floor":7},{"not_picked":["Dodge and Roll","Flying Knee"],"picked":"Dagger Spray","floor":11},{"not_picked":["Deadly Poison","Escape Plan"],"picked":"Dash","floor":12},{"not_picked":["Quick Slash","Sucker Punch"],"picked":"Blur","floor":18},{"not_picked":["Quick Slash","Deflect"],"picked":"Escape Plan","floor":24}],"player_experience":430312,"potions_floor_usage":[16,25],"damage_taken":[{"damage":0,"enemies":"2 Louse","floor":1,"turns":3},{"damage":0,"enemies":"Jaw Worm","floor":5,"turns":2},{"damage":1,"enemies":"Small Slimes","floor":7,"turns":4},{"damage":0,"enemies":"Looter","floor":11,"turns":2},{"damage":0,"enemies":"Exordium Thugs","floor":12,"turns":3},{"damage":32,"enemies":"The Guardian","floor":16,"turns":11},{"damage":30,"enemies":"Spheric Guardian","floor":18,"turns":4},{"damage":2,"enemies":"3 Byrds","floor":24,"turns":5},{"damage":38,"enemies":"Cultist and Chosen","floor":25,"turns":6},{"damage":36,"enemies":"Slaver and Parasite","floor":27,"turns":3}],"event_choices":[{"event_name":"Golden Idol","player_choice":"Take Wound","floor":2,"damage_taken":0},{"event_name":"Shining Light","player_choice":"Entered Light","floor":3,"damage_taken":0},{"event_name":"World of Goop","player_choice":"Gather Gold","floor":4,"damage_taken":0},{"event_name":"Transmorgrifier","player_choice":"Transform","floor":20,"damage_taken":0},{"event_name":"The Mausoleum","player_choice":"Yes","floor":21,"damage_taken":0}],"boss_relics":[{"not_picked":["Orrery","Ectoplasm"],"picked":"Eternal Feather"}],"potions_floor_spawned":[1,5,7,12,24],"seed_played":"-5454471328047191262","killed_by":"Slaver and Parasite","ascension_level":5,"is_trial":false}