{"gold_per_floor":[116,134,144,144,157,157,157,157,157,157,157,157,187,200,200,330,330,350,368,368,119,119,119,119,119,119,132,132,155,55,88,88,216,216,237,570,792,146,164,264,264,283,309,309,309,309,309,328,328,328],"floor_reached":51,"playtime":2081,"items_purged":["Strike_B","Strike_B","Defend_B"],"score":731,"play_id":"7d1594da-d76f-4472-830e-63766e2ceeb0","local_time":"20190227010544","is_ascension_mode":false,"campfire_choices":[{"data":"Coolheaded","floor":6,"key":"SMITH"},{"data":"Turbo","floor":8,"key":"SMITH"},{"data":"Cold Snap","floor":12,"key":"SMITH"},{"floor":15,"key":"REST"},{"data":"Consume","floor":23,"key":"SMITH"},{"data":"RitualDagger","floor":28,"key":"SMITH"},{"floor":32,"key":"REST"},{"data":"Blizzard","floor":45,"key":"SMITH"},{"data":"Dualcast","floor":47,"key":"SMITH"},{"data":"Coolheaded","floor":49,"key":"SMITH"}],"neow_cost":"NONE","seed_source_timestamp":1052494878629756,"circlet_count":0,"master_deck":["Zap+1","Dualcast+1","Defragment+1","Melter","Cold Snap+1","Coolheaded+1","Turbo+1","Consume+1","Electrodynamics+1","BootSequence+1","BootSequence+1","Tempest+1","Storm+1","Steam+1","Defragment+1","Capacitor+1","Coolheaded+1","Blizzard+1","Storm+1","Cold Snap","Cold Snap","Electrodynamics+1","Static Discharge+1","Storm+1","Cold Snap","FTL","Cold Snap","Redo+1","Coolheaded+1","Violence"],"relics":["Cracked Core","Oddly Smooth Stone","Frozen Egg 2","Juzu Bracelet","Odd Mushroom","Astrolabe","Orichalcum","Red Mask","Nuclear Battery","War Paint","TheAbacus","Mango","Blood Vial"],"potions_floor_usage":[16,16,16,50],"damage_taken":[{"damage":10,"enemies":"Small Slimes","floor":1,"turns":3},{"damage":1,"enemies":"Cultist","floor":2,"turns":3},{"damage":1,"enemies":"Jaw Worm","floor":3,"turns":3},{"damage":7,"enemies":"Blue Slaver","floor":5,"turns":3},{"damage":7,"enemies":"The Mushroom Lair","floor":13,"turns":4},{"damage":11,"enemies":"2 Fungi Beasts","floor":14,"turns":3},{"damage":15,"enemies":"Hexaghost","floor":16,"turns":12},{"damage":0,"enemies":"Shell Parasite","floor":18,"turns":2},{"damage":21,"enemies":"3 Byrds","floor":19,"turns":3},{"damage":0,"enemies":"Centurion and Healer","floor":27,"turns":4},{"damage":1,"enemies":"Snake Plant","floor":29,"turns":3},{"damage":42,"enemies":"Masked Bandits","floor":31,"turns":5},{"damage":43,"enemies":"Automaton","floor":33,"turns":7},{"damage":0,"enemies":"3 Darklings","floor":35,"turns":2},{"damage":0,"enemies":"3 Shapes","floor":39,"turns":2},{"damage":0,"enemies":"Mind Bloom Boss Battle","floor":40,"turns":5},{"damage":2,"enemies":"Spire Growth","floor":42,"turns":4},{"damage":0,"enemies":"4 Shapes","floor":48,"turns":6},{"damage":33,"enemies":"Time Eater","floor":50,"turns":7}],"seed_played":"8463673878039500204","potions_obtained":[{"floor":1,"key":"Block Potion"},{"floor":2,"key":"Dexterity Potion"},{"floor":13,"key":"Poison Potion"},{"floor":18,"key":"FairyPotion"},{"floor":19,"key":"FairyPotion"},{"floor":35,"key":"Weak Potion"},{"floor":40,"key":"Energy Potion"}],"is_trial":false,"path_per_floor":["M","M","M","?","M","R","?","R","T","?","?","R","?","M","R","B",null,"M","M","?","$","?","R","?","?","T","M","R","M","$","?","R","B",null,"M","?","?","$","M","?","?","M","T","?","R","?","R","M","R","B",null],"character_chosen":"DEFECT","items_purchased":["Capacitor+1","Coolheaded","Blizzard","Storm+1","War Paint","Cold Snap","FTL","TheAbacus"],"campfire_rested":2,"item_purchase_floors":[21,21,21,38,38,38,38,38],"current_hp_per_floor":[65,64,63,63,56,56,38,38,38,38,35,35,28,17,39,24,75,75,54,54,54,54,54,48,34,34,34,34,33,33,8,32,8,80,80,80,80,80,80,94,94,92,92,92,92,92,92,94,94,61],"gold":328,"neow_bonus":"THREE_CARDS","is_prod":false,"is_daily":false,"chose_seed":false,"campfire_upgraded":8,"win_rate":0,"timestamp":1551247544,"path_taken":["M","M","M","?","?","R","?","R","T","?","?","R","?","M","R","BOSS","M","M","?","$","?","R","?","?","T","M","R","M","$","?","R","BOSS","M","?","?","$","M","?","?","M","T","?","R","?","R","M","R","BOSS"],"build_version":"2019-01-23","purchased_purges":3,"victory":true,"max_hp_per_floor":[75,75,75,75,75,75,75,75,75,75,75,75,75,75,75,75,75,75,75,75,75,75,75,75,80,80,80,80,80,80,80,80,80,80,80,80,80,80,80,94,94,94,94,94,94,94,94,94,94,94],"card_choices":[{"not_picked":["Barrage","Coolheaded"],"picked":"Defragment","floor":0},{"not_picked":["Recycle","Rip and Tear"],"picked":"Melter","floor":1},{"not_picked":["Reprogram","Turbo"],"picked":"Cold Snap","floor":2},{"not_picked":["Steam","Ball Lightning"],"picked":"Coolheaded","floor":3},{"not_picked":["Stack","Redo"],"picked":"Turbo","floor":5},{"not_picked":["Steam","Streamline"],"picked":"Consume","floor":13},{"not_picked":["Beam Cell","Gash","Rebound"],"picked":"SKIP","floor":14},{"not_picked":["Thunder Strike","Meteor Strike"],"picked":"Electrodynamics+1","floor":16},{"not_picked":["Coolheaded","Stack"],"picked":"Storm+1","floor":18},{"not_picked":["Leap","Streamline"],"picked":"Steam","floor":19},{"not_picked":["Melter","Gash"],"picked":"Storm+1","floor":27},{"not_picked":["Genetic Algorithm","Scrape"],"picked":"Cold Snap","floor":29},{"not_picked":["Go for the Eyes","Reboot"],"picked":"Cold Snap","floor":31},{"not_picked":["Amplify","All For One"],"picked":"Electrodynamics+1","floor":33},{"not_picked":["Sunder","Go for the Eyes"],"picked":"Static Discharge+1","floor":35},{"not_picked":["Cold Snap","Self Repair+1","Darkness+1"],"picked":"SKIP","floor":39},{"not_picked":["Self Repair+1","Darkness+1"],"picked":"Cold Snap","floor":39},{"not_picked":["Go for the Eyes","Beam Cell+1"],"picked":"Redo+1","floor":40},{"not_picked":["Barrage+1","Reprogram+1"],"picked":"Coolheaded+1","floor":42},{"not_picked":["Chill","Conserve Battery+1","Ball Lightning+1"],"picked":"SKIP","floor":48}],"player_experience":1107742,"relics_obtained":[{"floor":9,"key":"Oddly Smooth Stone"},{"floor":13,"key":"Odd Mushroom"},{"floor":26,"key":"Orichalcum"},{"floor":31,"key":"Red Mask"},{"floor":40,"key":"Mango"},{"floor":43,"key":"Blood Vial"}],"event_choices":[{"damage_healed":0,"gold_gain":0,"player_choice":"Upgraded","damage_taken":0,"max_hp_gain":0,"max_hp_loss":0,"event_name":"Upgrade Shrine","floor":4,"gold_loss":0,"cards_upgraded":["Defragment"]},{"damage_healed":0,"gold_gain":0,"player_choice":"Take Damage","damage_taken":18,"relics_obtained":["Golden Idol"],"max_hp_gain":0,"max_hp_loss":0,"event_name":"Golden Idol","floor":7,"gold_loss":0},{"damage_healed":0,"gold_gain":0,"player_choice":"Searched \u00271\u0027 times","damage_taken":0,"relics_obtained":["Frozen Egg 2"],"max_hp_gain":0,"max_hp_loss":0,"event_name":"Dead Adventurer","floor":10,"gold_loss":0},{"damage_healed":0,"gold_gain":0,"player_choice":"Success","damage_taken":3,"relics_obtained":["Juzu Bracelet"],"max_hp_gain":0,"max_hp_loss":0,"event_name":"Scrap Ooze","floor":11,"gold_loss":0},{"damage_healed":0,"gold_gain":0,"player_choice":"Fought Mushrooms","damage_taken":0,"max_hp_gain":0,"max_hp_loss":0,"event_name":"Mushrooms","floor":13,"gold_loss":0},{"damage_healed":0,"gold_gain":0,"player_choice":"Read","damage_taken":0,"max_hp_gain":0,"max_hp_loss":0,"event_name":"The Library","floor":20,"gold_loss":0,"cards_obtained":["Defragment"]},{"damage_healed":0,"gold_gain":0,"player_choice":"Ignored","damage_taken":0,"max_hp_gain":0,"max_hp_loss":0,"event_name":"Vampires","floor":22,"gold_loss":0},{"damage_healed":0,"gold_gain":0,"player_choice":"Joined the Cult","damage_taken":6,"max_hp_gain":0,"max_hp_loss":0,"event_name":"Nest","floor":24,"gold_loss":0,"cards_obtained":["RitualDagger"]},{"damage_healed":0,"gold_gain":0,"player_choice":"Shed Blood","damage_taken":19,"max_hp_gain":5,"max_hp_loss":0,"event_name":"Forgotten Altar","floor":25,"gold_loss":0},{"damage_healed":0,"gold_gain":0,"player_choice":"Fought Bandits","damage_taken":0,"max_hp_gain":0,"max_hp_loss":0,"event_name":"Masked Bandits","floor":31,"gold_loss":0},{"damage_healed":0,"gold_gain":333,"player_choice":"Gave Idol","damage_taken":0,"max_hp_gain":0,"max_hp_loss":0,"event_name":"The Moai Head","floor":36,"relics_lost":["Golden Idol"],"gold_loss":0},{"damage_healed":0,"gold_gain":222,"player_choice":"Wore Mask","damage_taken":0,"max_hp_gain":0,"max_hp_loss":0,"event_name":"Tomb of Lord Red Mask","floor":37,"gold_loss":0},{"damage_healed":0,"gold_gain":0,"player_choice":"Fight","damage_taken":0,"max_hp_gain":0,"max_hp_loss":0,"event_name":"MindBloom","floor":40,"gold_loss":0},{"cards_removed":["Defend_B"],"damage_healed":0,"gold_gain":0,"player_choice":"Offered Basic","damage_taken":0,"max_hp_gain":0,"max_hp_loss":0,"event_name":"Bonfire Elementals","floor":41,"gold_loss":0},{"damage_healed":0,"gold_gain":0,"cards_transformed":["RitualDagger"],"player_choice":"Transformed","damage_taken":0,"max_hp_gain":0,"max_hp_loss":0,"event_name":"Transmorgrifier","floor":44,"gold_loss":0,"cards_obtained":["Violence"]},{"cards_removed":["Defend_B"],"damage_healed":0,"gold_gain":0,"player_choice":"Removed Skill","damage_taken":0,"max_hp_gain":0,"max_hp_loss":0,"event_name":"Falling","floor":46,"gold_loss":0}],"is_beta":false,"boss_relics":[{"not_picked":["Fusion Hammer","Snecko Eye"],"picked":"Astrolabe"},{"not_picked":["FrozenCore","Cursed Key"],"picked":"Nuclear Battery"}],"items_purged_floors":[21,30,38],"is_endless":false,"potions_floor_spawned":[1,2,13,18,19,35,40],"ascension_level":0}