{"gold_per_floor":[115,125,33,33,44,71,71,71,71,71,83,95,107,107],"floor_reached":14,"playtime":1992,"items_purged":[],"score":92,"play_id":"34f50e4e-eae6-4ea3-9467-44e3690bffbf","local_time":"20190227143801","is_ascension_mode":false,"campfire_choices":[{"data":"Neutralize","floor":7,"key":"SMITH"},{"data":"Footwork","floor":10,"key":"SMITH"}],"neow_cost":"NONE","seed_source_timestamp":4689726971500,"circlet_count":0,"master_deck":["Defend_G","Defend_G","Defend_G","Defend_G","Defend_G","Strike_G","Strike_G","Strike_G","Strike_G","Strike_G","Neutralize+1","Caltrops","Backflip+1","Dagger Throw","Dash","Acrobatics","Backflip","Footwork+1","Night Terror","Infinite Blades","Flying Knee","Crippling Poison"],"relics":["Ring of the Snake","Darkstone Periapt","The Specimen"],"potions_floor_usage":[],"damage_taken":[{"damage":0,"enemies":"Cultist","floor":1,"turns":3},{"damage":5,"enemies":"2 Louse","floor":2,"turns":4},{"damage":3,"enemies":"Jaw Worm","floor":5,"turns":4},{"damage":26,"enemies":"Gremlin Nob","floor":6,"turns":5},{"damage":0,"enemies":"Exordium Wildlife","floor":11,"turns":6},{"damage":22,"enemies":"Gremlin Gang","floor":12,"turns":6},{"damage":0,"enemies":"Blue Slaver","floor":13,"turns":4},{"damage":14,"enemies":"Large Slime","floor":14,"turns":6}],"seed_played":"-8125669277674393794","potions_obtained":[{"floor":5,"key":"SkillPotion"},{"floor":6,"key":"SkillPotion"},{"floor":13,"key":"Strength Potion"}],"is_trial":false,"path_per_floor":["M","M","$","?","M","E","R","?","T","R","M","M","M","M"],"character_chosen":"THE_SILENT","items_purchased":["Dash","Acrobatics"],"campfire_rested":0,"item_purchase_floors":[3,3],"current_hp_per_floor":[70,65,65,65,62,36,36,36,36,36,36,14,14,0],"gold":107,"neow_bonus":"TRANSFORM_CARD","is_prod":false,"is_daily":false,"chose_seed":false,"campfire_upgraded":2,"win_rate":0.0,"timestamp":1551307081,"path_taken":["M","M","$","?","M","E","R","?","T","R","M","M","M","M"],"build_version":"2019-01-23","purchased_purges":0,"victory":false,"max_hp_per_floor":[70,70,70,70,70,70,70,70,70,70,70,70,70,70],"card_choices":[{"not_picked":["Poisoned Stab","Outmaneuver"],"picked":"Backflip","floor":1},{"not_picked":["Poisoned Stab","Dodge and Roll"],"picked":"Dagger Throw","floor":2},{"not_picked":["Poisoned Stab","Slice"],"picked":"Backflip","floor":5},{"not_picked":["Noxious Fumes","Acrobatics"],"picked":"Footwork","floor":6},{"not_picked":["A Thousand Cuts","Escape Plan"],"picked":"Infinite Blades","floor":11},{"not_picked":["Choke","Outmaneuver"],"picked":"Flying Knee","floor":12},{"not_picked":["Endless Agony","Poisoned Stab"],"picked":"Crippling Poison","floor":13}],"player_experience":8477,"relics_obtained":[{"floor":6,"key":"Darkstone Periapt"},{"floor":9,"key":"The Specimen"}],"event_choices":[{"damage_healed":0,"gold_gain":0,"player_choice":"Grow","damage_taken":0,"max_hp_gain":0,"max_hp_loss":0,"event_name":"Living Wall","floor":4,"gold_loss":0,"cards_upgraded":["Backflip"]},{"damage_healed":0,"gold_gain":0,"player_choice":"1 cards matched","damage_taken":0,"max_hp_gain":0,"max_hp_loss":0,"event_name":"Match and Keep!","floor":8,"gold_loss":0,"cards_obtained":["Night Terror"]}],"is_beta":false,"boss_relics":[],"items_purged_floors":[],"is_endless":false,"potions_floor_spawned":[5,6,13],"killed_by":"Large Slime","ascension_level":0}