{"gold_per_floor":[114,114,127,48,123,149,163,180,180,210,210],"floor_reached":11,"playtime":391,"items_purged":[],"score":132,"play_id":"94f34d52-efa5-4efd-a4d1-2b8471ae8963","local_time":"20181222154027","is_ascension_mode":true,"campfire_choices":[],"neow_cost":"NONE","seed_source_timestamp":164969057301343,"circlet_count":0,"master_deck":["Defend_G","Defend_G","Defend_G","Defend_G","Defend_G","Strike_G","Strike_G","Strike_G","Strike_G","Strike_G","Survivor","Neutralize","Cloak And Dagger","Poisoned Stab","Footwork","Deadly Poison","Poisoned Stab","Footwork"],"relics":["Ring of the Snake","NeowsBlessing","Blue Candle","Pantograph","Odd Mushroom"],"potions_floor_usage":[10,11],"damage_taken":[{"damage":0,"enemies":"Small Slimes","floor":1,"turns":1},{"damage":0,"enemies":"2 Louse","floor":3,"turns":1},{"damage":0,"enemies":"Lagavulin","floor":6,"turns":1},{"damage":12,"enemies":"Jaw Worm","floor":7,"turns":4},{"damage":1,"enemies":"Large Slime","floor":8,"turns":8},{"damage":20,"enemies":"The Mushroom Lair","floor":10,"turns":5},{"damage":21,"enemies":"Gremlin Nob","floor":11,"turns":3}],"seed_played":"-796893500115348153","potions_obtained":[{"floor":1,"key":"LiquidBronze"},{"floor":10,"key":"FearPotion"}],"is_trial":false,"path_per_floor":["M","?","M","$","?","E","M","M","T","?","E"],"character_chosen":"THE_SILENT","items_purchased":["Footwork"],"campfire_rested":0,"item_purchase_floors":[4],"current_hp_per_floor":[63,63,63,63,52,52,40,39,39,19,0],"gold":210,"neow_bonus":"THREE_ENEMY_KILL","is_prod":false,"is_daily":false,"chose_seed":false,"campfire_upgraded":0,"win_rate":0,"timestamp":1545511227,"path_taken":["M","?","M","$","?","E","M","M","T","?","E"],"build_version":"2018-12-20","purchased_purges":0,"victory":false,"max_hp_per_floor":[70,70,70,70,70,70,70,70,70,70,70],"card_choices":[{"not_picked":["Concentrate","Quick Slash"],"picked":"Cloak And Dagger","floor":1},{"not_picked":["Sucker Punch","Deflect"],"picked":"Poisoned Stab","floor":3},{"not_picked":["Quick Slash","Predator"],"picked":"Deadly Poison","floor":6},{"not_picked":["Quick Slash","Sucker Punch","Deflect"],"picked":"SKIP","floor":7},{"not_picked":["Prepared","Eviscerate"],"picked":"Poisoned Stab","floor":8},{"not_picked":["Slice","Unload"],"picked":"Footwork","floor":10}],"player_experience":346250,"relics_obtained":[{"floor":6,"key":"Blue Candle"},{"floor":9,"key":"Pantograph"},{"floor":10,"key":"Odd Mushroom"}],"event_choices":[{"damage_healed":0,"gold_gain":0,"player_choice":"Ignored","damage_taken":0,"max_hp_gain":0,"max_hp_loss":0,"event_name":"Golden Wing","floor":2,"gold_loss":0},{"damage_healed":0,"gold_gain":75,"player_choice":"Gather Gold","damage_taken":11,"max_hp_gain":0,"max_hp_loss":0,"event_name":"World of Goop","floor":5,"gold_loss":0},{"damage_healed":0,"gold_gain":0,"player_choice":"Fought Mushrooms","damage_taken":0,"max_hp_gain":0,"max_hp_loss":0,"event_name":"Mushrooms","floor":10,"gold_loss":0}],"is_beta":false,"boss_relics":[],"items_purged_floors":[],"is_endless":false,"potions_floor_spawned":[1,10],"killed_by":"Gremlin Nob","ascension_level":7}