{"path_per_floor":["M","?","$","?","?","R","M","R","T","R","$","M","M","M","R","B",null,"M","M","$","?","?","R","M","R","T","M","R","M","M","M","R","B",null,"M","?","M","M","T","M","M","R","T","$"],"character_chosen":"DEFECT","items_purchased":["Glacier","Ice Cream","Hello World"],"gold_per_floor":[20,20,20,20,20,20,38,38,38,38,38,55,67,87,87,188,188,208,222,68,68,68,68,79,79,79,96,96,112,126,141,141,246,276,287,287,301,318,371,389,401,401,401,39,39],"floor_reached":45,"campfire_rested":4,"playtime":2748,"item_purchase_floors":[20,44,44],"current_hp_per_floor":[73,73,73,73,73,73,64,64,64,64,64,64,64,55,55,27,75,59,48,48,34,34,34,9,33,33,23,47,37,17,17,41,12,85,68,41,25,24,24,20,5,30,30,30,0],"items_purged":["Defend_B"],"gold":39,"score":434,"play_id":"a249cd72-bdff-4816-98fd-348dee60f0c8","local_time":"20180622211202","is_prod":false,"is_daily":false,"chose_seed":false,"is_ascension_mode":false,"campfire_upgraded":5,"win_rate":0,"timestamp":1529716322,"campfire_choices":[{"data":"Chill","floor":6,"key":"SMITH"},{"data":"Zap","floor":8,"key":"SMITH"},{"data":"Redo","floor":10,"key":"SMITH"},{"data":"Loop","floor":15,"key":"SMITH"},{"data":"Defragment","floor":23,"key":"SMITH"},{"floor":25,"key":"REST"},{"floor":28,"key":"REST"},{"floor":32,"key":"REST"},{"floor":42,"key":"REST"}],"path_taken":["M","?","$","?","?","R","M","R","T","R","$","M","?","?","R","BOSS","M","M","$","?","?","R","?","R","T","M","R","M","?","M","R","BOSS","M","?","?","M","?","M","?","R","T","$","M"],"build_version":"2018-06-21","seed_source_timestamp":787963184054224,"purchased_purges":1,"circlet_count":0,"victory":false,"master_deck":["Strike_B","Strike_B","Defend_B+1","Defend_B","Zap+1","Dualcast","Loop+1","Chill+1","Loop+1","Redo+1","Gash","Loop+1","Stack","Electrodynamics","Defragment","Gash","Stack","Biased Cognition","Storm","Genetic Algorithm","Defragment+1","Glacier","Chill","Gash+1","Echo Form","Gash","Genetic Algorithm+1","Gash","Stack","Hello World"],"max_hp_per_floor":[75,75,75,75,75,75,75,75,75,75,75,75,75,75,75,75,75,75,75,75,80,80,80,80,80,80,80,80,80,80,80,80,80,85,85,85,85,85,85,85,85,85,85,85,85],"relics":["Cracked Core","Matryoshka","Orrery","Blue Candle","Unceasing Top","Tiny House","Peace Pipe","Dream Catcher","Tiny Chest","Potion Belt","Ice Cream"],"card_choices":[{"not_picked":["Streamline","Rip and Tear"],"picked":"Loop","floor":1},{"not_picked":["Streamline","Conserve Battery"],"picked":"Redo","floor":7},{"not_picked":["Tempest","Barrage"],"picked":"Gash","floor":12},{"not_picked":["Chaos","Redo"],"picked":"Loop","floor":13},{"not_picked":["Barrage","Heatsinks"],"picked":"Stack","floor":14},{"not_picked":["Thunder Strike","Buffer"],"picked":"Electrodynamics","floor":16},{"not_picked":["Ball Lightning","Stack"],"picked":"Defragment","floor":17},{"not_picked":["Rip and Tear","Skim"],"picked":"Gash","floor":17},{"not_picked":["Redo","Beam Cell"],"picked":"Stack","floor":17},{"not_picked":["Cold Snap","Lockon"],"picked":"Biased Cognition","floor":17},{"not_picked":["Beam Cell","Hologram"],"picked":"Storm","floor":17},{"not_picked":["Ball Lightning+1","Barrage"],"picked":"Genetic Algorithm","floor":18},{"not_picked":["Sweeping Beam+1","Steam"],"picked":"Defragment","floor":19},{"not_picked":["Leap","Redo"],"picked":"Chill","floor":24},{"not_picked":["Reprogram","Beam Cell","Cold Snap"],"picked":"SKIP","floor":27},{"not_picked":["Streamline","Hologram","Go for the Eyes+1"],"picked":"SKIP","floor":29},{"not_picked":["Glacier","Undo"],"picked":"Gash+1","floor":30},{"not_picked":["Electrodynamics","Leap","Go for the Eyes"],"picked":"SKIP","floor":31},{"not_picked":["Thunder Strike","Rainbow"],"picked":"Echo Form","floor":33},{"not_picked":["Rebound","Storm"],"picked":"Gash","floor":34},{"not_picked":["Compile Driver+1","Chaos+1"],"picked":"Genetic Algorithm+1","floor":35},{"not_picked":["Glacier","Reprogram+1"],"picked":"Gash","floor":36},{"not_picked":["Lockon+1","Steam","Conserve Battery+1"],"picked":"SKIP","floor":37},{"not_picked":["Genetic Algorithm","Steam","Leap+1"],"picked":"SKIP","floor":38},{"not_picked":["Cold Snap","Go for the Eyes+1"],"picked":"Stack","floor":40},{"not_picked":["Reinforced Body+1","Darkness+1","Conserve Battery+1"],"picked":"SKIP","floor":41}],"player_experience":517303,"potions_floor_usage":[24,30,33,41,45],"damage_taken":[{"damage":2,"enemies":"2 Louse","floor":1,"turns":3},{"damage":9,"enemies":"Jaw Worm","floor":7,"turns":3},{"damage":0,"enemies":"Small Slimes","floor":12,"turns":4},{"damage":0,"enemies":"2 Fungi Beasts","floor":13,"turns":4},{"damage":9,"enemies":"Large Slime","floor":14,"turns":6},{"damage":28,"enemies":"Slime Boss","floor":16,"turns":7},{"damage":16,"enemies":"2 Thieves","floor":18,"turns":2},{"damage":11,"enemies":"Shell Parasite","floor":19,"turns":6},{"damage":25,"enemies":"Snake Plant","floor":24,"turns":3},{"damage":10,"enemies":"Snecko","floor":27,"turns":7},{"damage":10,"enemies":"Centurion and Healer","floor":29,"turns":6},{"damage":20,"enemies":"Snake Plant","floor":30,"turns":4},{"damage":0,"enemies":"3 Cultists","floor":31,"turns":4},{"damage":29,"enemies":"Automaton","floor":33,"turns":6},{"damage":17,"enemies":"Orb Walker","floor":35,"turns":5},{"damage":27,"floor":36,"turns":5},{"damage":16,"enemies":"3 Darklings","floor":37,"turns":7},{"damage":1,"enemies":"Sphere and 2 Shapes","floor":38,"turns":6},{"damage":4,"enemies":"Maw","floor":40,"turns":6},{"damage":15,"enemies":"3 Darklings","floor":41,"turns":8},{"damage":30,"enemies":"Sphere and 2 Shapes","floor":45,"turns":3}],"relics_obtained":[{"floor":9,"key":"Matryoshka"},{"floor":26,"key":"Blue Candle"},{"floor":26,"key":"Unceasing Top"},{"floor":36,"key":"Peace Pipe"},{"floor":39,"key":"Dream Catcher"},{"floor":39,"key":"Tiny Chest"},{"floor":43,"key":"Potion Belt"}],"event_choices":[{"event_name":"Living Wall","player_choice":"Grow","floor":2,"damage_taken":0},{"event_name":"The Cleric","player_choice":"Leave","floor":4,"damage_taken":0},{"event_name":"Upgrade Shrine","player_choice":"Upgraded","floor":5,"damage_taken":0},{"event_name":"Forgotten Altar","player_choice":"Shed Blood","floor":21,"damage_taken":0},{"event_name":"Back to Basics","player_choice":"Elegance","floor":22,"damage_taken":0},{"event_name":"MindBloom","player_choice":"Fight","floor":36,"damage_taken":0}],"boss_relics":[{"not_picked":["Fusion Hammer","Busted Crown"],"picked":"Orrery"},{"not_picked":["Runic Pyramid","Pandora\u0027s Box"],"picked":"Tiny House"}],"items_purged_floors":[20],"is_endless":false,"potions_floor_spawned":[12,13,16,19,24,27,33,38,40,41],"seed_played":"8715055194270944050","killed_by":"Sphere and 2 Shapes","ascension_level":0,"potions_obtained":[{"floor":12,"key":"Weak Potion"},{"floor":13,"key":"LiquidBronze"},{"floor":16,"key":"Weak Potion"},{"floor":19,"key":"Explosive Potion"},{"floor":24,"key":"LiquidBronze"},{"floor":33,"key":"EntropicBrew"},{"floor":34,"key":"SneckoOil"},{"floor":40,"key":"SkillPotion"},{"floor":41,"key":"SpeedPotion"}],"is_trial":false}