{"gold_per_floor":[110,110,35,47,66,66,66,97,97,117,133,133,208,286,286,385,385,399,399,415,415,425,425,453,453,525,542,574,574,603,702,702,806,806,823,823,836,424,76,101,101,129,155,204,304,324,324,356,356,356],"floor_reached":51,"playtime":8241,"items_purged":["Regret","Strike_G"],"score":1309,"play_id":"55636229-a978-46b8-bb56-1e5235284506","local_time":"20190301233042","is_ascension_mode":true,"campfire_choices":[{"data":"Dash","floor":6,"key":"SMITH"},{"data":"Dagger Spray","floor":12,"key":"SMITH"},{"data":"Blur","floor":15,"key":"SMITH"},{"data":"Crippling Poison","floor":23,"key":"SMITH"},{"data":"Venomology","floor":25,"key":"SMITH"},{"data":"Noxious Fumes","floor":29,"key":"SMITH"},{"data":"Adrenaline","floor":32,"key":"SMITH"},{"data":"Survivor","floor":41,"key":"SMITH"},{"floor":47,"key":"REST"},{"data":"After Image","floor":49,"key":"SMITH"}],"neow_cost":"NONE","seed_source_timestamp":180434127795873,"circlet_count":0,"master_deck":["AscendersBane","Defend_G","Defend_G","Defend_G","Defend_G","Strike_G+1","Strike_G","Survivor+1","Neutralize+1","Dagger Spray+1","Dash+1","Crippling Poison+1","Venomology+1","Blur+1","Adrenaline+1","Masterful Stab+1","Venomology+1","Doppelganger+1","Skewer+1","Crippling Poison+1","Noxious Fumes+1","After Image+1","Deflect+1","Dodge and Roll+1","Deadly Poison+1"],"relics":["Ring of the Serpent","Ice Cream","FossilizedHelix","Unceasing Top","Astrolabe","Pear","Ancient Tea Set","Mercury Hourglass","Nunchaku","Pocketwatch","Thread and Needle","TwistedFunnel","Happy Flower","Lantern","Gambling Chip","Bag of Preparation","The Specimen","Torii","Whetstone"],"potions_floor_usage":[8,8,10,11,16,16,16,16,18,18,20,20,22,22,22,24,24,24,24,28,28,28,30,30,33,33,33,37,40,40,40,40,42,42,44,44,48,48,48,48,50,50,50],"damage_taken":[{"damage":15,"enemies":"Jaw Worm","floor":1,"turns":7},{"damage":0,"enemies":"Small Slimes","floor":4,"turns":4},{"damage":0,"enemies":"2 Louse","floor":5,"turns":3},{"damage":18,"enemies":"Gremlin Nob","floor":8,"turns":4},{"damage":0,"enemies":"2 Fungi Beasts","floor":10,"turns":3},{"damage":0,"enemies":"Large Slime","floor":11,"turns":7},{"damage":3,"enemies":"The Guardian","floor":16,"turns":15},{"damage":8,"enemies":"2 Thieves","floor":18,"turns":3},{"damage":2,"enemies":"Shell Parasite","floor":20,"turns":4},{"damage":0,"enemies":"Shelled Parasite and Fungi","floor":22,"turns":7},{"damage":10,"enemies":"Slavers","floor":24,"turns":7},{"damage":4,"enemies":"Centurion and Healer","floor":27,"turns":4},{"damage":0,"enemies":"Book of Stabbing","floor":28,"turns":4},{"damage":0,"enemies":"Slavers","floor":30,"turns":4},{"damage":20,"enemies":"Champ","floor":33,"turns":10},{"damage":0,"enemies":"Orb Walker","floor":35,"turns":2},{"damage":9,"enemies":"3 Darklings","floor":37,"turns":3},{"damage":18,"enemies":"Nemesis","floor":40,"turns":7},{"damage":0,"enemies":"Reptomancer","floor":42,"turns":5},{"damage":0,"enemies":"2 Orb Walkers","floor":44,"turns":5},{"damage":0,"enemies":"Mind Bloom Boss Battle","floor":45,"turns":5},{"damage":0,"enemies":"Sphere and 2 Shapes","floor":46,"turns":3},{"damage":0,"enemies":"Giant Head","floor":48,"turns":8},{"damage":11,"enemies":"Awakened One","floor":50,"turns":14}],"seed_played":"1253724389665067804","potions_obtained":[{"floor":5,"key":"EntropicBrew"},{"floor":8,"key":"SpeedPotion"},{"floor":10,"key":"SkillPotion"},{"floor":11,"key":"Regen Potion"},{"floor":20,"key":"Dexterity Potion"},{"floor":24,"key":"Fire Potion"},{"floor":30,"key":"Strength Potion"},{"floor":44,"key":"Swift Potion"},{"floor":45,"key":"Weak Potion"},{"floor":48,"key":"Regen Potion"}],"is_trial":false,"path_per_floor":["M","?","$","M","M","R","?","E","T","M","M","R","?","?","R","B",null,"M","?","M","?","M","R","E","R","T","M","E","R","E","?","R","B",null,"M","?","M","$","$","E","R","E","T","?","?","M","R","E","R","B",null],"character_chosen":"THE_SILENT","items_purchased":["Thread and Needle","TwistedFunnel","Happy Flower"],"campfire_rested":1,"item_purchase_floors":[38,39,39],"current_hp_per_floor":[55,55,55,55,55,55,55,37,37,37,37,37,26,26,26,38,67,59,69,67,67,67,67,57,57,57,53,53,53,53,53,53,33,74,74,74,65,65,65,47,47,47,47,47,47,47,73,73,73,76],"gold":356,"neow_bonus":"TEN_PERCENT_HP_BONUS","is_prod":false,"is_daily":false,"chose_seed":false,"campfire_upgraded":9,"win_rate":0,"timestamp":1551501042,"path_taken":["M","?","$","M","M","R","?","E","T","M","M","R","?","?","R","BOSS","M","?","M","?","?","R","E","R","T","M","E","R","E","?","R","BOSS","M","?","?","?","$","E","R","E","T","?","?","M","R","E","R","BOSS"],"build_version":"2019-01-23","purchased_purges":2,"victory":true,"max_hp_per_floor":[77,77,77,77,77,77,77,77,77,77,77,77,77,77,77,77,77,77,87,87,87,87,87,87,87,87,87,87,87,87,87,87,87,87,87,87,87,87,87,87,87,87,87,87,87,87,87,87,87,87],"card_choices":[{"not_picked":["Heel Hook","Dodge and Roll"],"picked":"Dagger Spray","floor":1},{"not_picked":["Slice","Underhanded Strike"],"picked":"Dash","floor":4},{"not_picked":["Prepared","Terror"],"picked":"Crippling Poison","floor":5},{"not_picked":["Outmaneuver","Dagger Throw"],"picked":"Venomology","floor":8},{"not_picked":["Escape Plan","Calculated Gamble"],"picked":"Blur","floor":10},{"not_picked":["Prepared","Flying Knee","Blur"],"picked":"SKIP","floor":11},{"not_picked":["A Thousand Cuts","Phantasmal Killer"],"picked":"Adrenaline","floor":16},{"not_picked":["Slice","Acrobatics","Expertise"],"picked":"SKIP","floor":18},{"not_picked":["Flying Knee","Deflect"],"picked":"Skewer+1","floor":20},{"not_picked":["Distraction","Dagger Spray","Quick Slash"],"picked":"SKIP","floor":22},{"not_picked":["Choke","Bane"],"picked":"Crippling Poison+1","floor":24},{"not_picked":["All Out Attack","Dodge and Roll","Dagger Throw"],"picked":"SKIP","floor":27},{"not_picked":["Prepared+1","Endless Agony"],"picked":"Noxious Fumes","floor":28},{"not_picked":["Dagger Throw","A Thousand Cuts","Poisoned Stab"],"picked":"SKIP","floor":30},{"not_picked":["Doppelganger","Night Terror"],"picked":"After Image","floor":33},{"not_picked":["Setup+1","Flying Knee+1","Endless Agony+1"],"picked":"SKIP","floor":35},{"not_picked":["Dagger Spray+1","Dash+1","Acrobatics"],"picked":"SKIP","floor":37},{"not_picked":["Deflect","Eviscerate+1","Predator"],"picked":"SKIP","floor":40},{"not_picked":["Acrobatics","Blade Dance"],"picked":"Deflect+1","floor":42},{"not_picked":["Blade Dance+1","Eviscerate"],"picked":"Dodge and Roll+1","floor":45},{"not_picked":["PiercingWail+1","Dagger Throw"],"picked":"Deadly Poison+1","floor":46},{"not_picked":["Poisoned Stab","Reflex","Quick Slash"],"picked":"SKIP","floor":48}],"player_experience":307634,"relics_obtained":[{"floor":8,"key":"FossilizedHelix"},{"floor":9,"key":"Unceasing Top"},{"floor":24,"key":"Ancient Tea Set"},{"floor":26,"key":"Mercury Hourglass"},{"floor":28,"key":"Nunchaku"},{"floor":30,"key":"Pocketwatch"},{"floor":40,"key":"Lantern"},{"floor":42,"key":"Gambling Chip"},{"floor":43,"key":"Bag of Preparation"},{"floor":44,"key":"The Specimen"},{"floor":45,"key":"Torii"},{"floor":48,"key":"Whetstone"}],"event_choices":[{"damage_healed":0,"gold_gain":0,"player_choice":"Box","damage_taken":0,"relics_obtained":["Ice Cream"],"max_hp_gain":0,"max_hp_loss":0,"event_name":"Big Fish","floor":2,"gold_loss":0,"cards_obtained":["Regret"]},{"damage_healed":0,"gold_gain":0,"player_choice":"Ignored","damage_taken":0,"max_hp_gain":0,"max_hp_loss":0,"event_name":"Liars Game","floor":7,"gold_loss":0},{"damage_healed":0,"gold_gain":75,"player_choice":"Gather Gold","damage_taken":11,"max_hp_gain":0,"max_hp_loss":0,"event_name":"World of Goop","floor":13,"gold_loss":0},{"damage_healed":0,"gold_gain":78,"player_choice":"Gained Gold","damage_taken":0,"max_hp_gain":0,"max_hp_loss":0,"event_name":"Golden Wing","floor":14,"gold_loss":0},{"damage_healed":0,"gold_gain":0,"player_choice":"Opened","damage_taken":0,"relics_obtained":["Pear"],"max_hp_gain":0,"max_hp_loss":0,"event_name":"The Mausoleum","floor":19,"gold_loss":0},{"damage_healed":0,"gold_gain":0,"player_choice":"Bought 0 Potions","damage_taken":0,"max_hp_gain":0,"max_hp_loss":0,"event_name":"The Woman in Blue","floor":21,"gold_loss":0},{"damage_healed":0,"gold_gain":99,"player_choice":"Stole From Cult","damage_taken":0,"max_hp_gain":0,"max_hp_loss":0,"event_name":"Nest","floor":31,"gold_loss":0},{"damage_healed":0,"gold_gain":0,"player_choice":"Leave","damage_taken":0,"max_hp_gain":0,"max_hp_loss":0,"event_name":"FaceTrader","floor":36,"gold_loss":0},{"damage_healed":0,"gold_gain":0,"player_choice":"Fight","damage_taken":0,"max_hp_gain":0,"max_hp_loss":0,"event_name":"Mysterious Sphere","floor":44,"gold_loss":0},{"damage_healed":0,"gold_gain":0,"player_choice":"Fight","damage_taken":0,"max_hp_gain":0,"max_hp_loss":0,"event_name":"MindBloom","floor":45,"gold_loss":0}],"is_beta":false,"boss_relics":[{"not_picked":["Busted Crown","Velvet Choker"],"picked":"Astrolabe"},{"not_picked":["Snecko Eye","Eternal Feather"],"picked":"Ring of the Serpent"}],"items_purged_floors":[3,38],"is_endless":false,"potions_floor_spawned":[5,8,10,11,20,24,27,30,44,45,48],"ascension_level":10}