{"gold_per_floor":[111,128,128,128,147,147,178,178,205,234,234,73,93,106,106,185,185,198,123,8,8,26,52,52,86,113,113,138,149,172,188,188,267,267,282,302,302,18,18,18,28,28,28,59,59,69,83,117,117,117,117,117,117,9,40,40],"floor_reached":56,"playtime":3762,"items_purged":["Strike_R"],"score":2081,"play_id":"84045b3a-728d-4334-aced-bb47b1bec79e","local_time":"20181222150809","is_ascension_mode":true,"campfire_choices":[{"data":"Combust","floor":6,"key":"SMITH"},{"floor":8,"key":"REST"},{"floor":15,"key":"REST"},{"data":"Disarm","floor":24,"key":"SMITH"},{"data":"Juggernaut","floor":32,"key":"SMITH"},{"data":"Heavy Blade","floor":40,"key":"SMITH"},{"data":"Armaments","floor":42,"key":"SMITH"},{"data":"Spot Weakness","floor":45,"key":"SMITH"},{"floor":49,"key":"RECALL"},{"data":"Shockwave","floor":53,"key":"SMITH"}],"neow_cost":"NONE","seed_source_timestamp":69256870977183,"circlet_count":0,"master_deck":["AscendersBane","Defend_R","Defend_R","Defend_R","Defend_R","Bash","Combust+1","Armaments+1","Spot Weakness+1","Battle Trance","Corruption","Disarm+1","Dark Embrace","Shockwave+1","Carnage","Sentinel","Havoc+1","Bite","Bite","Bite","Bite","Bite","Spot Weakness+1","Juggernaut+1","Impervious","Heavy Blade+1","Mayhem","Dual Wield+1","Flame Barrier+1","Thunderclap+1","Intimidate"],"relics":["Burning Blood","Ancient Tea Set","Orichalcum","Red Skull","Bag of Marbles","Mercury Hourglass","Snecko Eye","Bronze Scales","Blue Candle","War Paint","Strawberry","Potion Belt","Coffee Dripper","ClockworkSouvenir","Molten Egg 2","Darkstone Periapt","Shuriken"],"potions_floor_usage":[7,16,22,23,28,48,50,51,51,56],"damage_taken":[{"damage":3,"enemies":"2 Louse","floor":1,"turns":3},{"damage":24,"enemies":"Jaw Worm","floor":2,"turns":4},{"damage":6,"enemies":"Small Slimes","floor":5,"turns":5},{"damage":36,"enemies":"Gremlin Nob","floor":7,"turns":4},{"damage":24,"enemies":"Lagavulin","floor":10,"turns":6},{"damage":6,"enemies":"Looter","floor":13,"turns":3},{"damage":0,"enemies":"2 Fungi Beasts","floor":14,"turns":2},{"damage":20,"enemies":"Slime Boss","floor":16,"turns":7},{"damage":12,"enemies":"2 Thieves","floor":18,"turns":3},{"damage":0,"enemies":"Chosen","floor":22,"turns":4},{"damage":15,"enemies":"Slavers","floor":23,"turns":3},{"damage":9,"enemies":"Gremlin Leader","floor":25,"turns":4},{"damage":10,"enemies":"Slavers","floor":28,"turns":4},{"damage":0,"enemies":"3 Cultists","floor":29,"turns":3},{"damage":0,"enemies":"Snecko","floor":31,"turns":3},{"damage":55,"enemies":"Champ","floor":33,"turns":8},{"damage":0,"enemies":"3 Shapes","floor":35,"turns":6},{"damage":9,"enemies":"Orb Walker","floor":36,"turns":3},{"damage":18,"enemies":"Writhing Mass","floor":41,"turns":3},{"damage":1,"enemies":"Giant Head","floor":44,"turns":3},{"damage":13,"enemies":"Maw","floor":46,"turns":5},{"damage":28,"enemies":"Jaw Worm Horde","floor":47,"turns":3},{"damage":46,"enemies":"Nemesis","floor":48,"turns":7},{"damage":33,"enemies":"Time Eater","floor":50,"turns":9},{"damage":50,"enemies":"Awakened One","floor":51,"turns":12},{"damage":24,"enemies":"Shield and Spear","floor":55,"turns":4},{"damage":56,"enemies":"The Heart","floor":56,"turns":2}],"seed_played":"-9036400590492405506","potions_obtained":[{"floor":1,"key":"BloodPotion"},{"floor":5,"key":"SpeedPotion"},{"floor":10,"key":"FearPotion"},{"floor":13,"key":"Fruit Juice"},{"floor":16,"key":"Ancient Potion"},{"floor":22,"key":"Weak Potion"},{"floor":23,"key":"Strength Potion"},{"floor":28,"key":"SteroidPotion"},{"floor":41,"key":"SpeedPotion"},{"floor":48,"key":"Weak Potion"},{"floor":55,"key":"SpeedPotion"}],"is_trial":false,"path_per_floor":["M","M","?","?","M","R","E","R","T","E","?","$","M","M","R","B",null,"M","?","$","?","M","E","R","E","T","?","E","M","T","M","R","B",null,"M","M","?","$","?","R","M","R","T","E","R","M","M","E","R","B","B",null,"R","$","E","B"],"character_chosen":"IRONCLAD","items_purchased":["Corruption","Carnage","Sentinel","ClockworkSouvenir","SteroidPotion","SteroidPotion","Thunderclap+1"],"campfire_rested":2,"item_purchase_floors":[12,20,20,38,38,54,54],"current_hp_per_floor":[71,53,53,58,58,58,36,60,60,42,24,24,24,30,54,40,70,64,64,64,41,52,43,43,40,40,40,55,70,70,70,70,34,61,70,69,59,59,59,59,53,53,53,70,70,67,49,38,38,45,37,62,62,62,52,0],"gold":40,"neow_bonus":"RANDOM_COMMON_RELIC","is_prod":false,"is_daily":false,"chose_seed":false,"campfire_upgraded":7,"win_rate":0,"timestamp":1545520089,"path_taken":["M","M","?","?","M","R","E","R","T","E","?","?","M","M","R","BOSS","M","?","$","?","M","E","R","E","T","?","E","M","?","M","R","BOSS","M","M","?","$","?","R","?","R","T","E","R","M","M","E","R","BOSS","BOSS","R","$","E","BOSS"],"build_version":"2018-12-20","purchased_purges":1,"victory":false,"max_hp_per_floor":[75,75,75,80,80,80,80,80,80,80,80,80,80,80,80,80,80,80,80,80,85,90,90,90,90,90,63,70,70,70,70,70,70,70,70,70,70,70,70,70,70,70,70,70,70,70,70,70,70,70,70,70,70,70,70,70],"card_choices":[{"not_picked":["Dropkick","Iron Wave"],"picked":"Combust","floor":1},{"not_picked":["True Grit","Iron Wave"],"picked":"Armaments","floor":2},{"not_picked":["Cleave","Sever Soul"],"picked":"Spot Weakness","floor":5},{"not_picked":["Flex","Cleave","Thunderclap"],"picked":"SKIP","floor":7},{"not_picked":["Flex","Intimidate"],"picked":"Battle Trance","floor":10},{"not_picked":["Rupture","Warcry"],"picked":"Disarm","floor":13},{"not_picked":["Heavy Blade","True Grit"],"picked":"Anger","floor":14},{"not_picked":["Fiend Fire","Bludgeon"],"picked":"Dark Embrace","floor":16},{"not_picked":["Dual Wield","Perfected Strike"],"picked":"Shockwave","floor":18},{"not_picked":["Inflame","Warcry"],"picked":"Havoc","floor":22},{"not_picked":["Searing Blow","Warcry","Flex"],"picked":"SKIP","floor":23},{"not_picked":["Rage+1","Seeing Red","Blood for Blood"],"picked":"SKIP","floor":25},{"not_picked":["Iron Wave+1","Dropkick"],"picked":"Spot Weakness","floor":28},{"not_picked":["Evolve","Sentinel"],"picked":"Juggernaut","floor":29},{"not_picked":["Second Wind","Combust","Iron Wave"],"picked":"SKIP","floor":31},{"not_picked":["Double Tap","Demon Form"],"picked":"Impervious","floor":33},{"not_picked":["Twin Strike+1","Flex+1"],"picked":"Heavy Blade","floor":35},{"not_picked":["Cleave","Pummel+1","Sever Soul"],"picked":"SKIP","floor":36},{"not_picked":["Good Instincts","Magnetism"],"picked":"Mayhem","floor":37},{"not_picked":["Shrug It Off","Sword Boomerang"],"picked":"Dual Wield+1","floor":41},{"not_picked":["Inflame","Rampage","Armaments"],"picked":"SKIP","floor":44},{"not_picked":["Armaments","Blood for Blood+1","Fire Breathing"],"picked":"SKIP","floor":46},{"not_picked":["Anger+1","Hemokinesis+1","Pommel Strike+1"],"picked":"SKIP","floor":47},{"not_picked":["Metallicize+1","Clothesline+1"],"picked":"Flame Barrier+1","floor":48},{"not_picked":["Blood for Blood+1","Wild Strike+1"],"picked":"Intimidate","floor":55}],"player_experience":3978369,"relics_obtained":[{"floor":7,"key":"Orichalcum"},{"floor":9,"key":"Red Skull"},{"floor":10,"key":"Bag of Marbles"},{"floor":23,"key":"Bronze Scales"},{"floor":25,"key":"Blue Candle"},{"floor":26,"key":"War Paint"},{"floor":28,"key":"Strawberry"},{"floor":30,"key":"Potion Belt"},{"floor":44,"key":"Molten Egg 2"},{"floor":48,"key":"Darkstone Periapt"},{"floor":55,"key":"Shuriken"}],"event_choices":[{"damage_healed":0,"gold_gain":0,"player_choice":"Ignored","damage_taken":0,"max_hp_gain":0,"max_hp_loss":0,"event_name":"Liars Game","floor":3,"gold_loss":0},{"damage_healed":0,"gold_gain":0,"player_choice":"Donut","damage_taken":0,"max_hp_gain":5,"max_hp_loss":0,"event_name":"Big Fish","floor":4,"gold_loss":0},{"damage_healed":0,"gold_gain":0,"player_choice":"Success","damage_taken":18,"relics_obtained":["Mercury Hourglass"],"max_hp_gain":0,"max_hp_loss":0,"event_name":"Scrap Ooze","floor":11,"gold_loss":0},{"cards_removed":["Anger"],"damage_healed":0,"gold_gain":0,"player_choice":"Gave Gold","damage_taken":0,"max_hp_gain":0,"max_hp_loss":0,"event_name":"Beggar","floor":19,"gold_loss":75},{"damage_healed":0,"gold_gain":0,"player_choice":"Shed Blood","damage_taken":28,"max_hp_gain":5,"max_hp_loss":0,"event_name":"Forgotten Altar","floor":21,"gold_loss":0},{"damage_healed":0,"gold_gain":0,"player_choice":"Became a vampire","damage_taken":0,"max_hp_gain":0,"max_hp_loss":27,"event_name":"Vampires","floor":27,"gold_loss":0,"cards_obtained":["Bite","Bite","Bite","Bite","Bite"]},{"damage_healed":0,"gold_gain":0,"player_choice":"Memory 3","damage_taken":10,"max_hp_gain":0,"max_hp_loss":0,"event_name":"SensoryStone","floor":37,"gold_loss":0},{"damage_healed":0,"gold_gain":0,"player_choice":"Ignored","damage_taken":0,"max_hp_gain":0,"max_hp_loss":0,"event_name":"SecretPortal","floor":39,"gold_loss":0}],"is_beta":true,"boss_relics":[{"not_picked":["Mark of Pain","Empty Cage"],"picked":"Snecko Eye"},{"not_picked":["Runic Dome","White Beast Statue"],"picked":"Coffee Dripper"}],"items_purged_floors":[12],"is_endless":false,"potions_floor_spawned":[1,5,10,13,16,22,23,28,29,41,44,48,55],"killed_by":"The Heart","ascension_level":20}