{"gold_per_floor":[113,127,127,143,167,167,187,205,205,221,241,89,89,7,7,138,138,163,151,166,216,236,236,236,274,274,43,68,95,95,115,115,217,217,228,239,239,16,31,31,66,79,153,163,0,0,0,14,14,14],"floor_reached":51,"playtime":8684,"items_purged":["Injury"],"score":670,"play_id":"2f039dd0-5031-478d-88f0-99cb3509068e","local_time":"20190227212257","is_ascension_mode":false,"campfire_choices":[{"data":"Dagger Throw","floor":6.0,"key":"SMITH"},{"data":"Infinite Blades","floor":15.0,"key":"SMITH"},{"data":"Blade Dance","floor":23.0,"key":"SMITH"},{"data":"Finisher","floor":32.0,"key":"SMITH"},{"data":"Footwork","floor":40.0,"key":"SMITH"}],"neow_cost":"NONE","seed_source_timestamp":0,"circlet_count":0,"master_deck":["Defend_G+1","Defend_G+1","Defend_G+1","Defend_G+1","Defend_G+1","Strike_G+1","Strike_G+1","Strike_G+1","Strike_G+1","Strike_G+1","Survivor+1","Neutralize+1","Dodge and Roll+1","Backflip+1","Dagger Throw+1","Tools of the Trade+1","PiercingWail+1","PiercingWail+1","Dagger Throw+1","Infinite Blades+1","Masterful Stab+1","Malaise+1","Malaise+1","Blade Dance+1","Catalyst+1","Leg Sweep+1","Masterful Stab+1","Poisoned Stab+1","Well Laid Plans+1","Blur+1","Finisher+1","Adrenaline+1","Noxious Fumes+1","Blade Dance+1","Footwork+1","Dodge and Roll+1","Footwork+1","Parasite","Backstab+1","Finisher+1"],"special_seed":0,"relics":["Ring of the Snake","Bloody Idol","Kunai","Coffee Dripper","Lantern","Ginger","Bronze Scales","PreservedInsect","WristBlade","Letter Opener","Frozen Egg 2","Red Mask","Mark of the Bloom","Pear"],"potions_floor_usage":[50,50],"damage_taken":[{"damage":0.0,"enemies":"Small Slimes","floor":1.0,"turns":3.0},{"damage":0.0,"enemies":"Cultist","floor":2.0,"turns":5.0},{"damage":0.0,"enemies":"Jaw Worm","floor":4.0,"turns":6.0},{"damage":12.0,"enemies":"Exordium Wildlife","floor":5.0,"turns":10.0},{"damage":7.0,"enemies":"3 Louse","floor":7.0,"turns":6.0},{"damage":3.0,"enemies":"Large Slime","floor":8.0,"turns":11.0},{"damage":0.0,"enemies":"Blue Slaver","floor":10.0,"turns":4.0},{"damage":3.0,"enemies":"Looter","floor":11.0,"turns":4.0},{"damage":37.0,"enemies":"The Guardian","floor":16.0,"turns":17.0},{"damage":0.0,"enemies":"3 Byrds","floor":18.0,"turns":7.0},{"damage":6.0,"enemies":"2 Thieves","floor":19.0,"turns":4.0},{"damage":1.0,"enemies":"Centurion and Healer","floor":20.0,"turns":9.0},{"damage":18.0,"enemies":"Snecko","floor":22.0,"turns":9.0},{"damage":1.0,"enemies":"Gremlin Leader","floor":25.0,"turns":8.0},{"damage":10.0,"enemies":"Shelled Parasite and Fungi","floor":28.0,"turns":6.0},{"damage":5.0,"enemies":"Snake Plant","floor":31.0,"turns":2.0},{"damage":30.0,"enemies":"Champ","floor":33.0,"turns":16.0},{"damage":6.0,"enemies":"3 Shapes","floor":35.0,"turns":4.0},{"damage":0.0,"enemies":"Orb Walker","floor":36.0,"turns":2.0},{"damage":12.0,"enemies":"Spire Growth","floor":39.0,"turns":5.0},{"damage":11.0,"enemies":"Nemesis","floor":41.0,"turns":9.0},{"damage":0.0,"enemies":"Writhing Mass","floor":42.0,"turns":8.0},{"damage":12.0,"enemies":"4 Shapes","floor":44.0,"turns":7.0},{"damage":0.0,"enemies":"Sphere and 2 Shapes","floor":48.0,"turns":3.0},{"damage":38,"enemies":"Awakened One","floor":50,"turns":17}],"seed_played":"7980037874029661073","potions_obtained":[{"floor":1.0,"key":"LiquidBronze"},{"floor":8.0,"key":"Swift Potion"},{"floor":13.0,"key":"SkillPotion"},{"floor":16.0,"key":"Dexterity Potion"},{"floor":20.0,"key":"Fire Potion"},{"floor":25.0,"key":"Dexterity Potion"},{"floor":31.0,"key":"Regen Potion"},{"floor":35.0,"key":"Strength Potion"},{"floor":41.0,"key":"FearPotion"},{"floor":42.0,"key":"Ancient Potion"}],"is_trial":false,"path_per_floor":["M","M","?","M","M","R","M","M","T","M","M","$","?","$","R","B",null,"M","M","M","?","M","R","?","E","T","$","M","T","?","M","R","B",null,"M","M","?","$","M","R","E","M","T","M","?","?","T","M","R","B",null],"character_chosen":"THE_SILENT","items_purchased":["Infinite Blades","Masterful Stab","Malaise","Well Laid Plans","Bronze Scales","Poison Potion","LiquidBronze","Footwork"],"campfire_rested":0,"item_purchase_floors":[12,12,14,27,27,27,38,38],"current_hp_per_floor":[70,70,70,70,58,58,51,48,48,48,45,45,45,45,45,8,70,70,64,63,63,45,45,45,44,44,44,34,34,34,34,34,24,70,69,70,66,66,59,59,53,58,63,56,56,56,56,56,56,18],"gold":14,"neow_bonus":"UPGRADE_CARD","is_prod":false,"is_daily":false,"chose_seed":false,"campfire_upgraded":5,"win_rate":0.0,"timestamp":1551331377,"path_taken":["M","M","?","M","M","R","M","M","T","M","M","$","?","$","R","BOSS","M","M","M","?","?","R","?","E","T","$","M","?","?","?","R","BOSS","M","M","?","$","M","R","E","M","T","M","?","?","?","M","R","BOSS"],"build_version":"2019-01-23","purchased_purges":1,"victory":true,"max_hp_per_floor":[70,70,70,70,70,70,70,70,70,70,70,70,70,70,70,70,70,70,70,70,70,70,70,70,70,70,70,70,70,70,70,70,70,70,70,70,66,66,66,66,66,66,66,66,66,66,76,76,76,76],"card_choices":[{"not_picked":["Bouncing Flask","Sucker Punch"],"picked":"Dodge and Roll","floor":1.0},{"not_picked":["Deflect","Sucker Punch"],"picked":"Backflip","floor":2.0},{"not_picked":["Expertise","Bane"],"picked":"Dagger Throw","floor":4.0},{"not_picked":["Slice","Dodge and Roll"],"picked":"Tools of the Trade","floor":5.0},{"not_picked":["Bane","Dagger Throw"],"picked":"PiercingWail","floor":7.0},{"not_picked":["Deadly Poison","Choke","Predator"],"picked":"SKIP","floor":8.0},{"not_picked":["Outmaneuver","Acrobatics"],"picked":"PiercingWail","floor":10.0},{"not_picked":["PiercingWail","Prepared"],"picked":"Dagger Throw","floor":11.0},{"not_picked":["Tools of the Trade","Unload"],"picked":"Malaise","floor":16.0},{"not_picked":["Sucker Punch","Quick Slash"],"picked":"Blade Dance","floor":18.0},{"not_picked":["Underhanded Strike+1","Riddle With Holes+1","Quick Slash"],"picked":"SKIP","floor":19.0},{"not_picked":["Outmaneuver","Poisoned Stab"],"picked":"Catalyst+1","floor":20.0},{"not_picked":["Flying Knee","Calculated Gamble"],"picked":"Leg Sweep+1","floor":22.0},{"not_picked":["Dagger Throw","Unload"],"picked":"Poisoned Stab","floor":25.0},{"not_picked":["Deadly Poison+1","Catalyst+1"],"picked":"Blur+1","floor":28.0},{"not_picked":["Dodge and Roll","Infinite Blades"],"picked":"Finisher","floor":31.0},{"not_picked":["Envenom","Doppelganger"],"picked":"Adrenaline","floor":33.0},{"not_picked":["Deflect","Predator"],"picked":"Noxious Fumes","floor":35.0},{"not_picked":["Deadly Poison+1","Underhanded Strike+1"],"picked":"Blade Dance","floor":36.0},{"not_picked":["Blade Dance","Acrobatics"],"picked":"Dodge and Roll+1","floor":39.0},{"not_picked":["Endless Agony","Blur"],"picked":"Footwork","floor":41.0},{"not_picked":["Acrobatics","Prepared+1"],"picked":"Backstab+1","floor":42.0},{"not_picked":["Outmaneuver","Glass Knife"],"picked":"Finisher+1","floor":44.0},{"not_picked":["Flying Knee+1","Quick Slash+1","Dagger Throw+1"],"picked":"SKIP","floor":48.0}],"player_experience":14872,"relics_obtained":[{"floor":9.0,"key":"Kunai"},{"floor":25.0,"key":"Lantern"},{"floor":26.0,"key":"Ginger"},{"floor":29.0,"key":"PreservedInsect"},{"floor":41.0,"key":"Letter Opener"},{"floor":43.0,"key":"Frozen Egg 2"},{"floor":47.0,"key":"Pear"}],"event_choices":[{"damage_healed":0.0,"max_hp_gain":0.0,"max_hp_loss":0.0,"gold_gain":0.0,"event_name":"Golden Idol","player_choice":"Take Wound","floor":3.0,"gold_loss":0.0,"damage_taken":0.0,"relics_obtained":["Golden Idol"],"cards_obtained":["Injury"]},{"damage_healed":0.0,"max_hp_gain":0.0,"max_hp_loss":0.0,"gold_gain":0.0,"event_name":"Lab","player_choice":"Got Potions","floor":13.0,"gold_loss":0.0,"damage_taken":0.0},{"damage_healed":0.0,"max_hp_gain":0.0,"max_hp_loss":0.0,"gold_gain":100.0,"event_name":"The Joust","player_choice":"Bet on Murderer","floor":21.0,"gold_loss":50.0,"damage_taken":0.0},{"damage_healed":0.0,"max_hp_gain":0.0,"max_hp_loss":0.0,"gold_gain":0.0,"event_name":"The Library","player_choice":"Read","floor":24.0,"gold_loss":0.0,"damage_taken":0.0,"cards_obtained":["Masterful Stab"]},{"damage_healed":0.0,"max_hp_gain":0.0,"max_hp_loss":0.0,"gold_gain":0.0,"event_name":"Forgotten Altar","player_choice":"Gave Idol","floor":30.0,"relics_lost":["Golden Idol"],"gold_loss":0.0,"damage_taken":0.0,"relics_obtained":["Bloody Idol"]},{"damage_healed":0.0,"max_hp_gain":0.0,"max_hp_loss":4.0,"gold_gain":0.0,"event_name":"Winding Halls","player_choice":"Max HP","floor":37.0,"gold_loss":0.0,"damage_taken":0.0},{"damage_healed":0.0,"max_hp_gain":0.0,"max_hp_loss":0.0,"gold_gain":0.0,"event_name":"Tomb of Lord Red Mask","player_choice":"Paid","floor":45.0,"gold_loss":163.0,"damage_taken":0.0,"relics_obtained":["Red Mask"]},{"damage_healed":0.0,"max_hp_gain":0.0,"max_hp_loss":0.0,"gold_gain":0.0,"event_name":"MindBloom","player_choice":"Upgrade","floor":46.0,"gold_loss":0.0,"damage_taken":0.0,"cards_upgraded":["Defend_G","Defend_G","Defend_G","Defend_G","Defend_G","Strike_G","Strike_G","Strike_G","Strike_G","Strike_G","Survivor","Dodge and Roll","Backflip","Tools of the Trade","PiercingWail","PiercingWail","Dagger Throw","Masterful Stab","Malaise","Malaise","Masterful Stab","Poisoned Stab","Well Laid Plans","Adrenaline","Noxious Fumes","Blade Dance","Footwork"],"relics_obtained":["Mark of the Bloom"]}],"is_beta":false,"boss_relics":[{"not_picked":["Tiny House","Astrolabe"],"picked":"Coffee Dripper"},{"not_picked":["Busted Crown","HoveringKite"],"picked":"WristBlade"}],"items_purged_floors":[38],"is_endless":false,"potions_floor_spawned":[1,8,16,20,25,31,35,41,42],"ascension_level":0}