{"gold_per_floor":[119,119,130,130,144,172,186,186,260,278,307,307,339,88,88,188,188,205,55,55,65,79,79,106,106,175,175,175,203,303,81,81,177,177,187,187,200,160,180,180,206,206,206,206,231,250,281,15,15,15,15,15,15,46,46],"floor_reached":56,"playtime":4881,"items_purged":[],"score":1670,"play_id":"74f74ed2-97f5-497f-b44b-775e5494977b","local_time":"20190226024315","is_ascension_mode":true,"campfire_choices":[{"floor":8.0,"key":"REST"},{"floor":12.0,"key":"REST"},{"floor":15.0,"key":"REST"},{"floor":23.0,"key":"REST"},{"floor":25.0,"key":"REST"},{"floor":27.0,"key":"RECALL"},{"floor":32,"key":"REST"},{"floor":40,"key":"REST"},{"floor":42,"key":"REST"},{"floor":44,"key":"REST"},{"floor":49,"key":"REST"},{"floor":52,"key":"REST"}],"neow_cost":"NONE","seed_source_timestamp":3153681793241086,"circlet_count":0,"master_deck":["Strike_B","Strike_B","Strike_B","Defend_B+1","Defend_B","Defend_B","Zap+1","Dualcast","Glacier","Machine Learning","Streamline","Hologram+1","Loop+1","Blind+1","Leap+1","Self Repair","Seek+1","Glacier+1","Echo Form","Double Energy+1","Hologram+1","Conserve Battery+1","Rainbow+1","Parasite","Conserve Battery+1","Double Energy+1","Force Field+1","Loop","Reinforced Body+1"],"special_seed":0,"relics":["Fusion Hammer","Dead Branch","Toxic Egg 2","Oddly Smooth Stone","Vajra","Empty Cage","Pear","Ornamental Fan","Dream Catcher","Calipers","Cables","Potion Belt","Inserter","Bag of Marbles","Gremlin Horn","Symbiotic Virus","TheAbacus","Strawberry"],"potions_floor_usage":[41,50,50,54,55,55],"damage_taken":[{"damage":0.0,"enemies":"Cultist","floor":1.0,"turns":3.0},{"damage":5.0,"enemies":"2 Louse","floor":3.0,"turns":4.0},{"damage":7.0,"enemies":"Jaw Worm","floor":5.0,"turns":3.0},{"damage":24.0,"enemies":"Lagavulin","floor":6.0,"turns":11.0},{"damage":5.0,"enemies":"Large Slime","floor":7.0,"turns":6.0},{"damage":2.0,"enemies":"Blue Slaver","floor":10.0,"turns":4.0},{"damage":1.0,"enemies":"3 Sentries","floor":11.0,"turns":9.0},{"damage":24.0,"enemies":"Gremlin Nob","floor":13.0,"turns":5.0},{"damage":6.0,"enemies":"Hexaghost","floor":16.0,"turns":14.0},{"damage":8.0,"enemies":"Spheric Guardian","floor":18.0,"turns":6.0},{"damage":0.0,"enemies":"Chosen","floor":20.0,"turns":1.0},{"damage":8.0,"enemies":"Shelled Parasite and Fungi","floor":21.0,"turns":8.0},{"damage":34.0,"enemies":"3 Cultists","floor":22.0,"turns":7.0},{"damage":29.0,"enemies":"Gremlin Leader","floor":24.0,"turns":7.0},{"damage":8.0,"enemies":"Book of Stabbing","floor":29.0,"turns":8.0},{"damage":4,"enemies":"Colosseum Slavers","floor":30,"turns":7},{"damage":9,"enemies":"Colosseum Nobs","floor":30,"turns":7},{"damage":0,"enemies":"Champ","floor":33,"turns":18},{"damage":23,"enemies":"Orb Walker","floor":35,"turns":5},{"damage":0,"enemies":"3 Shapes","floor":37,"turns":6},{"damage":2,"enemies":"Writhing Mass","floor":39,"turns":6},{"damage":25,"enemies":"Reptomancer","floor":41,"turns":11},{"damage":9,"enemies":"Giant Head","floor":45,"turns":15},{"damage":0,"enemies":"Sphere and 2 Shapes","floor":46,"turns":10},{"damage":0,"enemies":"Nemesis","floor":47,"turns":11},{"damage":0,"enemies":"Time Eater","floor":50,"turns":19},{"damage":35,"enemies":"Shield and Spear","floor":54,"turns":15},{"damage":28,"enemies":"The Heart","floor":55,"turns":14}],"seed_played":"353472678712147371","potions_obtained":[{"floor":6.0,"key":"Block Potion"},{"floor":7.0,"key":"Dexterity Potion"},{"floor":10.0,"key":"Poison Potion"},{"floor":11.0,"key":"Dexterity Potion"},{"floor":16.0,"key":"SmokeBomb"},{"floor":21.0,"key":"SteroidPotion"},{"floor":22.0,"key":"Weak Potion"},{"floor":35,"key":"Swift Potion"},{"floor":46,"key":"Regen Potion"}],"is_trial":false,"path_per_floor":["M","?","M","?","M","E","M","R","T","M","E","R","E","$","R","B",null,"M","$","M","M","M","R","E","R","T","R","?","E","?","$","R","B",null,"M","?","M","?","M","R","E","R","T","R","E","M","E","$","R","B",null,"R","$","E","B",null],"character_chosen":"DEFECT","items_purchased":["Blind+1","Leap+1","Self Repair","Dexterity Potion","Echo Form","Conserve Battery+1","Potion Belt","Dexterity Potion","TheAbacus","Loop"],"campfire_rested":11,"item_purchase_floors":[14,14,14,14,19,31,31,31,48,48],"current_hp_per_floor":[75,75,70,63,56,32,27,49,49,47,46,68,44,44,66,67,73,72,72,72,75,55,75,63,85,85,85,85,84,83,83,85,85,85,69,69,83,83,85,85,67,85,85,85,83,85,85,85,85,85,85,85,85,79,58],"gold":46,"neow_bonus":"BOSS_RELIC","is_prod":false,"is_daily":false,"chose_seed":false,"campfire_upgraded":0,"win_rate":0,"timestamp":1551170595,"path_taken":["M","?","M","?","?","E","?","R","T","M","E","R","E","?","R","BOSS","M","$","M","M","M","R","E","R","T","R","?","E","?","$","R","BOSS","M","?","M","?","M","R","E","R","T","R","E","M","E","$","R","BOSS","R","$","E","BOSS"],"build_version":"2019-01-23","purchased_purges":0,"victory":true,"max_hp_per_floor":[75,75,75,75,75,75,75,75,75,75,75,75,75,75,75,75,75,75,75,75,75,75,75,85,85,85,85,85,85,85,85,85,85,85,85,85,85,85,85,85,85,85,85,85,85,85,85,85,85,85,85,85,85,92,92],"card_choices":[{"not_picked":["Coolheaded","Barrage"],"picked":"Glacier","floor":1.0},{"not_picked":["Heatsinks","Beam Cell","Static Discharge"],"picked":"SKIP","floor":3.0},{"not_picked":["Cold Snap","Aggregate","Recycle"],"picked":"SKIP","floor":5.0},{"not_picked":["Gash","Undo"],"picked":"Machine Learning","floor":6.0},{"not_picked":["Reprogram","Heatsinks","Barrage"],"picked":"SKIP","floor":7.0},{"not_picked":["Gash","Barrage"],"picked":"Streamline","floor":10.0},{"not_picked":["Self Repair","Redo+1"],"picked":"Hologram+1","floor":11.0},{"not_picked":["Reboot+1","Doom and Gloom"],"picked":"Loop","floor":13.0},{"not_picked":["All For One","Hyperbeam"],"picked":"Seek+1","floor":16.0},{"not_picked":["Turbo+1","Lockon"],"picked":"Glacier+1","floor":18.0},{"not_picked":["Rebound+1","Turbo+1","Sweeping Beam"],"picked":"SKIP","floor":21.0},{"not_picked":["Steam+1","Hello World"],"picked":"Double Energy+1","floor":22.0},{"not_picked":["Undo+1","Streamline"],"picked":"Hologram+1","floor":24.0},{"not_picked":["Force Field+1","Turbo+1","Ball Lightning"],"picked":"SKIP","floor":29.0},{"not_picked":["Self Repair","Steam+1"],"picked":"Melter","floor":32},{"not_picked":["Seek+1","Fission+1"],"picked":"Rainbow+1","floor":33},{"not_picked":["Sweeping Beam+1","Redo+1","Coolheaded+1"],"picked":"SKIP","floor":35},{"not_picked":["Steam+1","Leap+1","Scrape+1"],"picked":"SKIP","floor":37},{"not_picked":["Hologram+1","Leap+1","Barrage"],"picked":"SKIP","floor":39},{"not_picked":["Double Energy+1","Fusion+1"],"picked":"Conserve Battery+1","floor":40},{"not_picked":["Chill+1","Streamline","Skim+1"],"picked":"SKIP","floor":41},{"not_picked":["Rainbow+1","Hyperbeam","Streamline"],"picked":"SKIP","floor":45},{"not_picked":["Sweeping Beam+1","Rebound+1"],"picked":"Double Energy+1","floor":46},{"not_picked":["Steam+1","Cold Snap+1"],"picked":"Force Field+1","floor":47},{"not_picked":["Steam+1","Compile Driver"],"picked":"Reinforced Body+1","floor":49},{"not_picked":["Turbo+1","Redo+1","Rebound+1"],"picked":"SKIP","floor":54}],"player_experience":598016,"relics_obtained":[{"floor":6.0,"key":"Dead Branch"},{"floor":9.0,"key":"Toxic Egg 2"},{"floor":11.0,"key":"Oddly Smooth Stone"},{"floor":13.0,"key":"Vajra"},{"floor":24.0,"key":"Pear"},{"floor":26.0,"key":"Ornamental Fan"},{"floor":29.0,"key":"Dream Catcher"},{"floor":30,"key":"Calipers"},{"floor":30,"key":"Cables"},{"floor":41,"key":"Bag of Marbles"},{"floor":45,"key":"Gremlin Horn"},{"floor":47,"key":"Symbiotic Virus"},{"floor":54,"key":"Strawberry"}],"event_choices":[{"damage_healed":0.0,"max_hp_gain":0.0,"max_hp_loss":0.0,"gold_gain":0.0,"event_name":"Living Wall","player_choice":"Grow","floor":2.0,"gold_loss":0.0,"damage_taken":0.0,"cards_upgraded":["Zap"]},{"damage_healed":0.0,"max_hp_gain":0.0,"max_hp_loss":0.0,"gold_gain":0.0,"event_name":"Wheel of Change","player_choice":"Damaged","floor":4.0,"gold_loss":0.0,"damage_taken":7.0},{"damage_healed":0.0,"max_hp_gain":0.0,"max_hp_loss":0.0,"gold_gain":0.0,"event_name":"Beggar","player_choice":"Ignored","floor":28.0,"gold_loss":0.0,"damage_taken":0.0},{"damage_healed":0,"gold_gain":0,"player_choice":"Fight","damage_taken":0,"max_hp_gain":0,"max_hp_loss":0,"event_name":"Colosseum","floor":30,"gold_loss":0},{"damage_healed":0,"gold_gain":0,"player_choice":"Fought Nobs","damage_taken":0,"max_hp_gain":0,"max_hp_loss":0,"event_name":"Colosseum","floor":30,"gold_loss":0},{"cards_removed":["Melter"],"damage_healed":0,"gold_gain":0,"player_choice":"Removed Attack","damage_taken":0,"max_hp_gain":0,"max_hp_loss":0,"event_name":"Falling","floor":36,"gold_loss":0},{"damage_healed":0,"gold_gain":0,"player_choice":"Upgraded Two","damage_taken":0,"max_hp_gain":0,"max_hp_loss":0,"event_name":"Designer","floor":38,"gold_loss":40,"cards_upgraded":["Defend_B","Loop"]}],"is_beta":false,"boss_relics":[{"not_picked":["Lizard Tail","Runic Pyramid"],"picked":"Empty Cage"},{"not_picked":["Orrery","Nuclear Battery"],"picked":"Inserter"}],"items_purged_floors":[],"is_endless":false,"potions_floor_spawned":[6,7,10,11,16,18,21,22,30,30,35,46],"ascension_level":5}