{"path_per_floor":["M","M","$","M","?","E","R","M","T","?","M","R","E","?","R","B",null,"M","$","?","T","M","R","M","M","T","?","?","?"],"character_chosen":"IRONCLAD","items_purchased":["Regen Potion","Sundial"],"gold_per_floor":[110,127,0,19,19,52,52,71,152,152,165,165,190,190,190,288,288,304,9,9,34,54,54,70,87,134,134,134,134],"floor_reached":30,"campfire_rested":0,"playtime":3286,"current_hp_per_floor":[66,60,60,75,75,58,58,59,59,52,38,38,41,46,46,16,53,49,49,49,49,52,52,49,38,38,38,23,23],"items_purged":["Parasite"],"gold":134,"play_id":"90077cb4-e335-48b7-a765-331759eaf7d7","is_prod":false,"is_daily":false,"is_ascension_mode":true,"campfire_upgraded":4,"path_taken":["M","M","$","M","?","E","R","M","T","?","M","R","E","?","R","BOSS","M","$","?","?","?","R","M","M","T","?","?","?","E"],"build_version":"2018-02-01-PROD3","purchased_purges":1,"victory":false,"master_deck":["Strike_R+1","Strike_R+1","Strike_R+1","Strike_R+1","Defend_R+1","Defend_R+1","Defend_R+1","Defend_R+1","Bash+1","Havoc+1","Warcry","Flame Barrier","Feel No Pain+1","Good Instincts","Rampage+1","Clothesline+1","Armaments+1","Metallicize","Shrug It Off+1","Brutality","Headbutt","True Grit+1","Rupture","Entrench+1","Rupture"],"max_hp_per_floor":[80,80,77,77,77,77,77,77,77,77,77,77,77,82,82,82,65,65,65,65,65,65,65,65,65,65,65,70,70],"relics":["Burning Blood","Prayer Wheel","Toxic Egg 2","Gremlin Horn","Runic Cube","Sundial","Lantern","Bag of Marbles"],"card_choices":[{"not_picked":["Sever Soul","Sword Boomerang"],"picked":"Havoc"},{"not_picked":["Heavy Blade","Sword Boomerang"],"picked":"Warcry"},{"not_picked":["Bloodletting","Flex"],"picked":"Flame Barrier"},{"not_picked":["Feed","Pommel Strike"],"picked":"Rampage"},{"not_picked":["Combust","Armaments"],"picked":"Clothesline"},{"not_picked":["Sword Boomerang","Searing Blow"],"picked":"Armaments"},{"not_picked":["Havoc","Fire Breathing"],"picked":"Metallicize"},{"not_picked":["Flex","Whirlwind"],"picked":"Shrug It Off"},{"not_picked":["Berserk","Juggernaut"],"picked":"Brutality"},{"not_picked":["Body Slam","Sword Boomerang"],"picked":"Headbutt"},{"not_picked":["Shockwave","Clash"],"picked":"True Grit"},{"not_picked":["Carnage","Shrug It Off"],"picked":"Rupture"},{"not_picked":["Heavy Blade","Inflame"],"picked":"Entrench"},{"not_picked":["Twin Strike","Spot Weakness"],"picked":"Rupture"}],"player_experience":600985,"potions_floor_usage":[4,8,16,16,22,24,25,25,30,30],"damage_taken":[{"damage":12,"enemies":"Small Slimes","floor":1,"turns":5},{"damage":12,"enemies":"Blue Slaver","floor":2,"turns":5},{"damage":6,"enemies":"Jaw Worm","floor":4,"turns":6},{"damage":23,"enemies":"3 Sentries","floor":6,"turns":12},{"damage":5,"enemies":"3 Louse","floor":8,"turns":5},{"damage":20,"enemies":"Exordium Thugs","floor":11,"turns":4},{"damage":3,"enemies":"Lagavulin","floor":13,"turns":9},{"damage":36,"enemies":"Hexaghost","floor":16,"turns":12},{"damage":10,"enemies":"3 Byrds","floor":18,"turns":7},{"damage":3,"enemies":"Chosen","floor":22,"turns":5},{"damage":9,"enemies":"Snecko","floor":24,"turns":7},{"damage":17,"enemies":"3 Cultists","floor":25,"turns":5},{"damage":24,"enemies":"Slavers","floor":30,"turns":5}],"event_choices":[{"event_name":"Match and Keep!","player_choice":"2 cards matched","floor":5,"damage_taken":0},{"event_name":"Golden Wing","player_choice":"Card Removal","floor":10,"damage_taken":0},{"event_name":"Big Fish","player_choice":"Donut","floor":14,"damage_taken":0},{"event_name":"The Lab","player_choice":"Got Potions","floor":20,"damage_taken":0},{"event_name":"Back to Basics","player_choice":"Simplicity","floor":27,"damage_taken":0},{"event_name":"Forgotten Altar","player_choice":"Shed Blood","floor":28,"damage_taken":0},{"event_name":"Cursed Tome","player_choice":"Ignored","floor":29,"damage_taken":0}],"boss_relics":[{"not_picked":["Lizard Tail","Orrery"],"picked":"Runic Cube"}],"potions_floor_spawned":[2,6,11,22,24,25],"seed_played":"-1803345778170088229","killed_by":"Slavers","ascension_level":10,"is_trial":false}