{"path_per_floor":["M","?","?","M","$","R","M","R","T","M","M","E","R","$","R","B",null,"M","?","M","M","M","R","M","R","T","?","?","R","?","M","R","B",null,"M","?","M","M","?"],"character_chosen":"IRONCLAD","items_purchased":["Warcry","Finesse","Feel No Pain"],"gold_per_floor":[119,119,119,130,17,17,28,28,55,74,85,119,119,44,44,149,149,165,165,175,189,205,205,222,222,249,249,249,249,249,264,264,359,359,371,371,386,406,406],"floor_reached":40,"campfire_rested":4,"playtime":3771,"current_hp_per_floor":[80,55,39,34,34,34,36,60,60,54,57,63,63,63,63,51,80,80,65,53,44,22,47,29,54,54,54,38,38,38,36,61,58,85,76,76,70,73,73],"items_purged":[],"gold":406,"play_id":"29d8da8f-3536-4dba-a479-03d9ec23b450","is_prod":false,"is_daily":false,"campfire_rituals":0,"campfire_upgraded":4,"is_hardmode":false,"path_taken":["M","?","?","M","$","R","?","R","T","M","M","E","R","?","R","BOSS","M","?","M","M","?","R","M","R","T","?","?","R","?","M","R","BOSS","M","?","M","?","?","E"],"build_version":"2018-01-11-PROD2","purchased_purges":0,"victory":false,"master_deck":["Strike_R","Strike_R","Strike_R","Defend_R","Defend_R","Defend_R","Bash","Sever Soul","Shrug It Off","Warcry","Finesse","Shockwave","Flex","Heavy Blade","Demon Form","Feel No Pain","Impervious","Hemokinesis","Corruption","Hemokinesis","Whirlwind","Seeing Red","Warcry","Warcry","Necronomicurse","Flame Barrier","Limit Break","Flex","Iron Wave","Headbutt"],"max_hp_per_floor":[80,80,80,80,80,80,80,80,80,80,80,80,80,80,80,80,80,80,85,85,85,85,85,85,85,85,85,85,85,85,85,85,85,85,85,85,85,85,85],"relics":["Burning Blood","Charon\u0027s Ashes","Ice Cream","Bag of Preparation","Ginger","Astrolabe","Blood Vial","Necronomicon","Mark of Pain"],"campfire_meditates":0,"card_choices":[{"not_picked":["Demon Form","Combust"],"picked":"Sever Soul"},{"not_picked":["Pommel Strike","Dropkick"],"picked":"Shrug It Off"},{"not_picked":["True Grit","Anger"],"picked":"Shockwave"},{"not_picked":["Burning Pact","Iron Wave"],"picked":"Flex"},{"not_picked":["Reckless Charge","Infernal Blade"],"picked":"Heavy Blade"},{"not_picked":["Twin Strike","Spot Weakness"],"picked":"Demon Form"},{"not_picked":["Bludgeon","Brutality"],"picked":"Impervious"},{"not_picked":["True Grit","Metallicize"],"picked":"Hemokinesis"},{"not_picked":["Hemokinesis","Shrug It Off"],"picked":"Whirlwind"},{"not_picked":["Dual Wield","Armaments"],"picked":"Seeing Red"},{"not_picked":["Reckless Charge","Hemokinesis"],"picked":"Warcry"},{"not_picked":["Perfected Strike","Twin Strike"],"picked":"Warcry"},{"not_picked":["Rage","Bloodletting"],"picked":"Flame Barrier"},{"not_picked":["Impervious","Demon Form"],"picked":"Limit Break"},{"not_picked":["Heavy Blade","Anger"],"picked":"Flex"},{"not_picked":["Corruption","Hemokinesis"],"picked":"Iron Wave"},{"not_picked":["Sword Boomerang","Demon Form"],"picked":"Headbutt"}],"player_experience":4682,"potions_floor_usage":[12,16,16,21,24,38,40],"damage_taken":[{"damage":6,"enemies":"Cultist","floor":1,"turns":3},{"damage":11,"enemies":"Jaw Worm","floor":4,"turns":2},{"damage":4,"enemies":"Blue Slaver","floor":7,"turns":3},{"damage":12,"enemies":"Exordium Wildlife","floor":10,"turns":5},{"damage":3,"enemies":"Looter","floor":11,"turns":4},{"damage":0,"enemies":"Gremlin Nob","floor":12,"turns":3},{"damage":18,"enemies":"Slime Boss","floor":16,"turns":8},{"damage":1,"enemies":"3 Byrds","floor":18,"turns":3},{"damage":18,"enemies":"Spheric Guardian","floor":20,"turns":4},{"damage":21,"enemies":"Snake Plant","floor":21,"turns":4},{"damage":28,"enemies":"Slaver and Parasite","floor":22,"turns":9},{"damage":24,"enemies":"Sentry and Sphere","floor":24,"turns":7},{"damage":10,"enemies":"Centurion and Healer","floor":31,"turns":4},{"damage":11,"enemies":"Champ","floor":33,"turns":10},{"damage":15,"enemies":"3 Darklings","floor":35,"turns":5},{"damage":14,"enemies":"3 Shapes","floor":37,"turns":4},{"damage":5,"enemies":"3 Darklings","floor":38,"turns":6},{"damage":79,"enemies":"Nemesis","floor":40,"turns":9}],"event_choices":[{"event_name":"Scrap Ooze","player_choice":"success","floor":2,"damage_taken":25},{"event_name":"Shining Light","player_choice":"Entered Light","floor":3,"damage_taken":0},{"event_name":"Forgotten Altar","player_choice":"Shed Blood","floor":19,"damage_taken":0},{"event_name":"Back to Basics","player_choice":"Simplicity","floor":27,"damage_taken":0},{"event_name":"Cursed Tome","player_choice":"Obtained Book","floor":28,"damage_taken":0},{"event_name":"Fountain of Cleansing","player_choice":"Removed Curse","floor":30,"damage_taken":0},{"event_name":"The Lab","player_choice":"Got Potions","floor":36,"damage_taken":0}],"boss_relics":[{"not_picked":["Philosopher\u0027s Stone","Snecko Eye"],"picked":"Astrolabe"},{"not_picked":["Question Card","Orrery"],"picked":"Mark of Pain"}],"potions_floor_spawned":[1,10,11,18,22,37],"seed_played":"1265688342989324701","killed_by":"Nemesis","is_trial":false}