{"gold_per_floor":[117,127,52,52,52,52,63,63,63,63,75,87,100,125,125,227,227,237,137,149,74,85,85,85,100,124,124,139,154,13,13,13,113,113,113,113,32,0,0,0,15,15,38,38,58,58,77,1,1,1],"floor_reached":51,"playtime":2445,"items_purged":["Strike_R","Strike_R"],"score":696,"play_id":"c5a9e840-edd0-4dac-83ec-7eabb959417f","local_time":"20181110204832","is_ascension_mode":true,"campfire_choices":[{"data":"Armaments","floor":6.0,"key":"SMITH"},{"data":"Impervious","floor":8.0,"key":"SMITH"},{"data":"Metallicize","floor":15.0,"key":"SMITH"},{"data":"Juggernaut","floor":23.0,"key":"SMITH"},{"floor":32.0,"key":"REST"},{"data":"Body Slam","floor":40,"key":"SMITH"},{"data":"Madness","floor":44,"key":"SMITH"},{"floor":46,"key":"REST"},{"floor":49,"key":"REST"}],"neow_cost":"NONE","seed_source_timestamp":0,"circlet_count":0,"master_deck":["Defend_R","Defend_R","Defend_R","Bash","Impervious+1","Armaments+1","Body Slam+1","Metallicize+1","Body Slam","Juggernaut+1","Dual Wield+1","Impervious","Sentinel+1","Twin Strike+1","Finesse","Metallicize+1","Madness+1","Madness","Demon Form"],"special_seed":0,"relics":["Black Blood","Centennial Puzzle","Gremlin Horn","Odd Mushroom","Orichalcum","Paper Frog","Astrolabe","Red Mask","Bag of Marbles"],"potions_floor_usage":[35,50],"damage_taken":[{"damage":15.0,"enemies":"Small Slimes","floor":1.0,"turns":3.0},{"damage":2.0,"enemies":"2 Louse","floor":2.0,"turns":4.0},{"damage":1.0,"enemies":"Cultist","floor":7.0,"turns":4.0},{"damage":1.0,"enemies":"2 Fungi Beasts","floor":11.0,"turns":5.0},{"damage":21.0,"enemies":"Exordium Thugs","floor":12.0,"turns":5.0},{"damage":0.0,"enemies":"Looter","floor":13.0,"turns":2.0},{"damage":14.0,"enemies":"The Mushroom Lair","floor":14.0,"turns":3.0},{"damage":34.0,"enemies":"Hexaghost","floor":16.0,"turns":12.0},{"damage":17.0,"enemies":"2 Thieves","floor":18.0,"turns":4.0},{"damage":0.0,"enemies":"Chosen","floor":20.0,"turns":4.0},{"damage":29.0,"enemies":"Centurion and Healer","floor":22.0,"turns":6.0},{"damage":10.0,"enemies":"Cultist and Chosen","floor":25.0,"turns":6.0},{"damage":44.0,"enemies":"3 Cultists","floor":28.0,"turns":6.0},{"damage":11.0,"enemies":"Snake Plant","floor":29.0,"turns":2.0},{"damage":42.0,"enemies":"Champ","floor":33.0,"turns":21.0},{"damage":0,"enemies":"3 Darklings","floor":35,"turns":1},{"damage":16,"enemies":"Orb Walker","floor":41,"turns":3},{"damage":39,"enemies":"Jaw Worm Horde","floor":45,"turns":5},{"damage":12,"enemies":"Spire Growth","floor":47,"turns":5},{"damage":77,"enemies":"Time Eater","floor":50,"turns":12}],"seed_played":"-6876997807134900961","potions_obtained":[{"floor":1.0,"key":"FearPotion"},{"floor":13.0,"key":"Poison Potion"},{"floor":14.0,"key":"SpeedPotion"},{"floor":16.0,"key":"LiquidBronze"},{"floor":25.0,"key":"EntropicBrew"},{"floor":28.0,"key":"SpeedPotion"},{"floor":29.0,"key":"SmokeBomb"}],"is_trial":false,"path_per_floor":["M","M","$","?","?","R","M","R","T","$","M","M","M","?","R","B",null,"M","$","M","?","M","R","?","M","T","?","M","M","$","T","R","B",null,"M","?","$","?","?","R","M","?","T","R","M","R","M","$","R","B",null],"character_chosen":"IRONCLAD","items_purchased":["Impervious","Finesse","Demon Form"],"campfire_rested":3,"item_purchase_floors":[30,37,48],"current_hp_per_floor":[71,75,75,68,68,68,73,73,73,73,78,63,69,61,61,33,80,73,73,80,80,61,61,61,61,61,61,39,38,38,38,62,30,80,80,80,80,80,80,80,74,64,64,64,35,59,57,57,80,13],"gold":1,"neow_bonus":"ONE_RANDOM_RARE_CARD","is_prod":false,"is_daily":false,"chose_seed":false,"campfire_upgraded":6,"win_rate":0,"timestamp":1541900912,"path_taken":["M","M","$","?","?","R","?","R","T","$","M","M","M","?","R","BOSS","M","$","M","?","M","R","?","M","T","?","M","?","$","?","R","BOSS","M","?","$","?","?","R","M","?","T","R","M","R","M","$","R","BOSS"],"build_version":"2018-11-08","purchased_purges":2,"victory":true,"max_hp_per_floor":[80,80,80,80,80,80,80,80,80,80,80,80,80,80,80,80,80,80,80,80,80,80,80,80,80,80,80,80,80,80,80,80,80,80,80,80,80,80,80,80,80,80,80,80,80,80,80,80,80,80],"card_choices":[{"not_picked":["Pummel","Sword Boomerang","Perfected Strike"],"picked":"SKIP","floor":1.0},{"not_picked":["Whirlwind","Evolve"],"picked":"Armaments","floor":2.0},{"not_picked":["Perfected Strike","Cleave","Inflame"],"picked":"SKIP","floor":7.0},{"not_picked":["True Grit","Headbutt"],"picked":"Body Slam","floor":11.0},{"not_picked":["Sword Boomerang","Feed"],"picked":"Metallicize","floor":12.0},{"not_picked":["Rampage","Clash"],"picked":"Body Slam","floor":13.0},{"not_picked":["Brutality","Feed"],"picked":"Juggernaut","floor":16.0},{"not_picked":["Headbutt","Uppercut","Searing Blow+1"],"picked":"SKIP","floor":18.0},{"not_picked":["Perfected Strike+1","Uppercut"],"picked":"Dual Wield+1","floor":20.0},{"not_picked":["Headbutt","Combust","Clothesline+1"],"picked":"SKIP","floor":22.0},{"not_picked":["Pommel Strike","Sentinel","Flex"],"picked":"SKIP","floor":25.0},{"not_picked":["Second Wind+1","Hemokinesis","Infernal Blade"],"picked":"SKIP","floor":28.0},{"not_picked":["Thunderclap","Cleave","Armaments"],"picked":"SKIP","floor":29.0},{"not_picked":["Reckless Charge+1","Cleave"],"picked":"Metallicize+1","floor":41},{"not_picked":["Hemokinesis","Headbutt+1","Carnage+1"],"picked":"SKIP","floor":45},{"not_picked":["Shockwave","Sever Soul+1","Twin Strike"],"picked":"SKIP","floor":47}],"player_experience":784233,"relics_obtained":[{"floor":9.0,"key":"Gremlin Horn"},{"floor":14.0,"key":"Odd Mushroom"},{"floor":26.0,"key":"Orichalcum"},{"floor":31.0,"key":"Paper Frog"},{"floor":43,"key":"Bag of Marbles"}],"event_choices":[{"damage_healed":0.0,"max_hp_gain":0.0,"max_hp_loss":0.0,"gold_gain":0.0,"event_name":"Scrap Ooze","player_choice":"Success","floor":4.0,"gold_loss":0.0,"damage_taken":7.0,"relics_obtained":["Centennial Puzzle"]},{"damage_healed":0.0,"max_hp_gain":0.0,"max_hp_loss":0.0,"gold_gain":0.0,"event_name":"The Woman in Blue","player_choice":"Bought 0 Potions","floor":5.0,"gold_loss":0.0,"damage_taken":0.0},{"damage_healed":0.0,"max_hp_gain":0.0,"max_hp_loss":0.0,"gold_gain":0.0,"event_name":"Mushrooms","player_choice":"Fought Mushrooms","floor":14.0,"gold_loss":0.0,"damage_taken":0.0},{"cards_removed":["Strike_R"],"damage_healed":0.0,"max_hp_gain":0.0,"max_hp_loss":0.0,"gold_gain":0.0,"event_name":"Beggar","player_choice":"Gave Gold","floor":21.0,"gold_loss":75.0,"damage_taken":0.0},{"damage_healed":0.0,"max_hp_gain":0.0,"max_hp_loss":0.0,"gold_gain":0.0,"event_name":"Ghosts","player_choice":"Ignored","floor":24.0,"gold_loss":0.0,"damage_taken":0.0},{"damage_healed":0.0,"max_hp_gain":0.0,"max_hp_loss":0.0,"gold_gain":0.0,"cards_transformed":["Strike_R"],"event_name":"Transmorgrifier","player_choice":"Transformed","floor":27.0,"gold_loss":0.0,"damage_taken":0.0,"cards_obtained":["Berserk"]},{"damage_healed":0,"gold_gain":0,"player_choice":"Ignored","damage_taken":0,"max_hp_gain":0,"max_hp_loss":0,"event_name":"Mysterious Sphere","floor":36,"gold_loss":0},{"damage_healed":0,"gold_gain":0,"player_choice":"Paid","damage_taken":0,"relics_obtained":["Red Mask"],"max_hp_gain":0,"max_hp_loss":0,"event_name":"Tomb of Lord Red Mask","floor":38,"gold_loss":32},{"cards_removed":["Demon Form"],"damage_healed":0,"gold_gain":0,"player_choice":"Removed Power","damage_taken":0,"max_hp_gain":0,"max_hp_loss":0,"event_name":"Falling","floor":39,"gold_loss":0},{"damage_healed":0,"gold_gain":0,"player_choice":"Embrace Madness","damage_taken":10,"max_hp_gain":0,"max_hp_loss":0,"event_name":"Winding Halls","floor":42,"gold_loss":0,"cards_obtained":["Madness","Madness"]}],"is_beta":false,"boss_relics":[{"not_picked":["Velvet Choker","Snecko Eye"],"picked":"Black Blood"},{"not_picked":["Runic Pyramid","Fusion Hammer"],"picked":"Astrolabe"}],"items_purged_floors":[3,19],"is_endless":false,"potions_floor_spawned":[1,13,14,16,18,25,28,29,35],"ascension_level":2}