{"gold_per_floor":[115,35,35,54,54,54,54,54,54,64,84,84,12,12,12,113,113,132,57,57,70,87,104,104],"floor_reached":24,"playtime":1056,"items_purged":[],"score":186,"play_id":"e9d8d76d-3421-4b52-b9e9-e9267956db9c","local_time":"20190113004258","is_ascension_mode":false,"campfire_choices":[{"data":"Noxious Fumes","floor":6.0,"key":"SMITH"},{"data":"Catalyst","floor":8.0,"key":"SMITH"},{"floor":15.0,"key":"REST"}],"neow_cost":"NONE","seed_source_timestamp":328675315875839,"circlet_count":0,"master_deck":["Defend_G","Defend_G","Defend_G+1","Defend_G+1","Defend_G","Strike_G","Strike_G","Strike_G","Strike_G","Survivor","Neutralize","Catalyst+1","Noxious Fumes+1","Blur","Noxious Fumes","Deadly Poison","Escape Plan","Bouncing Flask","Corpse Explosion","Deadly Poison","Footwork","Dash","PiercingWail+1","Backflip"],"special_seed":0,"relics":["Ring of the Snake","War Paint","The Courier","Ice Cream","Paper Crane","Dream Catcher","WristBlade"],"potions_floor_usage":[23,24],"damage_taken":[{"damage":3.0,"enemies":"Small Slimes","floor":1.0,"turns":3.0},{"damage":0.0,"enemies":"Cultist","floor":4.0,"turns":4.0},{"damage":0.0,"enemies":"Jaw Worm","floor":10.0,"turns":5.0},{"damage":0.0,"enemies":"2 Fungi Beasts","floor":11.0,"turns":4.0},{"damage":14.0,"enemies":"The Guardian","floor":16.0,"turns":7.0},{"damage":28,"enemies":"2 Thieves","floor":18,"turns":4},{"damage":0,"enemies":"Shell Parasite","floor":21,"turns":4},{"damage":26,"enemies":"Shelled Parasite and Fungi","floor":22,"turns":6},{"damage":13,"enemies":"Snake Plant","floor":23,"turns":5},{"damage":0,"enemies":"Chosen and Byrds","floor":24,"turns":5}],"seed_played":"-1590380144157956524","potions_obtained":[{"floor":1.0,"key":"Energy Potion"},{"floor":10.0,"key":"SteroidPotion"},{"floor":16.0,"key":"SteroidPotion"},{"floor":18,"key":"LiquidBronze"}],"is_trial":false,"path_per_floor":["M","$","?","M","T","R","?","R","T","M","M","?","$","?","R","B",null,"M","$","?","M","M","M","M"],"character_chosen":"THE_SILENT","items_purchased":["Noxious Fumes","Deadly Poison","Escape Plan","Deadly Poison","Footwork"],"campfire_rested":1,"item_purchase_floors":[2,13,13,19,19],"current_hp_per_floor":[67,67,67,67,67,67,67,67,67,67,67,60,60,27,48,34,70,42,42,42,42,16,3,3],"gold":104,"neow_bonus":"RANDOM_COMMON_RELIC","is_prod":false,"is_daily":false,"chose_seed":false,"campfire_upgraded":2,"win_rate":0,"timestamp":1547358178,"path_taken":["M","$","?","?","?","R","?","R","T","M","M","?","?","?","R","BOSS","M","$","?","M","M","M","M"],"build_version":"2019-01-10","purchased_purges":0,"victory":false,"max_hp_per_floor":[70,70,70,70,70,70,70,70,70,70,70,70,70,70,70,70,70,70,70,70,70,70,70,70],"card_choices":[{"not_picked":["Endless Agony","Acrobatics"],"picked":"Catalyst","floor":1.0},{"not_picked":["Sucker Punch","Dagger Throw"],"picked":"Blur","floor":4.0},{"not_picked":["Dagger Throw","Prepared","Dagger Spray"],"picked":"SKIP","floor":10.0},{"not_picked":["Bullet Time","Backflip"],"picked":"Noxious Fumes","floor":11.0},{"not_picked":["Flechettes","Dagger Throw"],"picked":"Bouncing Flask","floor":15.0},{"not_picked":["Grand Finale","Wraith Form v2"],"picked":"Corpse Explosion","floor":16.0},{"not_picked":["Sucker Punch","Acrobatics","Skewer"],"picked":"SKIP","floor":18},{"not_picked":["Poisoned Stab","Flying Knee"],"picked":"Dash","floor":21},{"not_picked":["Poisoned Stab","Cloak And Dagger"],"picked":"PiercingWail+1","floor":22},{"not_picked":["Bane","Quick Slash+1"],"picked":"Backflip","floor":23}],"player_experience":928373,"relics_obtained":[{"floor":3.0,"key":"The Courier"},{"floor":9.0,"key":"Paper Crane"}],"event_choices":[{"damage_healed":0.0,"max_hp_gain":0.0,"max_hp_loss":0.0,"gold_gain":0.0,"event_name":"Wheel of Change","player_choice":"Relic","floor":3.0,"gold_loss":0.0,"damage_taken":0.0},{"damage_healed":0.0,"max_hp_gain":0.0,"max_hp_loss":0.0,"gold_gain":0.0,"event_name":"Dead Adventurer","player_choice":"Searched \u00271\u0027 times","floor":7.0,"gold_loss":0.0,"damage_taken":0.0,"relics_obtained":["Ice Cream"]},{"cards_removed":["Strike_G"],"damage_healed":0.0,"max_hp_gain":0.0,"max_hp_loss":0.0,"gold_gain":0.0,"event_name":"Golden Wing","player_choice":"Card Removal","floor":12.0,"gold_loss":0.0,"damage_taken":7.0},{"damage_healed":0.0,"max_hp_gain":0.0,"max_hp_loss":0.0,"gold_gain":0.0,"event_name":"Scrap Ooze","player_choice":"Success","floor":14.0,"gold_loss":0.0,"damage_taken":33.0,"relics_obtained":["Dream Catcher"]},{"damage_healed":0,"gold_gain":0,"player_choice":"Ignored","damage_taken":0,"max_hp_gain":0,"max_hp_loss":0,"event_name":"Beggar","floor":20,"gold_loss":0}],"is_beta":false,"boss_relics":[{"not_picked":["Coffee Dripper","Pandora\u0027s Box"],"picked":"WristBlade"}],"items_purged_floors":[],"is_endless":false,"potions_floor_spawned":[1,10,16,18,22],"killed_by":"Chosen and Byrds","ascension_level":0}