{"gold_per_floor":[113,133,147,147,194,194,220,220,246,246,276,291,317,337,337,409,409,423,26,26,74,94,94,126,326,376,395,405,405,438,488,488,564,564,583,600,615,638,638,638,667,667,713,713,728,742,742,760,760,760,760,760,760,50,50,50],"floor_reached":56,"playtime":7255,"items_purged":["Aggregate"],"score":2105,"play_id":"c38d8f5d-9093-40fa-a22b-2763628af8eb","local_time":"20181221150823","is_ascension_mode":true,"campfire_choices":[{"data":"Zap","floor":6,"key":"SMITH"},{"data":"Darkness","floor":8,"key":"SMITH"},{"floor":10,"key":"REST"},{"floor":15,"key":"REST"},{"data":"Sunder","floor":23,"key":"SMITH"},{"data":"Seek","floor":29,"key":"SMITH"},{"data":"Creative AI","floor":32,"key":"SMITH"},{"data":"Coolheaded","floor":40,"key":"SMITH"},{"data":"Hologram","floor":42,"key":"SMITH"},{"floor":47,"key":"RECALL"},{"floor":49,"key":"REST"},{"floor":53,"key":"REST"}],"neow_cost":"NONE","seed_source_timestamp":585682863732177,"circlet_count":0,"master_deck":["AscendersBane","Zap+1","Dualcast","White Noise","Ball Lightning","Conserve Battery","Darkness+1","Glacier","Hologram","Coolheaded+1","Seek+1","Sunder+1","Chill","Thunder Strike+1","Seek+1","Creative AI+1","Steam","Compile Driver+1","Steam","Conserve Battery+1","Electrodynamics","Conserve Battery+1","Undo+1","Hologram+1","Recycle","Conserve Battery+1","Hologram","Redo+1","Storm","Secret Technique","Hologram"],"relics":["Cracked Core","Boot","Shuriken","Juzu Bracelet","Ice Cream","Oddly Smooth Stone","Pandora\u0027s Box","Incense Burner","Art of War","Whetstone","PreservedInsect","Ginger","Nuclear Battery","Blue Candle","Bag of Preparation","Happy Flower","Blood Vial"],"potions_floor_usage":[7,11,11,24,24,55,56],"damage_taken":[{"damage":4,"enemies":"Jaw Worm","floor":1,"turns":4},{"damage":11,"enemies":"Small Slimes","floor":2,"turns":4},{"damage":0,"enemies":"2 Louse","floor":3,"turns":2},{"damage":13,"enemies":"Lagavulin","floor":7,"turns":6},{"damage":39,"enemies":"Gremlin Nob","floor":11,"turns":4},{"damage":2,"enemies":"Exordium Thugs","floor":12,"turns":5},{"damage":8,"enemies":"Lagavulin","floor":13,"turns":6},{"damage":6,"enemies":"Red Slaver","floor":14,"turns":3},{"damage":24,"enemies":"Slime Boss","floor":16,"turns":5},{"damage":3,"enemies":"2 Thieves","floor":18,"turns":5},{"damage":0,"enemies":"3 Byrds","floor":22,"turns":3},{"damage":8,"enemies":"Slavers","floor":24,"turns":6},{"damage":1,"enemies":"Snake Plant","floor":27,"turns":6},{"damage":0,"enemies":"3 Cultists","floor":28,"turns":6},{"damage":21,"enemies":"Book of Stabbing","floor":30,"turns":4},{"damage":23,"enemies":"Automaton","floor":33,"turns":9},{"damage":0,"enemies":"Orb Walker","floor":35,"turns":3},{"damage":0,"enemies":"3 Shapes","floor":36,"turns":3},{"damage":0,"enemies":"Spire Growth","floor":37,"turns":6},{"damage":21,"enemies":"Reptomancer","floor":41,"turns":6},{"damage":0,"enemies":"Maw","floor":45,"turns":7},{"damage":11,"enemies":"Writhing Mass","floor":46,"turns":5},{"damage":0,"enemies":"Transient","floor":48,"turns":6},{"damage":0,"enemies":"Donu and Deca","floor":50,"turns":9},{"damage":50,"enemies":"Awakened One","floor":51,"turns":15},{"damage":1,"enemies":"Shield and Spear","floor":55,"turns":5},{"damage":88,"enemies":"The Heart","floor":56,"turns":8}],"seed_played":"6810395706448532355","potions_obtained":[{"floor":1,"key":"SpeedPotion"},{"floor":3,"key":"PowerPotion"},{"floor":7,"key":"GamblersBrew"},{"floor":13,"key":"Block Potion"},{"floor":14,"key":"Swift Potion"},{"floor":27,"key":"GamblersBrew"},{"floor":30,"key":"Dexterity Potion"},{"floor":46,"key":"Block Potion"}],"is_trial":false,"path_per_floor":["M","M","M","?","T","R","E","R","T","R","E","M","E","M","R","B",null,"M","$","?","T","M","R","E","?","T","M","M","R","E","?","R","B",null,"M","M","M","T","?","R","E","R","T","?","M","M","R","M","R","B","B",null,"R","$","E","B"],"character_chosen":"DEFECT","items_purchased":["Incense Burner","Happy Flower","Storm","Secret Technique","SmokeBomb","Hologram","Blood Vial"],"campfire_rested":4,"item_purchase_floors":[19,54,54,54,54,54,54],"current_hp_per_floor":[67,56,56,61,61,61,48,48,48,72,33,31,23,17,41,17,67,64,64,64,64,64,64,56,56,56,55,55,55,34,34,34,11,65,65,65,65,65,65,65,44,44,44,44,44,33,33,33,57,57,7,64,83,83,82,0],"gold":50,"neow_bonus":"TEN_PERCENT_HP_BONUS","is_prod":false,"is_daily":false,"chose_seed":false,"campfire_upgraded":7,"win_rate":0,"timestamp":1545433703,"path_taken":["M","M","M","?","?","R","E","R","T","R","E","M","E","M","R","BOSS","M","$","?","?","M","R","E","?","T","M","M","R","E","?","R","BOSS","M","M","M","?","?","R","E","R","T","?","M","M","R","M","R","BOSS","BOSS","R","$","E","BOSS"],"build_version":"2018-12-20","purchased_purges":1,"victory":false,"max_hp_per_floor":[78,78,78,83,83,83,83,83,83,83,83,83,83,83,83,83,83,83,83,83,83,83,83,83,83,83,83,83,83,83,83,83,83,83,83,83,83,83,83,83,83,83,83,83,83,83,83,83,83,83,83,83,83,83,83,83],"card_choices":[{"not_picked":["Recycle","Rebound"],"picked":"White Noise","floor":1},{"not_picked":["Stack","Chaos"],"picked":"Ball Lightning","floor":2},{"not_picked":["Redo","White Noise"],"picked":"Conserve Battery","floor":3},{"not_picked":["Force Field","Beam Cell"],"picked":"Darkness","floor":7},{"not_picked":["Undo","Barrage"],"picked":"Glacier","floor":11},{"not_picked":["Coolheaded","Go for the Eyes"],"picked":"Hologram","floor":12},{"not_picked":["Consume","Beam Cell","Chaos"],"picked":"SKIP","floor":13},{"not_picked":["Auto Shields","Rebound"],"picked":"Coolheaded","floor":14},{"not_picked":["Thunder Strike","Fission"],"picked":"Seek","floor":16},{"not_picked":["Streamline","Lockon+1"],"picked":"Steam","floor":18},{"not_picked":["Leap","Beam Cell"],"picked":"Compile Driver","floor":22},{"not_picked":["Melter","Stack"],"picked":"Steam","floor":24},{"not_picked":["Ball Lightning","Force Field"],"picked":"Conserve Battery+1","floor":27},{"not_picked":["Go for the Eyes","Fission","Gash"],"picked":"SKIP","floor":28},{"not_picked":["Go for the Eyes","Fission","Gash"],"picked":"SKIP","floor":28},{"not_picked":["Go for the Eyes","Steam","Amplify"],"picked":"SKIP","floor":30},{"not_picked":["Meteor Strike","Multi-Cast"],"picked":"Electrodynamics","floor":33},{"not_picked":["Barrage","Steam+1"],"picked":"Conserve Battery+1","floor":35},{"not_picked":["Static Discharge","Hologram"],"picked":"Undo+1","floor":36},{"not_picked":["Undo+1","BootSequence"],"picked":"Hologram","floor":37},{"not_picked":["Conserve Battery+1","Creative AI"],"picked":"Recycle","floor":41},{"not_picked":["Self Repair","Barrage"],"picked":"Conserve Battery+1","floor":45},{"not_picked":["Scrape","Redo+1"],"picked":"Hologram","floor":46},{"not_picked":["Sunder","Leap"],"picked":"Redo+1","floor":48}],"player_experience":3959919,"relics_obtained":[{"floor":5,"key":"Boot"},{"floor":7,"key":"Shuriken"},{"floor":9,"key":"Juzu Bracelet"},{"floor":11,"key":"Ice Cream"},{"floor":13,"key":"Oddly Smooth Stone"},{"floor":21,"key":"Art of War"},{"floor":24,"key":"Whetstone"},{"floor":26,"key":"PreservedInsect"},{"floor":30,"key":"Ginger"},{"floor":41,"key":"Blue Candle"},{"floor":43,"key":"Bag of Preparation"}],"event_choices":[{"damage_healed":0,"gold_gain":0,"player_choice":"Donut","damage_taken":0,"max_hp_gain":5,"max_hp_loss":0,"event_name":"Big Fish","floor":4,"gold_loss":0},{"cards_removed":["Sunder"],"damage_healed":0,"gold_gain":0,"player_choice":"Elegance","damage_taken":0,"max_hp_gain":0,"max_hp_loss":0,"event_name":"Back to Basics","floor":20,"gold_loss":0},{"damage_healed":0,"gold_gain":250,"player_choice":"Bet on Owner","damage_taken":0,"max_hp_gain":0,"max_hp_loss":0,"event_name":"The Joust","floor":25,"gold_loss":50},{"damage_healed":0,"gold_gain":50,"player_choice":"Pray","damage_taken":0,"max_hp_gain":0,"max_hp_loss":0,"event_name":"Golden Shrine","floor":31,"gold_loss":0},{"damage_healed":0,"gold_gain":0,"player_choice":"Forge","damage_taken":0,"max_hp_gain":0,"max_hp_loss":0,"event_name":"Accursed Blacksmith","floor":39,"gold_loss":0,"cards_upgraded":["Seek"]},{"cards_removed":["Compile Driver"],"damage_healed":0,"gold_gain":0,"player_choice":"Removed Attack","damage_taken":0,"max_hp_gain":0,"max_hp_loss":0,"event_name":"Falling","floor":44,"gold_loss":0}],"is_beta":true,"boss_relics":[{"not_picked":["FrozenCore","Cursed Key"],"picked":"Pandora\u0027s Box"},{"not_picked":["Astrolabe","Coffee Dripper"],"picked":"Nuclear Battery"}],"items_purged_floors":[19],"is_endless":false,"potions_floor_spawned":[1,3,7,13,14,16,27,30,35,37,46,55],"killed_by":"The Heart","ascension_level":20}