{"path_per_floor":["M","M","?","?","$","R","M","R","T","M","M","E","M","M","R","B",null,"M","M","?","$","M","R","M","$","T","M","R","M","$","?","R","B",null,"M","$","M","M","$","R","?","E","T","R","M","M","$","?","R","B"],"character_chosen":"THE_SILENT","items_purchased":["Thread and Needle","Leg Sweep","Noxious Fumes","Strawberry","Backflip","Poisoned Stab","Noxious Fumes","Snake Skull","Noxious Fumes","Escape Plan","Bullet Time","A Thousand Cuts","Flash of Steel"],"gold_per_floor":[416,427,427,427,22,22,46,46,117,137,155,186,204,225,225,356,356,376,389,389,54,72,72,91,64,64,83,83,104,35,35,35,161,199,220,34,55,69,33,33,366,401,428,428,444,464,25,25,25,25],"floor_reached":51,"campfire_rested":2,"playtime":3446,"current_hp_per_floor":[66,63,63,46,46,46,41,62,62,60,58,58,54,51,51,42,70,62,52,44,51,42,42,38,38,38,53,53,50,50,50,50,14,82,79,79,79,76,76,76,76,56,56,56,60,52,52,52,77,4],"items_purged":["Pain","Regret","Strike_G"],"gold":25,"score":685,"play_id":"1e0af349-ee46-4ea7-a4e7-7f7919b34f9a","is_prod":false,"is_daily":false,"is_ascension_mode":true,"campfire_upgraded":7,"path_taken":["M","M","?","?","$","R","?","R","T","M","M","E","M","M","R","BOSS","M","M","?","$","M","R","M","$","T","?","R","M","$","?","R","BOSS","M","$","M","M","$","R","?","E","T","R","M","M","$","?","R","BOSS"],"build_version":"2018-02-15-PROD1","purchased_purges":3,"victory":true,"master_deck":["Defend_G","Defend_G","Defend_G","Defend_G","Defend_G","Strike_G","Strike_G","Survivor","Neutralize+1","Noxious Fumes+1","Poisoned Stab","Leg Sweep","PiercingWail","Predator","Noxious Fumes+1","Poisoned Stab","Cloak And Dagger","Poisoned Stab","Adrenaline+1","Escape Plan","Concentrate+1","Noxious Fumes+1","Backflip","Cloak And Dagger","Footwork+1","Poisoned Stab","Backflip+1","Envenom","Noxious Fumes+1","Burst","Bouncing Flask","Prepared+1","Noxious Fumes+1","Leg Sweep+1","Escape Plan","Bullet Time","A Thousand Cuts","Flash of Steel","Footwork"],"max_hp_per_floor":[70,70,70,70,70,70,70,70,70,70,70,70,70,70,70,70,70,70,70,70,77,77,77,77,77,77,77,77,77,77,77,77,77,82,82,82,82,82,82,82,82,82,82,82,84,86,86,86,86,86],"relics":["Ring of the Snake","Old Coin","Dream Catcher","Thread and Needle","Toolbox","Girya","Lizard Tail","Strawberry","Gambling Chip","Tiny House","Snake Skull","Oddly Smooth Stone","Singing Bowl"],"card_choices":[{"not_picked":["Dodge and Roll","Flying Knee"],"picked":"Noxious Fumes"},{"not_picked":["Cloak And Dagger","Expertise"],"picked":"Poisoned Stab"},{"not_picked":["Deflect","Outmaneuver"],"picked":"PiercingWail"},{"not_picked":["Sucker Punch","Poisoned Stab"],"picked":"Predator"},{"not_picked":["Sucker Punch","Blade Dance"],"picked":"Noxious Fumes"},{"not_picked":["Dagger Spray","Dodge and Roll"],"picked":"Poisoned Stab"},{"not_picked":["Slice","PiercingWail"],"picked":"Cloak And Dagger"},{"not_picked":["Underhanded Strike","Flying Knee"],"picked":"Poisoned Stab"},{"not_picked":["Glass Knife","Night Terror"],"picked":"Adrenaline"},{"not_picked":["Blade Dance","Distraction"],"picked":"Escape Plan"},{"not_picked":["Prepared","Eviscerate"],"picked":"Concentrate"},{"not_picked":["Crippling Poison","Dagger Spray"],"picked":"Cloak And Dagger"},{"not_picked":["Deflect","Dagger Throw"],"picked":"Footwork"},{"not_picked":["Quick Slash","Dash"],"picked":"Backflip"},{"not_picked":["Poisoned Stab","Leg Sweep"],"picked":"Envenom"},{"not_picked":["Grand Finale","Envenom"],"picked":"Burst"},{"not_picked":["Poisoned Stab","Backstab"],"picked":"Bouncing Flask"},{"not_picked":["Calculated Gamble","Deadly Poison"],"picked":"Prepared"},{"not_picked":["Dodge and Roll","Flying Knee"],"picked":"Leg Sweep"},{"not_picked":["Concentrate","Underhanded Strike"],"picked":"Footwork"}],"player_experience":163233,"potions_floor_usage":[16,19,24,24,27,33,42,42,42,50],"damage_taken":[{"damage":4.0,"enemies":"2 Louse","floor":1.0,"turns":4.0},{"damage":3,"enemies":"Small Slimes","floor":2,"turns":4},{"damage":5,"enemies":"3 Louse","floor":7,"turns":5},{"damage":2,"enemies":"2 Fungi Beasts","floor":10,"turns":3},{"damage":2,"enemies":"Exordium Thugs","floor":11,"turns":5},{"damage":0,"enemies":"3 Sentries","floor":12,"turns":6},{"damage":4,"enemies":"Large Slime","floor":13,"turns":5},{"damage":3,"enemies":"Gremlin Gang","floor":14,"turns":6},{"damage":9,"enemies":"The Guardian","floor":16,"turns":8},{"damage":8,"enemies":"Shell Parasite","floor":18,"turns":7},{"damage":10,"enemies":"2 Thieves","floor":19,"turns":4},{"damage":9,"enemies":"Slaver and Parasite","floor":22,"turns":7},{"damage":4,"enemies":"Chosen and Byrds","floor":24,"turns":6},{"damage":0,"enemies":"Centurion and Healer","floor":27,"turns":5},{"damage":3,"enemies":"3 Cultists","floor":29,"turns":5},{"damage":36,"enemies":"Automaton","floor":33,"turns":10},{"damage":3,"enemies":"3 Shapes","floor":35,"turns":4},{"damage":0,"enemies":"Orb Walker","floor":37,"turns":5},{"damage":3,"enemies":"Maw","floor":38,"turns":7},{"damage":20,"enemies":"2 Orb Walkers","floor":42,"turns":5},{"damage":2,"enemies":"4 Shapes","floor":45,"turns":5},{"damage":10,"enemies":"Sphere and 2 Shapes","floor":46,"turns":5},{"damage":73,"enemies":"Time Eater","floor":50,"turns":13}],"event_choices":[{"event_name":"Big Fish","player_choice":"Box","floor":3,"damage_taken":0},{"event_name":"Golden Idol","player_choice":"Take Damage","floor":4,"damage_taken":0},{"event_name":"Knowing Skull","player_choice":"","floor":20,"damage_taken":0},{"event_name":"Back to Basics","player_choice":"Elegance","floor":31,"damage_taken":0},{"event_name":"The Moai Head","player_choice":"Gave Idol","floor":41,"damage_taken":0},{"event_name":"Purifier","player_choice":"One Purge","floor":48,"damage_taken":0}],"boss_relics":[{"not_picked":["Runic Pyramid","Orrery"],"picked":"Lizard Tail"},{"not_picked":["Snecko Eye","Philosopher\u0027s Stone"],"picked":"Tiny House"}],"potions_floor_spawned":[2,10,14,19,22,29,33,35,45],"seed_played":"5198534793354998775","ascension_level":1,"is_trial":false}