{"gold_per_floor":[118,128,138,15,15,15,51,7,34,34,50,73,98,119,119,208,208,199,298,75,75,75,75,93,128,128,140,171,216,208,233,245,257],"floor_reached":33,"playtime":2738,"items_purged":["Strike_B","Injury"],"score":441,"play_id":"6c2d7dac-7fea-4458-96fe-b14eeb604cd9","local_time":"20190221231141","is_ascension_mode":true,"campfire_choices":[{"data":"Go for the Eyes","floor":6,"key":"SMITH"},{"floor":10,"key":"REST"},{"floor":15,"key":"REST"},{"data":"Sunder","floor":23,"key":"SMITH"},{"floor":27,"key":"REST"},{"floor":32,"key":"REST"}],"neow_cost":"NONE","seed_source_timestamp":123524822678900,"circlet_count":0,"master_deck":["AscendersBane","Strike_B","Strike_B","Defend_B","Defend_B","Defend_B","Defend_B","Zap+1","Dualcast","Sweeping Beam","Genetic Algorithm","Hologram+1","Go for the Eyes+1","Coolheaded","Sunder+1","Blizzard","Glacier","Seek","Core Surge","Coolheaded","Chill","Echo Form","Hologram+1","Redo+1","Go for the Eyes+1"],"relics":["Cracked Core","Golden Idol","Omamori","War Paint","Lizard Tail","Pear","Darkstone Periapt","MawBank","Red Mask"],"potions_floor_usage":[7,16,16,24,25,29,31,31,33],"damage_taken":[{"damage":1,"enemies":"Cultist","floor":1,"turns":4},{"damage":7,"enemies":"Small Slimes","floor":2,"turns":3},{"damage":5,"enemies":"Jaw Worm","floor":3,"turns":4},{"damage":29,"enemies":"Lagavulin","floor":7,"turns":8},{"damage":10,"enemies":"Exordium Wildlife","floor":11,"turns":4},{"damage":4,"enemies":"Looter","floor":12,"turns":3},{"damage":0,"enemies":"2 Fungi Beasts","floor":13,"turns":3},{"damage":16,"enemies":"Exordium Thugs","floor":14,"turns":6},{"damage":25,"enemies":"Hexaghost","floor":16,"turns":16},{"damage":8,"enemies":"2 Thieves","floor":18,"turns":4},{"damage":15,"enemies":"Spheric Guardian","floor":24,"turns":4},{"damage":59,"enemies":"Book of Stabbing","floor":25,"turns":13},{"damage":13,"enemies":"Snake Plant","floor":28,"turns":6},{"damage":14,"enemies":"Masked Bandits","floor":29,"turns":5},{"damage":18,"enemies":"Cultist and Chosen","floor":31,"turns":8},{"damage":52,"enemies":"Automaton","floor":33,"turns":6}],"seed_played":"4033434572516246695","potions_obtained":[{"floor":2,"key":"Explosive Potion"},{"floor":3,"key":"Poison Potion"},{"floor":12,"key":"Poison Potion"},{"floor":14,"key":"Regen Potion"},{"floor":22,"key":"Dexterity Potion"},{"floor":22,"key":"Swift Potion"},{"floor":25,"key":"PowerPotion"},{"floor":28,"key":"Energy Potion"},{"floor":30,"key":"GamblersBrew"},{"floor":31,"key":"LiquidBronze"}],"is_trial":false,"path_per_floor":["M","M","M","$","?","R","E","?","T","R","M","M","M","M","R","B",null,"M","?","$","?","?","R","M","E","T","R","M","?","?","M","R","B"],"character_chosen":"DEFECT","items_purchased":["Coolheaded","Core Surge","Coolheaded"],"campfire_rested":4,"item_purchase_floors":[4,20,20],"current_hp_per_floor":[67,60,55,55,55,55,26,26,26,48,38,34,34,18,40,30,64,56,56,56,66,66,66,51,37,37,62,49,35,35,17,42,0],"gold":257,"neow_bonus":"TRANSFORM_CARD","is_prod":false,"is_daily":false,"chose_seed":false,"campfire_upgraded":2,"win_rate":0,"timestamp":1550808701,"path_taken":["M","M","M","?","?","R","E","?","T","R","?","M","M","M","R","BOSS","M","?","$","?","?","R","M","E","T","R","?","?","?","M","R","BOSS"],"build_version":"2019-01-23","purchased_purges":2,"victory":false,"max_hp_per_floor":[75,75,75,75,75,75,75,75,75,75,75,75,75,75,75,75,75,75,75,75,85,85,85,85,85,85,85,85,85,85,85,85,85],"card_choices":[{"not_picked":["Streamline","Scrape"],"picked":"Genetic Algorithm","floor":1},{"not_picked":["Rebound","Lockon"],"picked":"Hologram","floor":2},{"not_picked":["Hologram","Rebound"],"picked":"Go for the Eyes","floor":3},{"not_picked":["Beam Cell","Aggregate"],"picked":"Sunder","floor":7},{"not_picked":["Hologram","Ball Lightning"],"picked":"Blizzard","floor":11},{"not_picked":["Stack","Conserve Battery","Sweeping Beam"],"picked":"SKIP","floor":12},{"not_picked":["Double Energy","Storm","Turbo"],"picked":"SKIP","floor":13},{"not_picked":["Melter","Undo"],"picked":"Glacier","floor":14},{"not_picked":["Reboot","Amplify"],"picked":"Seek","floor":16},{"not_picked":["Rebound","Conserve Battery","Recycle"],"picked":"SKIP","floor":18},{"not_picked":["Barrage","Coolheaded"],"picked":"Chill","floor":24},{"not_picked":["Fission","Redo"],"picked":"Echo Form","floor":25},{"not_picked":["Rip and Tear","Auto Shields"],"picked":"Hologram+1","floor":28},{"not_picked":["Conserve Battery","Stack+1"],"picked":"Redo+1","floor":29},{"not_picked":["Compile Driver","Gash"],"picked":"Go for the Eyes+1","floor":31}],"player_experience":1291263,"relics_obtained":[{"floor":7,"key":"Omamori"},{"floor":9,"key":"War Paint"},{"floor":25,"key":"Darkstone Periapt"},{"floor":26,"key":"MawBank"},{"floor":29,"key":"Red Mask"}],"event_choices":[{"damage_healed":0,"gold_gain":0,"player_choice":"Take Wound","damage_taken":0,"relics_obtained":["Golden Idol"],"max_hp_gain":0,"max_hp_loss":0,"event_name":"Golden Idol","floor":5,"gold_loss":0,"cards_obtained":["Injury"]},{"damage_healed":0,"gold_gain":0,"player_choice":"Left Gold","damage_taken":0,"max_hp_gain":0,"max_hp_loss":0,"event_name":"World of Goop","floor":8,"gold_loss":44},{"damage_healed":0,"gold_gain":99,"player_choice":"Stole From Cult","damage_taken":0,"max_hp_gain":0,"max_hp_loss":0,"event_name":"Nest","floor":19,"gold_loss":0},{"damage_healed":0,"gold_gain":0,"player_choice":"Stole Relic","damage_taken":0,"relics_obtained":["Pear"],"max_hp_gain":0,"max_hp_loss":0,"event_name":"Addict","floor":21,"gold_loss":0,"cards_obtained":["Shame"]},{"damage_healed":0,"gold_gain":0,"player_choice":"Got Potions","damage_taken":0,"max_hp_gain":0,"max_hp_loss":0,"event_name":"Lab","floor":22,"gold_loss":0},{"damage_healed":0,"gold_gain":0,"player_choice":"Fought Bandits","damage_taken":0,"max_hp_gain":0,"max_hp_loss":0,"event_name":"Masked Bandits","floor":29,"gold_loss":0},{"damage_healed":0,"gold_gain":0,"player_choice":"Bought 1 Potion","damage_taken":0,"max_hp_gain":0,"max_hp_loss":0,"event_name":"The Woman in Blue","floor":30,"gold_loss":0}],"is_beta":false,"boss_relics":[{"not_picked":["Orrery","Nuclear Battery"],"picked":"Lizard Tail"}],"items_purged_floors":[4,20],"is_endless":false,"potions_floor_spawned":[2,3,12,14,25,28,31],"killed_by":"Automaton","ascension_level":13}