{"gold_per_floor":[113,38,49,68,85,85,102,102,127,142,142,169,169,184,184,273,273,288,311,361,375,391,391],"floor_reached":23,"playtime":1842,"items_purged":[],"score":345,"play_id":"34e32bd8-b482-49b7-800e-a388a1d6367e","local_time":"20190301005601","is_ascension_mode":true,"campfire_choices":[{"data":"Deadly Poison","floor":6,"key":"SMITH"},{"floor":8,"key":"REST"},{"floor":15,"key":"REST"}],"neow_cost":"NONE","seed_source_timestamp":14119495259600,"circlet_count":0,"master_deck":["AscendersBane","Defend_G","Defend_G","Defend_G","Defend_G","Defend_G","Strike_G","Strike_G","Strike_G","Survivor","Neutralize","Footwork","Deadly Poison+1","Cloak And Dagger","Deflect","Leg Sweep","Footwork","Dodge and Roll","Corpse Explosion","Calculated Gamble"],"relics":["Ring of the Snake","Ancient Tea Set","Vajra","Blood Vial","Golden Idol","Sozu"],"potions_floor_usage":[16,22],"damage_taken":[{"damage":9,"enemies":"Small Slimes","floor":1,"turns":5},{"damage":0,"enemies":"2 Louse","floor":3,"turns":6},{"damage":0,"enemies":"Cultist","floor":4,"turns":5},{"damage":7,"enemies":"2 Fungi Beasts","floor":5,"turns":4},{"damage":0,"enemies":"Blue Slaver","floor":7,"turns":5},{"damage":3,"enemies":"Large Slime","floor":10,"turns":8},{"damage":8,"enemies":"Lagavulin","floor":12,"turns":8},{"damage":4,"enemies":"Gremlin Gang","floor":14,"turns":8},{"damage":42,"enemies":"Hexaghost","floor":16,"turns":18},{"damage":7,"enemies":"Spheric Guardian","floor":18,"turns":4},{"damage":12,"enemies":"Chosen","floor":19,"turns":6},{"damage":0,"enemies":"Snecko","floor":21,"turns":8},{"damage":30,"enemies":"Cultist and Chosen","floor":22,"turns":9},{"damage":15,"enemies":"Chosen and Byrds","floor":23,"turns":8}],"seed_played":"-3688838994133624452","potions_obtained":[{"floor":3,"key":"SteroidPotion"},{"floor":5,"key":"AttackPotion"},{"floor":14,"key":"Weak Potion"}],"is_trial":false,"path_per_floor":["M","?","M","M","M","R","M","R","T","M","?","E","?","M","R","B",null,"M","M","?","M","M","M"],"character_chosen":"THE_SILENT","items_purchased":[],"campfire_rested":2,"item_purchase_floors":[],"current_hp_per_floor":[50,50,50,50,43,43,43,62,62,59,59,51,28,26,45,5,51,46,36,36,38,10,0],"gold":391,"neow_bonus":"RANDOM_COMMON_RELIC","is_prod":false,"is_daily":false,"chose_seed":false,"campfire_upgraded":1,"win_rate":0,"timestamp":1551419761,"path_taken":["M","?","M","M","M","R","M","R","T","M","?","E","?","M","R","BOSS","M","M","?","M","?","M"],"build_version":"2019-01-23","purchased_purges":0,"victory":false,"max_hp_per_floor":[66,66,66,66,66,66,66,66,66,66,66,66,66,66,66,66,66,66,66,66,66,66,66],"card_choices":[{"not_picked":["Acrobatics","Deflect"],"picked":"Footwork","floor":1},{"not_picked":["Underhanded Strike","Deflect"],"picked":"Deadly Poison","floor":3},{"not_picked":["Riddle With Holes","Calculated Gamble"],"picked":"Cloak And Dagger","floor":4},{"not_picked":["Expertise","Skewer"],"picked":"Deflect","floor":5},{"not_picked":["Blade Dance","Setup","Sucker Punch"],"picked":"SKIP","floor":7},{"not_picked":["Blade Dance","Setup","Sucker Punch"],"picked":"SKIP","floor":7},{"not_picked":["Outmaneuver","Grand Finale"],"picked":"Leg Sweep","floor":10},{"not_picked":["Bouncing Flask","Night Terror"],"picked":"Footwork","floor":12},{"not_picked":["Bane","Calculated Gamble"],"picked":"Dodge and Roll","floor":14},{"not_picked":["Night Terror","Bullet Time"],"picked":"Corpse Explosion","floor":16},{"not_picked":["Masterful Stab","Bane+1","Sucker Punch"],"picked":"SKIP","floor":18},{"not_picked":["Heel Hook","Flying Knee","Dagger Throw"],"picked":"SKIP","floor":19},{"not_picked":["Distraction","Predator"],"picked":"Calculated Gamble","floor":21},{"not_picked":["Reflex","Acrobatics","Bane"],"picked":"SKIP","floor":22}],"player_experience":1429708,"relics_obtained":[{"floor":9,"key":"Vajra"},{"floor":12,"key":"Blood Vial"}],"event_choices":[{"cards_removed":["Strike_G"],"damage_healed":0,"gold_gain":0,"player_choice":"Card Removal","damage_taken":0,"max_hp_gain":0,"max_hp_loss":0,"event_name":"The Cleric","floor":2,"gold_loss":75},{"cards_removed":["Strike_G"],"damage_healed":0,"gold_gain":0,"player_choice":"Forget","damage_taken":0,"max_hp_gain":0,"max_hp_loss":0,"event_name":"Living Wall","floor":11,"gold_loss":0},{"damage_healed":0,"gold_gain":0,"player_choice":"Take Damage","damage_taken":23,"relics_obtained":["Golden Idol"],"max_hp_gain":0,"max_hp_loss":0,"event_name":"Golden Idol","floor":13,"gold_loss":0},{"damage_healed":0,"gold_gain":50,"player_choice":"Pray","damage_taken":0,"max_hp_gain":0,"max_hp_loss":0,"event_name":"Golden Shrine","floor":20,"gold_loss":0}],"is_beta":false,"boss_relics":[{"not_picked":["Ectoplasm","WristBlade"],"picked":"Sozu"}],"items_purged_floors":[],"is_endless":false,"potions_floor_spawned":[3,5,10,14,19],"killed_by":"Chosen and Byrds","ascension_level":15}