{"gold_per_floor":[113,38,57,57,57,83,83,83,109,121,166,195,240,252,264,372,384,384,384,384],"floor_reached":20,"playtime":536,"items_purged":["Strike_R"],"score":476,"play_id":"129ea457-ffcb-40a4-8c5c-be47fd3cc920","local_time":"20190303153206","is_ascension_mode":true,"campfire_choices":[{"data":"Rampage","floor":7.0,"key":"SMITH"},{"data":"Bash","floor":10.0,"key":"SMITH"},{"data":"Disarm","floor":15.0,"key":"SMITH"}],"neow_cost":"NONE","seed_source_timestamp":0,"circlet_count":0,"master_deck":["AscendersBane","Strike_R","Strike_R","Strike_R","Defend_R","Defend_R","Defend_R","Bash+1","Rampage+1","Spot Weakness","Disarm+1","Thunderclap","Demon Form"],"special_seed":0,"relics":["Burning Blood","NeowsBlessing","MawBank","Shuriken","Omamori","Golden Idol","Ectoplasm","Nloth\u0027s Gift"],"potions_floor_usage":[],"damage_taken":[{"damage":0.0,"enemies":"Jaw Worm","floor":1.0,"turns":1.0},{"damage":0.0,"enemies":"2 Louse","floor":3.0,"turns":1.0},{"damage":0.0,"enemies":"Lagavulin","floor":6.0,"turns":1.0},{"damage":56.0,"enemies":"Gremlin Nob","floor":11.0,"turns":5.0},{"damage":1.0,"enemies":"Cultist","floor":12.0,"turns":3.0},{"damage":0.0,"enemies":"3 Sentries","floor":13.0,"turns":4.0},{"damage":47,"enemies":"The Guardian","floor":16,"turns":9},{"damage":47,"enemies":"Spheric Guardian","floor":18,"turns":6},{"damage":21,"enemies":"Shell Parasite","floor":20,"turns":1}],"seed_played":"8171434469025285588","potions_obtained":[{"floor":1.0,"key":"Regen Potion"},{"floor":11.0,"key":"AttackPotion"},{"floor":12.0,"key":"SkillPotion"}],"is_trial":false,"path_per_floor":["M","$","M","?","?","E","R","?","T","R","E","M","E","?","R","B",null,"M","?","M"],"character_chosen":"IRONCLAD","items_purchased":[],"campfire_rested":0,"item_purchase_floors":[],"current_hp_per_floor":[74,74,75,75,80,80,80,80,80,80,30,44,50,50,50,9,62,21,21,0],"gold":384,"neow_bonus":"THREE_ENEMY_KILL","is_prod":false,"is_daily":false,"chose_seed":false,"campfire_upgraded":3,"win_rate":0,"timestamp":1551594726,"path_taken":["M","$","M","?","?","E","R","?","T","R","E","?","E","?","R","BOSS","M","?","?"],"build_version":"2019-01-23","purchased_purges":1,"victory":false,"max_hp_per_floor":[75,75,75,75,80,80,80,80,80,80,80,80,80,80,80,80,80,80,80,80],"card_choices":[{"not_picked":["Burning Pact","Iron Wave"],"picked":"Rampage","floor":1.0},{"not_picked":["Combust","Flex","Wild Strike"],"picked":"SKIP","floor":3.0},{"not_picked":["Perfected Strike","Clothesline","Entrench"],"picked":"SKIP","floor":6.0},{"not_picked":["Warcry","Iron Wave"],"picked":"Spot Weakness","floor":11.0},{"not_picked":["Barricade","Body Slam"],"picked":"Disarm","floor":12.0},{"not_picked":["Pommel Strike","Havoc"],"picked":"Thunderclap","floor":13.0},{"not_picked":["Fiend Fire","Berserk"],"picked":"Demon Form","floor":16},{"not_picked":["Flex","Flame Barrier","Power Through"],"picked":"SKIP","floor":18}],"player_experience":1038858,"relics_obtained":[{"floor":6.0,"key":"Blue Candle"},{"floor":9.0,"key":"MawBank"},{"floor":11.0,"key":"Shuriken"},{"floor":13.0,"key":"Omamori"}],"event_choices":[{"cards_removed":["Strike_R"],"damage_healed":0.0,"max_hp_gain":0.0,"max_hp_loss":0.0,"gold_gain":0.0,"event_name":"Living Wall","player_choice":"Forget","floor":4.0,"gold_loss":0.0,"damage_taken":0.0},{"damage_healed":0.0,"max_hp_gain":5.0,"max_hp_loss":0.0,"gold_gain":0.0,"event_name":"Big Fish","player_choice":"Donut","floor":5.0,"gold_loss":0.0,"damage_taken":0.0},{"cards_removed":["Defend_R"],"damage_healed":0.0,"max_hp_gain":0.0,"max_hp_loss":0.0,"gold_gain":0.0,"event_name":"Purifier","player_choice":"Purged","floor":8.0,"gold_loss":0.0,"damage_taken":0.0},{"damage_healed":0.0,"max_hp_gain":0.0,"max_hp_loss":0.0,"gold_gain":0.0,"event_name":"Golden Idol","player_choice":"Take Wound","floor":14.0,"gold_loss":0.0,"damage_taken":0.0,"relics_obtained":["Golden Idol"],"cards_obtained":["Injury"]},{"damage_healed":0,"gold_gain":0,"player_choice":"Traded Relic","damage_taken":0,"relics_obtained":["Nloth\u0027s Gift"],"max_hp_gain":0,"max_hp_loss":0,"event_name":"N\u0027loth","floor":19,"relics_lost":["Blue Candle"],"gold_loss":0}],"is_beta":false,"boss_relics":[{"not_picked":["Cursed Key","Empty Cage"],"picked":"Ectoplasm"}],"items_purged_floors":[2],"is_endless":false,"potions_floor_spawned":[1,11,12],"killed_by":"Shell Parasite","ascension_level":20}