{"gold_per_floor":[211,226,226,401,474,500,450,463,463,498,525,537,579,323,323,425,425,437,454,464,161,171,198,173,190,190,203,219,62,74,88,88,187,187,207,222,222,242,342,342,353,385,408,418,431,111,121,121,121,121],"floor_reached":50,"playtime":4300,"items_purged":[],"score":727,"play_id":"44699cd1-0d2f-49c0-8f00-c41041b2b601","local_time":"20181231114332","is_ascension_mode":true,"campfire_choices":[{"floor":12,"key":"REST"},{"floor":15,"key":"REST"},{"floor":32,"key":"REST"},{"floor":40,"key":"REST"},{"floor":49,"key":"REST"}],"neow_cost":"NONE","seed_source_timestamp":60501129571400,"circlet_count":0,"master_deck":["Strike_R","Strike_R","Strike_R","Strike_R","Strike_R","Defend_R","Defend_R","Defend_R","Defend_R","Bash","Thunderclap","Metallicize","Ghostly Armor","Flame Barrier","Double Tap","Juggernaut","Spot Weakness","Shrug It Off","Inflame","Wild Strike+1","Feed+1","Heavy Blade+1","Inflame","Rage","Impervious","Flex","Dual Wield","Shrug It Off","Dropkick+1","Armaments+1","Limit Break","Demon Form","Cleave+1","Evolve","Iron Wave+1","Flame Barrier","Seeing Red+1","Fire Breathing"],"relics":["Burning Blood","Dream Catcher","Molten Egg 2","Meat on the Bone","Happy Flower","MawBank","Shuriken","Bag of Marbles","Runic Pyramid","Lantern","Oddly Smooth Stone","Nunchaku","Pen Nib","Lizard Tail","Sundial","Regal Pillow","Boot"],"potions_floor_usage":[6,6,16,16,19,23,28,33,33,36,42,44,44,45,47,47,50,50],"damage_taken":[{"damage":1,"enemies":"Cultist","floor":1,"turns":3},{"damage":0,"enemies":"2 Louse","floor":2,"turns":3},{"damage":32,"enemies":"Gremlin Nob","floor":6,"turns":5},{"damage":2,"enemies":"Jaw Worm","floor":8,"turns":5},{"damage":41,"enemies":"Lagavulin","floor":10,"turns":11},{"damage":11,"enemies":"Looter","floor":11,"turns":4},{"damage":37,"enemies":"Gremlin Nob","floor":13,"turns":5},{"damage":34,"enemies":"The Guardian","floor":16,"turns":8},{"damage":25,"enemies":"2 Thieves","floor":18,"turns":4},{"damage":13,"enemies":"Spheric Guardian","floor":19,"turns":4},{"damage":14,"enemies":"Snake Plant","floor":20,"turns":3},{"damage":21,"enemies":"Shelled Parasite and Fungi","floor":22,"turns":7},{"damage":26,"enemies":"Book of Stabbing","floor":23,"turns":5},{"damage":0,"enemies":"Cultist and Chosen","floor":25,"turns":8},{"damage":39,"enemies":"Centurion and Healer","floor":27,"turns":6},{"damage":0,"enemies":"Snecko","floor":28,"turns":4},{"damage":18,"enemies":"Snake Plant","floor":30,"turns":3},{"damage":11,"enemies":"Centurion and Healer","floor":31,"turns":6},{"damage":36,"enemies":"Automaton","floor":33,"turns":9},{"damage":1,"enemies":"Orb Walker","floor":35,"turns":5},{"damage":11,"enemies":"3 Shapes","floor":36,"turns":5},{"damage":59,"enemies":"3 Darklings","floor":38,"turns":7},{"damage":71,"enemies":"Spire Growth","floor":41,"turns":7},{"damage":64,"enemies":"Reptomancer","floor":42,"turns":5},{"damage":42,"enemies":"Sphere and 2 Shapes","floor":44,"turns":7},{"damage":45,"enemies":"Jaw Worm Horde","floor":45,"turns":5},{"damage":24,"enemies":"3 Darklings","floor":47,"turns":7},{"damage":112,"enemies":"Awakened One","floor":50,"turns":9}],"seed_played":"7440209750882206863","potions_obtained":[{"floor":1,"key":"Regen Potion"},{"floor":2,"key":"SteroidPotion"},{"floor":13,"key":"EntropicBrew"},{"floor":16,"key":"Block Potion"},{"floor":18,"key":"BloodPotion"},{"floor":22,"key":"PowerPotion"},{"floor":27,"key":"Weak Potion"},{"floor":28,"key":"FearPotion"},{"floor":35,"key":"Explosive Potion"},{"floor":41,"key":"Regen Potion"},{"floor":42,"key":"Block Potion"},{"floor":44,"key":"LiquidBronze"},{"floor":47,"key":"Dexterity Potion"}],"is_trial":false,"path_per_floor":["M","M","?","?","T","E","?","M","T","E","M","R","E","$","R","B",null,"M","M","M","$","M","E","$","M","T","M","M","$","M","M","R","B",null,"M","M","$","M","?","R","M","E","T","M","M","$","M","?","R","B"],"character_chosen":"IRONCLAD","items_purchased":["Bag of Marbles","Shrug It Off","Inflame","Impervious","Lantern","Shrug It Off","Pen Nib","Boot","EssenceOfSteel","PowerPotion","SkillPotion"],"campfire_rested":5,"item_purchase_floors":[14,14,14,21,21,24,29,46,46,46,46],"current_hp_per_floor":[80,80,77,77,77,61,61,65,65,42,49,73,54,54,78,50,80,65,58,50,50,51,47,47,57,57,40,62,62,62,61,93,67,112,116,111,111,70,70,104,55,23,23,80,57,57,51,51,104,0],"gold":121,"neow_bonus":"HUNDRED_GOLD","is_prod":false,"is_daily":false,"chose_seed":false,"campfire_upgraded":0,"win_rate":0,"timestamp":1546274612,"path_taken":["M","M","?","?","?","E","?","M","T","E","?","R","E","$","R","BOSS","M","?","M","$","M","E","$","M","T","M","M","$","M","M","R","BOSS","M","M","$","M","?","R","M","E","T","?","M","$","M","?","R","BOSS"],"build_version":"2018-12-20","purchased_purges":0,"victory":false,"max_hp_per_floor":[80,80,80,80,80,80,80,80,80,80,80,80,80,80,80,80,80,84,84,84,84,88,92,92,96,96,100,104,104,104,108,108,112,112,116,116,116,116,116,116,120,120,120,124,128,128,128,128,128,132],"card_choices":[{"not_picked":["Sentinel","Disarm"],"picked":"Thunderclap","floor":1},{"not_picked":["Intimidate","Havoc"],"picked":"Metallicize","floor":2},{"not_picked":["Heavy Blade+1","Warcry"],"picked":"Ghostly Armor","floor":6},{"not_picked":["Feel No Pain","Rampage+1"],"picked":"Flame Barrier","floor":8},{"not_picked":["Rupture","Shrug It Off"],"picked":"Double Tap","floor":10},{"not_picked":["Sword Boomerang+1","True Grit","Perfected Strike+1"],"picked":"SKIP","floor":11},{"not_picked":["Clothesline+1","Shrug It Off"],"picked":"Juggernaut","floor":12},{"not_picked":["Combust","Headbutt+1"],"picked":"Spot Weakness","floor":13},{"not_picked":["Warcry","Thunderclap+1"],"picked":"Wild Strike+1","floor":15},{"not_picked":["Dark Embrace","Bludgeon+1"],"picked":"Feed+1","floor":16},{"not_picked":["Ghostly Armor+1","Pummel+1"],"picked":"Heavy Blade+1","floor":18},{"not_picked":["Havoc","Searing Blow+1"],"picked":"Inflame","floor":19},{"not_picked":["Iron Wave+1","Perfected Strike+1"],"picked":"Rage","floor":20},{"not_picked":["Thunderclap+1","Clash+1"],"picked":"Flex","floor":22},{"not_picked":["Double Tap","Spot Weakness"],"picked":"Dual Wield","floor":23},{"not_picked":["Warcry","Pommel Strike+1"],"picked":"Dropkick+1","floor":25},{"not_picked":["Anger+1","Pummel+1","Clash+1"],"picked":"SKIP","floor":27},{"not_picked":["Sword Boomerang+1","Headbutt+1"],"picked":"Armaments+1","floor":28},{"not_picked":["Sword Boomerang+1","Perfected Strike+1","Corruption"],"picked":"SKIP","floor":30},{"not_picked":["True Grit","Flex","Sever Soul+1"],"picked":"SKIP","floor":31},{"not_picked":["Whirlwind+1","Inflame"],"picked":"Limit Break","floor":32},{"not_picked":["Juggernaut","Impervious"],"picked":"Demon Form","floor":33},{"not_picked":["Flex","Anger+1","Thunderclap+1"],"picked":"SKIP","floor":35},{"not_picked":["Warcry+1","Havoc"],"picked":"Headbutt+1","floor":36},{"not_picked":["Searing Blow+1","Pummel+1"],"picked":"Cleave+1","floor":38},{"not_picked":["Iron Wave+1","Second Wind+1"],"picked":"Evolve","floor":41},{"not_picked":["Second Wind+1","Berserk"],"picked":"Iron Wave+1","floor":42},{"not_picked":["Headbutt+1","Hemokinesis+1"],"picked":"Flame Barrier","floor":44},{"not_picked":["Pummel+1","Feel No Pain","Clash+1"],"picked":"SKIP","floor":45},{"not_picked":["Perfected Strike+1","Cleave+1"],"picked":"Seeing Red+1","floor":47},{"not_picked":["Anger+1","True Grit"],"picked":"Fire Breathing","floor":49}],"player_experience":417192,"relics_obtained":[{"floor":5,"key":"Molten Egg 2"},{"floor":6,"key":"Meat on the Bone"},{"floor":9,"key":"Happy Flower"},{"floor":10,"key":"MawBank"},{"floor":13,"key":"Shuriken"},{"floor":23,"key":"Oddly Smooth Stone"},{"floor":26,"key":"Nunchaku"},{"floor":42,"key":"Sundial"},{"floor":43,"key":"Regal Pillow"}],"event_choices":[{"damage_healed":0,"gold_gain":0,"player_choice":"Success","damage_taken":3,"relics_obtained":["Dream Catcher"],"max_hp_gain":0,"max_hp_loss":0,"event_name":"Scrap Ooze","floor":3,"gold_loss":0},{"damage_healed":0,"gold_gain":175,"player_choice":"AGREE","damage_taken":0,"max_hp_gain":0,"max_hp_loss":0,"event_name":"Liars Game","floor":4,"gold_loss":0,"cards_obtained":["Doubt"]},{"cards_removed":["Doubt"],"damage_healed":0,"gold_gain":0,"player_choice":"Card Removal","damage_taken":0,"max_hp_gain":0,"max_hp_loss":0,"event_name":"The Cleric","floor":7,"gold_loss":50},{"damage_healed":0,"gold_gain":100,"player_choice":"Pray","damage_taken":0,"max_hp_gain":0,"max_hp_loss":0,"event_name":"Golden Shrine","floor":39,"gold_loss":0},{"cards_removed":["Headbutt"],"damage_healed":0,"gold_gain":0,"player_choice":"Removed Attack","damage_taken":0,"max_hp_gain":0,"max_hp_loss":0,"event_name":"Falling","floor":48,"gold_loss":0}],"is_beta":false,"boss_relics":[{"not_picked":["Philosopher\u0027s Stone","Velvet Choker"],"picked":"Runic Pyramid"},{"not_picked":["Tiny House","Calling Bell"],"picked":"Lizard Tail"}],"items_purged_floors":[],"is_endless":false,"potions_floor_spawned":[1,2,13,16,18,22,27,28,31,35,41,42,44,47],"killed_by":"Awakened One","ascension_level":3}