{"gold_per_floor":[115,215,37,47,60,60,87,14,39,39,54,54,154,181,181,281,281,297,297,297,314,331,331,341,266,266,4,4,19,37,37,37,136,136,155,173,173],"floor_reached":37,"playtime":2292,"items_purged":["Strike_G","Strike_G"],"score":531,"play_id":"a2354894-19d5-4875-8e02-49743400f679","local_time":"20181111000454","is_ascension_mode":true,"campfire_choices":[{"data":"Noxious Fumes","floor":6,"key":"SMITH"},{"data":"Noxious Fumes","floor":10,"key":"SMITH"},{"floor":12,"key":"REST"},{"floor":15,"key":"REST"},{"data":"Envenom","floor":23,"key":"SMITH"},{"floor":28,"key":"REST"},{"floor":32,"key":"REST"}],"neow_cost":"NONE","seed_source_timestamp":619442703086064,"circlet_count":0,"master_deck":["Defend_G","Defend_G","Defend_G","Defend_G","Defend_G","Strike_G","Strike_G","Survivor","Neutralize","Burst","Acrobatics","Noxious Fumes+1","Leg Sweep","Noxious Fumes+1","PiercingWail","Caltrops","Escape Plan","Envenom+1","PiercingWail","Cloak And Dagger","Cloak And Dagger","Infinite Blades","Tools of the Trade","Accuracy","Corpse Explosion","Deflect","Deadly Poison"],"relics":["Ring of the Snake","Oddly Smooth Stone","Vajra","Paper Crane","White Beast Statue","Gremlin Horn","Eternal Feather"],"potions_floor_usage":[16,19,21,22,30,33,33,36,37],"damage_taken":[{"damage":0,"enemies":"2 Louse","floor":1,"turns":3},{"damage":2,"enemies":"Cultist","floor":4,"turns":7},{"damage":0,"enemies":"Jaw Worm","floor":5,"turns":6},{"damage":27,"enemies":"Lagavulin","floor":7,"turns":7},{"damage":5,"enemies":"Exordium Thugs","floor":11,"turns":5},{"damage":34,"enemies":"Gremlin Nob","floor":14,"turns":5},{"damage":9,"enemies":"The Guardian","floor":16,"turns":12},{"damage":6,"enemies":"Chosen","floor":18,"turns":6},{"damage":45,"enemies":"Colosseum Slavers","floor":19,"turns":5},{"damage":4,"enemies":"Shell Parasite","floor":21,"turns":7},{"damage":6,"enemies":"Centurion and Healer","floor":22,"turns":7},{"damage":16,"enemies":"Chosen and Byrds","floor":24,"turns":6},{"damage":0,"enemies":"Snecko","floor":29,"turns":6},{"damage":8,"enemies":"Cultist and Chosen","floor":30,"turns":6},{"damage":49,"enemies":"Collector","floor":33,"turns":9},{"damage":29,"enemies":"3 Shapes","floor":35,"turns":5},{"damage":21,"enemies":"Orb Walker","floor":36,"turns":6},{"damage":24,"enemies":"Transient","floor":37,"turns":2}],"seed_played":"1604304084776437828","potions_obtained":[{"floor":4,"key":"Regen Potion"},{"floor":7,"key":"Regen Potion"},{"floor":14,"key":"Ancient Potion"},{"floor":16,"key":"Poison Potion"},{"floor":21,"key":"Regen Potion"},{"floor":22,"key":"Block Potion"},{"floor":24,"key":"Energy Potion"},{"floor":30,"key":"Swift Potion"},{"floor":33,"key":"Regen Potion"},{"floor":35,"key":"LiquidBronze"},{"floor":36,"key":"SpeedPotion"}],"is_trial":false,"path_per_floor":["M","?","$","M","M","R","E","$","T","R","M","R","?","E","R","B",null,"M","?","?","M","M","R","M","?","T","$","R","M","M","$","R","B",null,"M","M","M"],"character_chosen":"THE_SILENT","items_purchased":["Noxious Fumes","Leg Sweep","Caltrops","Tools of the Trade"],"campfire_rested":4,"item_purchase_floors":[3,3,8,27],"current_hp_per_floor":[63,63,63,61,61,61,34,34,34,34,29,50,50,16,37,43,63,57,12,12,23,32,32,16,16,16,16,37,37,29,29,50,1,53,24,18,0],"gold":173,"neow_bonus":"ONE_RANDOM_RARE_CARD","is_prod":false,"is_daily":false,"chose_seed":false,"campfire_upgraded":3,"win_rate":0,"timestamp":1541912694,"path_taken":["M","?","?","?","M","R","E","$","T","R","M","R","?","E","R","BOSS","M","?","?","M","M","R","M","?","T","?","R","?","M","$","R","BOSS","M","M","M"],"build_version":"2018-11-08","purchased_purges":2,"victory":false,"max_hp_per_floor":[70,70,70,70,70,70,70,70,70,70,70,70,70,70,70,70,70,70,70,70,70,70,70,70,70,70,70,70,70,70,70,70,70,70,70,70,70],"card_choices":[{"not_picked":["Slice","Well Laid Plans"],"picked":"Acrobatics","floor":1},{"not_picked":["Quick Slash","Poisoned Stab","Choke"],"picked":"SKIP","floor":4},{"not_picked":["Outmaneuver","Dagger Spray"],"picked":"Noxious Fumes","floor":5},{"not_picked":["Underhanded Strike","Blade Dance"],"picked":"PiercingWail","floor":7},{"not_picked":["Venomology","Sucker Punch"],"picked":"Escape Plan","floor":11},{"not_picked":["Wraith Form v2","Masterful Stab","Expertise"],"picked":"SKIP","floor":14},{"not_picked":["Die Die Die","Glass Knife"],"picked":"Envenom","floor":16},{"not_picked":["Poisoned Stab","Sucker Punch+1"],"picked":"PiercingWail","floor":18},{"not_picked":["Bane+1","Tactician"],"picked":"Cloak And Dagger","floor":21},{"not_picked":["Wraith Form v2","Flying Knee"],"picked":"Cloak And Dagger","floor":22},{"not_picked":["Dagger Throw","Blade Dance"],"picked":"Infinite Blades","floor":24},{"not_picked":["Acrobatics","Tactician"],"picked":"Accuracy","floor":29},{"not_picked":["Flying Knee+1","Dagger Spray","Bane+1"],"picked":"SKIP","floor":30},{"not_picked":["Envenom","Night Terror"],"picked":"Corpse Explosion","floor":33},{"not_picked":["Prepared+1","Flying Knee"],"picked":"Deflect","floor":35},{"not_picked":["Bane","Riddle With Holes+1"],"picked":"Deadly Poison","floor":36}],"player_experience":792485,"relics_obtained":[{"floor":7,"key":"Oddly Smooth Stone"},{"floor":9,"key":"Vajra"},{"floor":14,"key":"Paper Crane"},{"floor":26,"key":"Gremlin Horn"}],"event_choices":[{"damage_healed":0,"gold_gain":100,"player_choice":"Pray","damage_taken":0,"max_hp_gain":0,"max_hp_loss":0,"event_name":"Golden Shrine","floor":2,"gold_loss":0},{"damage_healed":0,"gold_gain":100,"player_choice":"Gold","damage_taken":0,"max_hp_gain":0,"max_hp_loss":0,"event_name":"Wheel of Change","floor":13,"gold_loss":0},{"damage_healed":0,"gold_gain":0,"player_choice":"Fight","damage_taken":0,"max_hp_gain":0,"max_hp_loss":0,"event_name":"Colosseum","floor":19,"gold_loss":0},{"damage_healed":0,"gold_gain":0,"player_choice":"Fled From Nobs","damage_taken":0,"max_hp_gain":0,"max_hp_loss":0,"event_name":"Colosseum","floor":19,"gold_loss":0},{"damage_healed":0,"gold_gain":0,"player_choice":"Ignored","damage_taken":0,"max_hp_gain":0,"max_hp_loss":0,"event_name":"Vampires","floor":20,"gold_loss":0},{"cards_removed":["Strike_G"],"damage_healed":0,"gold_gain":0,"player_choice":"Gave Gold","damage_taken":0,"max_hp_gain":0,"max_hp_loss":0,"event_name":"Beggar","floor":25,"gold_loss":75}],"is_beta":false,"boss_relics":[{"not_picked":["WristBlade","HoveringKite"],"picked":"White Beast Statue"},{"not_picked":["Calling Bell","Tiny House"],"picked":"Eternal Feather"}],"items_purged_floors":[3,27],"is_endless":false,"potions_floor_spawned":[4,7,14,16,18,19,21,22,24,29,30,33,35,36],"killed_by":"Transient","ascension_level":8}