{"gold_per_floor":[114,39,39,55,55,55,68,84,84,84,84,84,84,109,109,237,237,252,270,284,284,18,18,38,38,65,65,80,80,93,13,13,13],"floor_reached":33,"playtime":1788,"items_purged":["Strike_G","Writhe"],"score":249,"play_id":"5a52b2c0-83d5-4ec2-9414-45ccec0d23a7","local_time":"20181013212536","is_ascension_mode":true,"campfire_choices":[{"data":"Heel Hook","floor":6,"key":"SMITH"},{"data":"Strike_G","floor":10,"key":"SMITH"},{"data":"Sucker Punch","floor":15,"key":"SMITH"},{"data":"Apotheosis","floor":23,"key":"SMITH"},{"floor":27,"key":"REST"},{"floor":29,"key":"REST"},{"floor":32,"key":"REST"}],"neow_cost":"NONE","seed_source_timestamp":323168821158820,"circlet_count":0,"master_deck":["Defend_G","Defend_G","Defend_G","Defend_G","Defend_G","Strike_G","Strike_G","Strike_G+1","Strike_G+1","Survivor","Neutralize+1","Heel Hook+1","Sucker Punch+1","Escape Plan","Noxious Fumes","Apotheosis+1","Backflip","Caltrops","Leg Sweep","Bouncing Flask"],"relics":["Ring of the Snake","Whetstone","Golden Idol","Ornamental Fan","Sozu","The Courier","Dream Catcher"],"potions_floor_usage":[16,16],"damage_taken":[{"damage":0,"enemies":"Cultist","floor":1,"turns":4},{"damage":0,"enemies":"Jaw Worm","floor":4,"turns":3},{"damage":0,"enemies":"Small Slimes","floor":7,"turns":4},{"damage":1,"enemies":"2 Fungi Beasts","floor":8,"turns":4},{"damage":0,"enemies":"Red Slaver","floor":14,"turns":3},{"damage":45,"enemies":"Slime Boss","floor":16,"turns":15},{"damage":2,"enemies":"Spheric Guardian","floor":18,"turns":4},{"damage":0,"enemies":"Shell Parasite","floor":19,"turns":7},{"damage":29,"enemies":"Snake Plant","floor":20,"turns":8},{"damage":0,"enemies":"Snecko","floor":24,"turns":5},{"damage":7,"enemies":"Centurion and Healer","floor":28,"turns":8},{"damage":41,"enemies":"Cultist and Chosen","floor":30,"turns":8},{"damage":61,"enemies":"Automaton","floor":33,"turns":12}],"seed_played":"-7423369205106675090","potions_obtained":[{"floor":1,"key":"Dexterity Potion"},{"floor":4,"key":"Explosive Potion"},{"floor":14,"key":"Weak Potion"}],"is_trial":false,"path_per_floor":["M","$","?","M","?","R","M","M","T","R","$","?","$","M","R","B",null,"M","M","M","?","$","R","M","?","T","R","M","R","M","$","R"],"character_chosen":"THE_SILENT","items_purchased":["Noxious Fumes","Apotheosis","Backflip"],"campfire_rested":3,"item_purchase_floors":[22,22,22],"current_hp_per_floor":[70,70,75,75,57,57,57,56,56,56,56,56,56,56,56,11,75,73,73,44,44,44,44,44,44,44,66,59,75,34,34,56,0],"gold":13,"neow_bonus":"RANDOM_COMMON_RELIC","is_prod":false,"is_daily":false,"chose_seed":false,"campfire_upgraded":4,"win_rate":0,"timestamp":1539480336,"path_taken":["M","$","?","M","?","R","M","M","T","R","$","?","?","M","R","BOSS","M","M","M","?","$","R","M","?","T","R","M","R","M","$","R","BOSS"],"build_version":"2018-10-11","purchased_purges":2,"victory":false,"max_hp_per_floor":[70,70,75,75,75,75,75,75,75,75,75,75,75,75,75,75,75,75,75,75,75,75,75,75,75,75,75,75,75,75,75,75,75],"card_choices":[{"not_picked":["Dagger Throw","Acrobatics"],"picked":"Heel Hook","floor":1},{"not_picked":["Deflect","Blade Dance","Dagger Throw"],"picked":"SKIP","floor":4},{"not_picked":["Endless Agony","Flying Knee","Prepared"],"picked":"SKIP","floor":7},{"not_picked":["Finisher","Expertise","Deflect"],"picked":"SKIP","floor":8},{"not_picked":["Flying Knee","Poisoned Stab"],"picked":"Sucker Punch","floor":14},{"not_picked":["Sucker Punch","Prepared","PiercingWail"],"picked":"SKIP","floor":18},{"not_picked":["Noxious Fumes","Outmaneuver"],"picked":"Escape Plan","floor":19},{"not_picked":["Sucker Punch","Concentrate","Dagger Spray"],"picked":"SKIP","floor":20},{"not_picked":["Deadly Poison","PiercingWail+1","Riddle With Holes"],"picked":"SKIP","floor":24},{"not_picked":["Prepared","PiercingWail"],"picked":"Caltrops","floor":28},{"not_picked":["Flying Knee","Terror+1"],"picked":"Leg Sweep","floor":29},{"not_picked":["Dodge and Roll+1","Bane+1"],"picked":"Bouncing Flask","floor":30}],"player_experience":600354,"relics_obtained":[{"floor":9,"key":"Ornamental Fan"},{"floor":26,"key":"Dream Catcher"}],"event_choices":[{"event_name":"Big Fish","player_choice":"Donut","floor":3,"damage_taken":0},{"event_name":"Golden Idol","player_choice":"Take Damage","floor":5,"damage_taken":0},{"event_name":"Match and Keep!","player_choice":"0 cards matched","floor":12,"damage_taken":0},{"event_name":"Vampires","player_choice":"Ignored","floor":21,"damage_taken":0},{"event_name":"The Mausoleum","player_choice":"Yes","floor":25,"damage_taken":0}],"is_beta":false,"boss_relics":[{"not_picked":["Velvet Choker","Orrery"],"picked":"Sozu"}],"items_purged_floors":[2,31],"is_endless":false,"potions_floor_spawned":[1,4,14,20,28,30],"killed_by":"Automaton","ascension_level":1}