{"gold_per_floor":[115,127,145,159,170,204,228,258,282,298,327,327,342,31,31,135,135,152,167,167,21,39,64,64,64,89,89],"floor_reached":27,"playtime":1428,"items_purged":[],"score":268,"play_id":"565dcf37-0515-476b-b131-613900b2d803","local_time":"20181226232730","is_ascension_mode":true,"campfire_choices":[{"floor":12,"key":"RECALL"},{"floor":15,"key":"REST"}],"neow_cost":"NONE","seed_source_timestamp":29772061793573,"circlet_count":0,"master_deck":["Defend_G","Defend_G","Defend_G","Defend_G","Defend_G","Strike_G","Strike_G","Strike_G","Strike_G","Strike_G","Survivor","Neutralize","Bouncing Flask","Quick Slash","Bouncing Flask","Adrenaline","PiercingWail","Backflip","Die Die Die","Noxious Fumes","Tools of the Trade","Choke","Leg Sweep","Writhe"],"relics":["Velvet Choker","Ginger","Odd Mushroom","Gremlin Horn","Ancient Tea Set","Singing Bowl","Philosopher\u0027s Stone","Snake Skull","Juzu Bracelet","Boot","Blood Vial"],"potions_floor_usage":[6,11,11,16,22,27],"damage_taken":[{"damage":0,"enemies":"Small Slimes","floor":1,"turns":3},{"damage":0,"enemies":"2 Louse","floor":2,"turns":2},{"damage":0,"enemies":"Jaw Worm","floor":3,"turns":2},{"damage":0,"enemies":"Looter","floor":4,"turns":3},{"damage":0,"enemies":"3 Louse","floor":5,"turns":3},{"damage":6,"enemies":"Gremlin Nob","floor":6,"turns":3},{"damage":12,"enemies":"The Mushroom Lair","floor":7,"turns":4},{"damage":10,"enemies":"Lagavulin","floor":8,"turns":6},{"damage":4,"enemies":"Exordium Wildlife","floor":10,"turns":4},{"damage":8,"enemies":"Gremlin Nob","floor":11,"turns":3},{"damage":0,"enemies":"Gremlin Gang","floor":13,"turns":1},{"damage":22,"enemies":"Slime Boss","floor":16,"turns":8},{"damage":8,"enemies":"Chosen","floor":18,"turns":5},{"damage":2,"enemies":"Spheric Guardian","floor":19,"turns":5},{"damage":6,"enemies":"Centurion and Healer","floor":22,"turns":6},{"damage":31,"enemies":"Book of Stabbing","floor":23,"turns":5},{"damage":18,"enemies":"Cultist and Chosen","floor":27,"turns":4}],"seed_played":"-5351981009210965693","potions_obtained":[{"floor":1,"key":"GamblersBrew"},{"floor":5,"key":"PowerPotion"},{"floor":6,"key":"Regen Potion"},{"floor":10,"key":"SkillPotion"},{"floor":18,"key":"EssenceOfSteel"},{"floor":23,"key":"SteroidPotion"}],"is_trial":false,"path_per_floor":["M","M","M","M","M","E","?","E","T","M","E","R","M","$","R","B",null,"M","M","?","$","M","E","?","?","T","M"],"character_chosen":"THE_SILENT","items_purchased":["Singing Bowl","Noxious Fumes","Snake Skull"],"campfire_rested":1,"item_purchase_floors":[14,14,21],"current_hp_per_floor":[70,70,70,70,70,64,52,42,42,38,30,30,30,30,51,44,70,62,62,49,49,43,14,14,14,14,0],"gold":89,"neow_bonus":"BOSS_RELIC","is_prod":false,"is_daily":false,"chose_seed":false,"campfire_upgraded":0,"win_rate":0,"timestamp":1545859650,"path_taken":["M","M","M","M","M","E","?","E","T","M","E","R","M","$","R","BOSS","M","M","?","$","M","E","?","?","T","M"],"build_version":"2018-12-20","purchased_purges":0,"victory":false,"max_hp_per_floor":[70,70,70,70,70,70,70,70,70,70,70,70,70,70,70,70,70,70,72,77,77,77,79,79,79,79,79],"card_choices":[{"not_picked":["Flechettes","Dagger Spray"],"picked":"Bouncing Flask","floor":1},{"not_picked":["Blade Dance","Terror"],"picked":"Quick Slash","floor":2},{"not_picked":["Expertise","Slice","Outmaneuver"],"picked":"SKIP","floor":3},{"not_picked":["Outmaneuver","Blade Dance","Bane"],"picked":"SKIP","floor":4},{"not_picked":["Dagger Throw","Cloak And Dagger"],"picked":"Bouncing Flask","floor":5},{"not_picked":["Deflect","Unload"],"picked":"Adrenaline","floor":6},{"not_picked":["Eviscerate","Dodge and Roll"],"picked":"PiercingWail","floor":7},{"not_picked":["PiercingWail","Bane","Sucker Punch"],"picked":"SKIP","floor":8},{"not_picked":["Reflex","Blade Dance"],"picked":"Backflip","floor":10},{"not_picked":["Accuracy","Caltrops"],"picked":"Die Die Die","floor":11},{"not_picked":["Acrobatics","Slice","Prepared"],"picked":"SKIP","floor":13},{"not_picked":["A Thousand Cuts","Envenom"],"picked":"Tools of the Trade","floor":16},{"not_picked":["Eviscerate","Escape Plan"],"picked":"Choke","floor":18},{"not_picked":["Flying Knee","Bane","Dagger Throw"],"picked":"Singing Bowl","floor":19},{"not_picked":["Distraction","Backflip"],"picked":"Leg Sweep","floor":22},{"not_picked":["Cloak And Dagger","Poisoned Stab","Dagger Throw"],"picked":"Singing Bowl","floor":23}],"player_experience":200010,"relics_obtained":[{"floor":6,"key":"Ginger"},{"floor":7,"key":"Odd Mushroom"},{"floor":8,"key":"Gremlin Horn"},{"floor":11,"key":"Ancient Tea Set"},{"floor":23,"key":"Juzu Bracelet"},{"floor":26,"key":"Blood Vial"}],"event_choices":[{"damage_healed":0,"gold_gain":0,"player_choice":"Fought Mushrooms","damage_taken":0,"max_hp_gain":0,"max_hp_loss":0,"event_name":"Mushrooms","floor":7,"gold_loss":0},{"damage_healed":0,"gold_gain":0,"player_choice":"Shed Blood","damage_taken":18,"max_hp_gain":5,"max_hp_loss":0,"event_name":"Forgotten Altar","floor":20,"gold_loss":0},{"damage_healed":0,"gold_gain":0,"player_choice":"Ignored","damage_taken":0,"max_hp_gain":0,"max_hp_loss":0,"event_name":"Ghosts","floor":24,"gold_loss":0},{"damage_healed":0,"gold_gain":0,"player_choice":"Opened","damage_taken":0,"relics_obtained":["Boot"],"max_hp_gain":0,"max_hp_loss":0,"event_name":"The Mausoleum","floor":25,"gold_loss":0,"cards_obtained":["Writhe"]}],"is_beta":false,"boss_relics":[{"not_picked":["Runic Dome","White Beast Statue"],"picked":"Philosopher\u0027s Stone"}],"items_purged_floors":[],"is_endless":false,"potions_floor_spawned":[1,5,6,10,18,23],"killed_by":"Cultist and Chosen","ascension_level":1}