{"gold_per_floor":[114,189,26,26,26,26,41,60,105,105,53,53,72,16,16,119,119,131,141,60,80,97,97,0,0,0,20,30,49,49,49,49,49],"floor_reached":33,"playtime":1792,"items_purged":["Strike_G"],"score":320,"play_id":"8460d852-49f1-4c41-888b-5da67395bd03","local_time":"20181108223718","is_ascension_mode":true,"campfire_choices":[{"data":"Choke","floor":6,"key":"SMITH"},{"data":"Finisher","floor":10,"key":"SMITH"},{"data":"Noxious Fumes","floor":12,"key":"SMITH"},{"data":"Neutralize","floor":15,"key":"SMITH"},{"floor":23,"key":"REST"},{"floor":25,"key":"REST"},{"floor":32,"key":"REST"}],"neow_cost":"NONE","seed_source_timestamp":441890351696887,"circlet_count":0,"master_deck":["Defend_G","Defend_G","Defend_G","Defend_G","Defend_G","Survivor","Neutralize","Choke+1","Noxious Fumes+1","Finisher+1","Dodge and Roll","Neutralize+1","Backflip","Outmaneuver","Acrobatics","Noxious Fumes","Malaise","Deadly Poison+1","Deadly Poison+1","Concentrate+1","Blade Dance","Escape Plan","Noxious Fumes","Cloak And Dagger+1","Prepared","Leg Sweep","Blade Dance","Cloak And Dagger","Deflect"],"relics":["Ring of the Snake","Centennial Puzzle","Dodecahedron","Astrolabe","Dream Catcher"],"potions_floor_usage":[22,28,29,29,33],"damage_taken":[{"damage":0,"enemies":"Small Slimes","floor":1,"turns":4},{"damage":9,"enemies":"Jaw Worm","floor":7,"turns":3},{"damage":0,"enemies":"Cultist","floor":8,"turns":3},{"damage":2,"enemies":"Blue Slaver","floor":13,"turns":4},{"damage":13,"enemies":"Hexaghost","floor":16,"turns":9},{"damage":20,"enemies":"3 Byrds","floor":18,"turns":6},{"damage":7,"enemies":"Chosen","floor":19,"turns":6},{"damage":9,"enemies":"Snake Plant","floor":21,"turns":5},{"damage":11,"enemies":"Centurion and Healer","floor":22,"turns":6},{"damage":23,"enemies":"Sentry and Sphere","floor":27,"turns":5},{"damage":20,"enemies":"Cultist and Chosen","floor":28,"turns":7},{"damage":5,"enemies":"Snake Plant","floor":29,"turns":4},{"damage":30,"enemies":"Automaton","floor":33,"turns":8}],"seed_played":"-1737965645205209031","potions_obtained":[{"floor":13,"key":"EssenceOfSteel"},{"floor":18,"key":"AttackPotion"},{"floor":22,"key":"EssenceOfSteel"},{"floor":27,"key":"PowerPotion"},{"floor":29,"key":"Block Potion"}],"is_trial":false,"path_per_floor":["M","?","$","?","?","R","M","M","T","R","$","R","M","?","R","B",null,"M","M","$","M","M","R","$","R","T","M","M","M","?","$","R","B"],"character_chosen":"THE_SILENT","items_purchased":["Noxious Fumes","Finisher","Dodge and Roll","Acrobatics","Noxious Fumes","Prepared"],"campfire_rested":3,"item_purchase_floors":[3,3,3,11,20,24],"current_hp_per_floor":[63,52,52,52,52,52,43,43,43,43,43,43,41,41,41,28,60,40,33,33,24,13,34,34,55,55,32,12,7,7,7,28,0],"gold":49,"neow_bonus":"REMOVE_CARD","is_prod":false,"is_daily":false,"chose_seed":false,"campfire_upgraded":4,"win_rate":0,"timestamp":1541734638,"path_taken":["M","?","$","?","?","R","M","M","T","R","$","R","?","?","R","BOSS","M","?","$","M","M","R","$","R","T","M","M","M","?","$","R","BOSS"],"build_version":"2018-11-08","purchased_purges":1,"victory":false,"max_hp_per_floor":[70,70,70,70,70,70,70,70,70,70,70,70,70,70,70,70,70,70,70,70,70,70,70,70,70,70,70,70,70,70,70,70,70],"card_choices":[{"not_picked":["Dagger Throw","Eviscerate"],"picked":"Choke","floor":1},{"not_picked":["Sucker Punch","Poisoned Stab"],"picked":"Backflip","floor":7},{"not_picked":["Burst","Dagger Throw"],"picked":"Outmaneuver","floor":8},{"not_picked":["Prepared","Distraction"],"picked":"Noxious Fumes","floor":13},{"not_picked":["Storm of Steel","Wraith Form v2"],"picked":"Malaise","floor":16},{"not_picked":["Deadly Poison","Flying Knee"],"picked":"Blade Dance","floor":18},{"not_picked":["Flying Knee","Dagger Throw"],"picked":"Escape Plan","floor":19},{"not_picked":["Blade Dance","Dagger Spray"],"picked":"Cloak And Dagger+1","floor":21},{"not_picked":["Acrobatics","All Out Attack","Crippling Poison"],"picked":"SKIP","floor":22},{"not_picked":["Eviscerate+1","Poisoned Stab"],"picked":"Leg Sweep","floor":27},{"not_picked":["Deflect+1","Dagger Spray"],"picked":"Blade Dance","floor":28},{"not_picked":["Riddle With Holes","Poisoned Stab"],"picked":"Cloak And Dagger","floor":29},{"not_picked":["Choke","Blur"],"picked":"Deflect","floor":32}],"player_experience":768888,"relics_obtained":[{"floor":9,"key":"Centennial Puzzle"},{"floor":26,"key":"Dream Catcher"}],"event_choices":[{"damage_healed":0,"gold_gain":75,"player_choice":"Gather Gold","damage_taken":11,"max_hp_gain":0,"max_hp_loss":0,"event_name":"World of Goop","floor":2,"gold_loss":0},{"damage_healed":0,"gold_gain":0,"player_choice":"Ignored","damage_taken":0,"max_hp_gain":0,"max_hp_loss":0,"event_name":"Liars Game","floor":4,"gold_loss":0},{"damage_healed":0,"gold_gain":0,"player_choice":"1 cards matched","damage_taken":0,"max_hp_gain":0,"max_hp_loss":0,"event_name":"Match and Keep!","floor":5,"gold_loss":0,"cards_obtained":["Neutralize"]},{"damage_healed":0,"gold_gain":0,"player_choice":"Paid Gold","damage_taken":0,"relics_obtained":["Dodecahedron"],"max_hp_gain":0,"max_hp_loss":0,"event_name":"WeMeetAgain","floor":14,"gold_loss":56},{"damage_healed":0,"gold_gain":0,"player_choice":"Ignored","damage_taken":0,"max_hp_gain":0,"max_hp_loss":0,"event_name":"N\u0027loth","floor":30,"gold_loss":0}],"is_beta":false,"boss_relics":[{"not_picked":["Eternal Feather","Ring of the Serpent"],"picked":"Astrolabe"}],"items_purged_floors":[24],"is_endless":false,"potions_floor_spawned":[13,18,22,27,29],"killed_by":"Automaton","ascension_level":7}