{"path_per_floor":["M","$","?","?","T","E","R","E","T","?","R","E","R","$","R","B",null,"M","?","?","M","M","R","E","?","T","$","R","?","?","M","R"],"character_chosen":"THE_SILENT","items_purchased":["Poisoned Stab+1","Bouncing Flask","Noxious Fumes"],"gold_per_floor":[109,109,109,109,135,169,169,198,198,198,198,232,232,134,134,237,237,250,282,282,296,307,307,335,260,287,68,68,68,68,81,81,81],"floor_reached":33,"campfire_rested":2,"playtime":1219,"item_purchase_floors":[14,27,27],"current_hp_per_floor":[63,63,63,49,49,49,49,49,49,49,49,42,42,42,42,14,56,52,52,52,40,15,15,5,5,5,5,41,25,12,6,43,0],"items_purged":["Strike_G","Strike_G"],"gold":81,"score":471,"play_id":"db3ea627-e84f-4e62-90b0-70de494b0b0f","local_time":"20180531015554","is_prod":false,"is_daily":false,"chose_seed":false,"is_ascension_mode":true,"campfire_upgraded":5,"win_rate":0,"timestamp":1527699354,"campfire_choices":[{"data":"Crippling Poison","floor":7,"key":"SMITH"},{"data":"Deadly Poison","floor":11,"key":"SMITH"},{"data":"Neutralize","floor":13,"key":"SMITH"},{"data":"Survivor","floor":15,"key":"SMITH"},{"data":"Deadly Poison","floor":23,"key":"SMITH"},{"floor":28,"key":"REST"},{"floor":32,"key":"REST"}],"path_taken":["M","$","?","?","?","E","R","E","T","?","R","E","R","?","R","BOSS","M","?","?","M","M","R","E","?","T","?","R","?","?","M","R","BOSS"],"build_version":"2018-05-24","seed_source_timestamp":620520954980834,"purchased_purges":2,"victory":false,"master_deck":["Defend_G","Defend_G","Defend_G+1","Defend_G","Strike_G+1","Survivor+1","Neutralize+1","Crippling Poison+1","Well Laid Plans","Deadly Poison+1","Poisoned Stab+1","Tools of the Trade","Poisoned Stab+1","Deadly Poison+1","After Image","Bane+1","Bouncing Flask","Noxious Fumes"],"max_hp_per_floor":[70,70,70,70,70,70,70,70,70,70,70,70,70,70,70,70,70,70,70,70,70,70,70,70,70,70,70,70,70,75,75,75,75],"relics":["Ring of the Snake","NeowsBlessing","Bronze Scales","Molten Egg 2","Regal Pillow","Juzu Bracelet","Kunai","Runic Dome","Red Mask","Torii","Lantern","Enchiridion"],"card_choices":[{"not_picked":["Distraction","Accuracy"],"picked":"Crippling Poison","floor":1},{"not_picked":["Masterful Stab","Glass Knife"],"picked":"Well Laid Plans","floor":6},{"not_picked":["Bullet Time","Deflect"],"picked":"Deadly Poison","floor":8},{"not_picked":["Caltrops","Backflip","Underhanded Strike+1"],"picked":"SKIP","floor":12},{"not_picked":["Wraith Form v2","Adrenaline"],"picked":"Tools of the Trade","floor":16},{"not_picked":["Underhanded Strike+1","Flechettes+1","Accuracy"],"picked":"SKIP","floor":18},{"not_picked":["Cloak And Dagger","Blur"],"picked":"Poisoned Stab+1","floor":19},{"not_picked":["Prepared","Bane+1"],"picked":"Deadly Poison","floor":21},{"not_picked":["Blur","Sucker Punch+1"],"picked":"After Image","floor":22},{"not_picked":["Outmaneuver","Venomology"],"picked":"Bane+1","floor":24},{"not_picked":["Prepared","Setup","Finisher+1"],"picked":"SKIP","floor":31}],"player_experience":701366,"potions_floor_usage":[12,19,24,24,24],"damage_taken":[{"damage":0,"enemies":"Cultist","floor":1,"turns":1},{"damage":0,"enemies":"Gremlin Nob","floor":6,"turns":1},{"damage":0,"enemies":"3 Sentries","floor":8,"turns":1},{"damage":7,"enemies":"Gremlin Nob","floor":12,"turns":4},{"damage":28,"enemies":"Slime Boss","floor":16,"turns":9},{"damage":4,"enemies":"Chosen","floor":18,"turns":4},{"damage":0,"enemies":"Masked Bandits","floor":19,"turns":3},{"damage":12,"enemies":"2 Thieves","floor":21,"turns":4},{"damage":25,"enemies":"Slaver and Parasite","floor":22,"turns":4},{"damage":10,"enemies":"Slavers","floor":24,"turns":5},{"damage":6,"enemies":"Snecko","floor":31,"turns":4},{"damage":58,"enemies":"Champ","floor":33,"turns":7}],"relics_obtained":[{"floor":5,"key":"Bronze Scales"},{"floor":6,"key":"Molten Egg 2"},{"floor":8,"key":"Regal Pillow"},{"floor":9,"key":"Juzu Bracelet"},{"floor":12,"key":"Kunai"},{"floor":19,"key":"Red Mask"},{"floor":24,"key":"Torii"},{"floor":26,"key":"Lantern"},{"floor":29,"key":"Enchiridion"}],"event_choices":[{"event_name":"Living Wall","player_choice":"Forget","floor":3,"damage_taken":0},{"event_name":"Shining Light","player_choice":"Entered Light","floor":4,"damage_taken":0},{"event_name":"The Lab","player_choice":"Got Potions","floor":10,"damage_taken":0},{"event_name":"Masked Bandits","player_choice":"Fought over 250 gold","floor":19,"damage_taken":0},{"event_name":"Back to Basics","player_choice":"Elegance","floor":20,"damage_taken":0},{"event_name":"Beggar","player_choice":"Gave Gold","floor":25,"damage_taken":0},{"event_name":"Cursed Tome","player_choice":"Obtained Book","floor":29,"damage_taken":0},{"event_name":"Forgotten Altar","player_choice":"Shed Blood","floor":30,"damage_taken":0}],"boss_relics":[{"not_picked":["Pandora\u0027s Box","Snecko Eye"],"picked":"Runic Dome"}],"items_purged_floors":[14,27],"potions_floor_spawned":[1,6,16,21,31],"seed_played":"-637971035329593469","killed_by":"Champ","ascension_level":9,"potions_obtained":[{"floor":1,"key":"Dexterity Potion"},{"floor":6,"key":"Dexterity Potion"},{"floor":10,"key":"FearPotion"},{"floor":16,"key":"Explosive Potion"},{"floor":21,"key":"Ancient Potion"},{"floor":31,"key":"SteroidPotion"}],"is_trial":false}