{"gold_per_floor":[215,21,35,51,51,85,85,119,119,132,152,152,168,191,191,286,286,304,36,36,36,50,50],"floor_reached":23,"playtime":1091,"items_purged":["Decay"],"score":231,"play_id":"7876166f-5e20-4e7b-a0d1-1bc8d74eaf1c","local_time":"20180818154428","is_ascension_mode":true,"campfire_choices":[{"floor":7,"key":"REST"},{"floor":12,"key":"REST"},{"floor":15,"key":"REST"}],"neow_cost":"NONE","seed_source_timestamp":497052515983822,"circlet_count":0,"master_deck":["Defend_G","Defend_G","Defend_G","Defend_G","Defend_G","Strike_G","Strike_G","Strike_G","Strike_G","Strike_G","Survivor","Neutralize","Quick Slash","Endless Agony","Catalyst","Deadly Poison","Poisoned Stab","Slice","Backflip","Slice","Corpse Explosion","Normality","Flying Knee","Clumsy","Crippling Poison"],"relics":["Ring of the Snake","TwistedFunnel","Centennial Puzzle","Paper Crane","Pen Nib","Odd Mushroom","Calling Bell","Boot","Dodecahedron","The Specimen","MealTicket"],"potions_floor_usage":[6,8,11,13,16,22],"damage_taken":[{"damage":8,"enemies":"Jaw Worm","floor":1,"turns":5},{"damage":0,"enemies":"Small Slimes","floor":3,"turns":3},{"damage":0,"enemies":"2 Louse","floor":4,"turns":2},{"damage":35,"enemies":"Gremlin Nob","floor":6,"turns":4},{"damage":14,"enemies":"Lagavulin","floor":8,"turns":5},{"damage":4,"enemies":"Red Slaver","floor":10,"turns":3},{"damage":1,"enemies":"Looter","floor":11,"turns":2},{"damage":0,"enemies":"Exordium Wildlife","floor":13,"turns":2},{"damage":0,"floor":14,"turns":2},{"damage":49,"enemies":"Slime Boss","floor":16,"turns":13},{"damage":17,"enemies":"2 Thieves","floor":18,"turns":2},{"damage":28,"enemies":"Spheric Guardian","floor":22,"turns":4},{"damage":27,"enemies":"Book of Stabbing","floor":23,"turns":3}],"seed_played":"2962469023154767230","potions_obtained":[{"floor":4,"key":"EntropicBrew"},{"floor":8,"key":"Fire Potion"},{"floor":18,"key":"AttackPotion"}],"is_trial":false,"path_per_floor":["M","$","M","M","?","E","R","E","T","M","M","R","M","?","R","B",null,"M","$","?","?","M"],"character_chosen":"THE_SILENT","items_purchased":["TwistedFunnel","MealTicket"],"campfire_rested":3,"item_purchase_floors":[2,19],"current_hp_per_floor":[62,62,62,62,62,27,48,34,34,30,29,50,50,50,70,21,70,53,53,53,53,25,0],"gold":50,"neow_bonus":"HUNDRED_GOLD","is_prod":false,"is_daily":false,"chose_seed":false,"campfire_upgraded":0,"win_rate":0,"timestamp":1534596268,"path_taken":["M","$","M","M","?","E","R","E","T","M","?","R","M","?","R","BOSS","M","$","?","?","M","E"],"build_version":"2018-08-16","purchased_purges":1,"victory":false,"max_hp_per_floor":[70,70,70,70,70,70,70,70,70,70,70,70,70,70,70,70,70,70,70,70,70,70,70],"card_choices":[{"not_picked":["Poisoned Stab","Prepared"],"picked":"Quick Slash","floor":1},{"not_picked":["Sucker Punch","Poisoned Stab"],"picked":"Endless Agony","floor":3},{"not_picked":["Quick Slash","Unload"],"picked":"Catalyst","floor":4},{"not_picked":["Flechettes","Glass Knife"],"picked":"Deadly Poison","floor":6},{"not_picked":["Underhanded Strike","Backflip"],"picked":"Poisoned Stab","floor":8},{"not_picked":["All Out Attack","Sucker Punch"],"picked":"Slice","floor":10},{"not_picked":["Acrobatics","Doppelganger","Blur"],"picked":"SKIP","floor":11},{"not_picked":["Outmaneuver","Acrobatics"],"picked":"Backflip","floor":13},{"not_picked":["Quick Slash","Backflip"],"picked":"Slice","floor":14},{"not_picked":["Die Die Die","Wraith Form v2"],"picked":"Corpse Explosion","floor":16},{"not_picked":["Poisoned Stab","Outmaneuver"],"picked":"Flying Knee","floor":18},{"not_picked":["Backflip","Prepared"],"picked":"Crippling Poison","floor":22}],"player_experience":60688,"relics_obtained":[{"floor":6,"key":"Centennial Puzzle"},{"floor":8,"key":"Paper Crane"},{"floor":9,"key":"Pen Nib"},{"floor":14,"key":"Odd Mushroom"},{"floor":17,"key":"Boot"},{"floor":17,"key":"Dodecahedron"},{"floor":17,"key":"The Specimen"}],"event_choices":[{"event_name":"Scrap Ooze","player_choice":"unsuccessful","floor":5,"damage_taken":0},{"event_name":"Mushrooms","player_choice":"Fought Mushrooms","floor":14,"damage_taken":0},{"event_name":"Ghosts","player_choice":"Ignored","floor":20,"damage_taken":0},{"event_name":"Transmorgrifier","player_choice":"Transform","floor":21,"damage_taken":0}],"is_beta":false,"boss_relics":[{"not_picked":["Empty Cage","White Beast Statue"],"picked":"Calling Bell"}],"items_purged_floors":[19],"is_endless":false,"potions_floor_spawned":[4,6,8,10,18],"killed_by":"Book of Stabbing","ascension_level":3}