{"gold_per_floor":[112,132,57,72,72,72,1,1,1,19,19,39,73,73,73,175,175,187,87,102,56,74,104,104],"floor_reached":24,"playtime":989,"items_purged":["Strike_R","Strike_R"],"score":227,"play_id":"151b99f6-f3c3-4c31-a0ae-21c19a008189","local_time":"20181030214011","is_ascension_mode":true,"campfire_choices":[{"data":"Dual Wield","floor":6.0,"key":"SMITH"},{"data":"Heavy Blade","floor":8.0,"key":"SMITH"},{"data":"Limit Break","floor":15.0,"key":"SMITH"}],"neow_cost":"NONE","seed_source_timestamp":0,"circlet_count":0,"master_deck":["Strike_R","Strike_R","Strike_R","Defend_R","Defend_R+1","Defend_R","Defend_R","Bash+1","Spot Weakness","Heavy Blade+1","Dual Wield+1","Spot Weakness","Flex","Limit Break+1","Dual Wield","Pummel","True Grit","Metallicize"],"special_seed":0,"relics":["Burning Blood","NeowsBlessing","Gremlin Horn","Happy Flower","Cursed Key","Molten Egg 2"],"potions_floor_usage":[22,22,23,23,24],"damage_taken":[{"damage":0.0,"enemies":"2 Louse","floor":1.0,"turns":1.0},{"damage":0.0,"enemies":"Small Slimes","floor":2.0,"turns":1.0},{"damage":0.0,"enemies":"Cultist","floor":4.0,"turns":1.0},{"damage":0.0,"enemies":"Gremlin Gang","floor":10.0,"turns":6.0},{"damage":14.0,"enemies":"Exordium Wildlife","floor":12.0,"turns":4.0},{"damage":19.0,"enemies":"3 Sentries","floor":13.0,"turns":6.0},{"damage":19.0,"enemies":"Hexaghost","floor":16.0,"turns":6.0},{"damage":31.0,"enemies":"Spheric Guardian","floor":18.0,"turns":5.0},{"damage":26.0,"enemies":"3 Byrds","floor":20.0,"turns":4.0},{"damage":31,"enemies":"Shelled Parasite and Fungi","floor":22,"turns":4},{"damage":9,"enemies":"Slavers","floor":23,"turns":4},{"damage":8,"enemies":"Snake Plant","floor":24,"turns":1}],"seed_played":"-49663234543802493","potions_obtained":[{"floor":1.0,"key":"SkillPotion"},{"floor":10.0,"key":"EssenceOfSteel"},{"floor":16.0,"key":"PowerPotion"},{"floor":20,"key":"Explosive Potion"},{"floor":22,"key":"AttackPotion"},{"floor":23,"key":"AttackPotion"}],"is_trial":false,"path_per_floor":["M","M","$","M","?","R","$","R","T","M","$","M","E","?","R","B",null,"M","$","M","$","M","E"],"character_chosen":"IRONCLAD","items_purchased":["Spot Weakness","True Grit"],"campfire_rested":0,"item_purchase_floors":[7,21],"current_hp_per_floor":[80,80,80,80,64,64,64,64,64,70,70,62,49,49,49,36,80,55,55,35,35,10,7,0],"gold":104,"neow_bonus":"THREE_ENEMY_KILL","is_prod":false,"is_daily":false,"chose_seed":false,"campfire_upgraded":3,"win_rate":0,"timestamp":1540950011,"path_taken":["M","M","$","M","?","R","?","R","T","M","$","?","E","?","R","BOSS","M","$","?","$","M","E","M"],"build_version":"2018-10-25v2","purchased_purges":2,"victory":false,"max_hp_per_floor":[80,80,80,80,80,80,80,80,80,80,80,80,80,80,80,80,80,80,80,80,80,80,80,80],"card_choices":[{"not_picked":["Armaments","Iron Wave"],"picked":"Spot Weakness","floor":1.0},{"not_picked":["Cleave","Clothesline"],"picked":"Heavy Blade","floor":2.0},{"not_picked":["Rupture","Hemokinesis"],"picked":"Dual Wield","floor":4.0},{"not_picked":["Infernal Blade","Perfected Strike"],"picked":"Flex","floor":10.0},{"not_picked":["Pommel Strike","Carnage","Power Through"],"picked":"SKIP","floor":12.0},{"not_picked":["Rupture","Sword Boomerang"],"picked":"Limit Break","floor":13.0},{"not_picked":["Clothesline","Wild Strike"],"picked":"Dual Wield","floor":18.0},{"not_picked":["Seeing Red+1","Body Slam"],"picked":"Pummel","floor":20},{"not_picked":["Anger","Headbutt","Spot Weakness+1"],"picked":"SKIP","floor":22},{"not_picked":["Clothesline","Second Wind"],"picked":"Metallicize","floor":23}],"player_experience":704303,"relics_obtained":[{"floor":9.0,"key":"Gremlin Horn"},{"floor":13.0,"key":"Happy Flower"},{"floor":23,"key":"Molten Egg 2"}],"event_choices":[{"damage_healed":0.0,"max_hp_gain":0.0,"max_hp_loss":0.0,"gold_gain":0.0,"event_name":"Shining Light","player_choice":"Entered Light","floor":5.0,"gold_loss":0.0,"damage_taken":16.0,"cards_upgraded":["Bash","Defend_R"]},{"damage_healed":0.0,"max_hp_gain":0.0,"max_hp_loss":0.0,"gold_gain":0.0,"event_name":"The Woman in Blue","player_choice":"Bought 0 Potions","floor":14.0,"gold_loss":0.0,"damage_taken":0.0}],"is_beta":false,"boss_relics":[{"not_picked":["Snecko Eye","Eternal Feather"],"picked":"Cursed Key"}],"items_purged_floors":[3,19],"is_endless":false,"potions_floor_spawned":[1,10,16,20,22,23],"killed_by":"Snake Plant","ascension_level":1}