{"gold_per_floor":[114,189,203,217,99,129,129,163,163,174,187,187,203,218,218,323,323,340,195,207,306,356,385,396,428,483,502,512,512,527,542,542,645,645,664,664,664,664,163,163,176,209,289,335,335,335],"floor_reached":46,"playtime":3787,"items_purged":["Decay","Injury"],"score":552,"play_id":"6c501382-da86-4d2f-8492-9eba302e74d6","local_time":"20190301175436","is_ascension_mode":false,"campfire_choices":[{"data":"Cloak And Dagger","floor":7.0,"key":"SMITH"},{"data":"Crippling Poison","floor":12.0,"key":"SMITH"},{"floor":15.0,"key":"REST"},{"data":"Noxious Fumes","floor":29.0,"key":"SMITH"},{"floor":32.0,"key":"REST"},{"data":"After Image","floor":40.0,"key":"SMITH"}],"neow_cost":"NONE","seed_source_timestamp":6983304490800,"circlet_count":0,"master_deck":["Defend_G","Defend_G","Defend_G","Defend_G","Defend_G","Strike_G","Strike_G","Strike_G","Strike_G","Survivor","Neutralize+1","Dagger Spray","Choke","Cloak And Dagger+1","Malaise","Crippling Poison+1","After Image+1","Injury","Noxious Fumes+1","Dash+1","Cloak And Dagger","Acrobatics","Caltrops+1","Adrenaline","Deflect+1","PiercingWail+1"],"special_seed":0,"relics":["Ring of the Snake","FossilizedHelix","Tingsha","Ice Cream","Calling Bell","Happy Flower","Mercury Hourglass","Calipers","Molten Egg 2","Ginger","Strawberry","Lizard Tail","Bag of Preparation","Sundial","Regal Pillow","Meat on the Bone","Orichalcum"],"potions_floor_usage":[],"damage_taken":[{"damage":0.0,"enemies":"Jaw Worm","floor":1.0,"turns":3.0},{"damage":0.0,"enemies":"Small Slimes","floor":3.0,"turns":3.0},{"damage":0.0,"enemies":"Cultist","floor":4.0,"turns":3.0},{"damage":20.0,"enemies":"Lagavulin","floor":6.0,"turns":9.0},{"damage":10.0,"enemies":"Gremlin Nob","floor":8.0,"turns":5.0},{"damage":0.0,"enemies":"Red Slaver","floor":10.0,"turns":3.0},{"damage":0.0,"enemies":"Large Slime","floor":11.0,"turns":4.0},{"damage":0.0,"enemies":"Looter","floor":13.0,"turns":3.0},{"damage":2.0,"enemies":"Gremlin Gang","floor":14.0,"turns":4.0},{"damage":15.0,"enemies":"The Guardian","floor":16.0,"turns":16.0},{"damage":0.0,"enemies":"3 Byrds","floor":18.0,"turns":3.0},{"damage":16.0,"enemies":"Spheric Guardian","floor":20.0,"turns":5.0},{"damage":22.0,"enemies":"Slavers","floor":23.0,"turns":6.0},{"damage":6.0,"enemies":"Shelled Parasite and Fungi","floor":24.0,"turns":7.0},{"damage":0.0,"enemies":"Book of Stabbing","floor":25.0,"turns":8.0},{"damage":0.0,"enemies":"Snecko","floor":27.0,"turns":6.0},{"damage":2.0,"enemies":"Snake Plant","floor":28.0,"turns":6.0},{"damage":0.0,"enemies":"Chosen and Byrds","floor":30.0,"turns":6.0},{"damage":2.0,"enemies":"Cultist and Chosen","floor":31.0,"turns":6.0},{"damage":14.0,"enemies":"Champ","floor":33.0,"turns":14.0},{"damage":5.0,"enemies":"Orb Walker","floor":35.0,"turns":5.0},{"damage":17.0,"enemies":"3 Darklings","floor":41.0,"turns":6.0},{"damage":73.0,"enemies":"Reptomancer","floor":42.0,"turns":10.0},{"damage":48,"enemies":"Giant Head","floor":46,"turns":8}],"seed_played":"6515871049985086563","potions_obtained":[{"floor":4.0,"key":"Fire Potion"},{"floor":8.0,"key":"Ancient Potion"},{"floor":10.0,"key":"SkillPotion"},{"floor":16.0,"key":"Strength Potion"},{"floor":20.0,"key":"EssenceOfSteel"},{"floor":23.0,"key":"Block Potion"},{"floor":28.0,"key":"GhostInAJar"},{"floor":30.0,"key":"Weak Potion"},{"floor":41.0,"key":"Swift Potion"}],"is_trial":false,"path_per_floor":["M","?","M","M","$","E","R","E","T","M","M","R","M","M","R","B",null,"M","$","M","?","?","E","M","E","T","M","M","R","M","M","R","B",null,"M","?","?","?","$","R","M","E","T","T","?","E"],"character_chosen":"THE_SILENT","items_purchased":["Cloak And Dagger","Well Laid Plans","Noxious Fumes","Bag of Preparation","Sundial"],"campfire_rested":2,"item_purchase_floors":[5,5,19,39,39],"current_hp_per_floor":[70,59,59,59,59,39,39,29,29,29,29,29,29,27,48,33,70,70,70,54,54,54,32,26,26,33,33,31,31,31,29,52,38,77,72,72,72,72,72,72,55,24,24,24,24,0],"gold":335,"neow_bonus":"UPGRADE_CARD","is_prod":false,"is_daily":false,"chose_seed":false,"campfire_upgraded":4,"win_rate":0,"timestamp":1551491676,"path_taken":["M","?","M","M","$","E","R","E","T","M","M","R","M","M","R","BOSS","M","$","M","?","?","E","M","E","T","M","M","R","?","M","R","BOSS","M","?","?","?","$","R","?","E","T","?","?","E"],"build_version":"2019-01-23","purchased_purges":2,"victory":false,"max_hp_per_floor":[70,70,70,70,70,70,70,70,70,70,70,70,70,70,70,70,70,70,70,70,70,70,70,70,70,77,77,77,77,77,77,77,77,77,77,77,77,77,77,77,77,77,77,77,77,77],"card_choices":[{"not_picked":["Deflect","Dodge and Roll"],"picked":"Dagger Spray","floor":1.0},{"not_picked":["Outmaneuver","Deadly Poison"],"picked":"Choke","floor":3.0},{"not_picked":["All Out Attack","Quick Slash","Dodge and Roll"],"picked":"SKIP","floor":4.0},{"not_picked":["Flying Knee","Quick Slash"],"picked":"Malaise","floor":6.0},{"not_picked":["Calculated Gamble","Masterful Stab"],"picked":"Crippling Poison","floor":8.0},{"not_picked":["Calculated Gamble","Finisher","Terror"],"picked":"SKIP","floor":10.0},{"not_picked":["Blade Dance","Crippling Poison","Underhanded Strike"],"picked":"SKIP","floor":11.0},{"not_picked":["Outmaneuver","Sucker Punch","Well Laid Plans"],"picked":"SKIP","floor":13.0},{"not_picked":["Bouncing Flask","Sucker Punch","Accuracy"],"picked":"SKIP","floor":14.0},{"not_picked":["Phantasmal Killer","Night Terror"],"picked":"After Image","floor":16.0},{"not_picked":["Riddle With Holes","Bouncing Flask","Flying Knee"],"picked":"SKIP","floor":18.0},{"not_picked":["Skewer","Dagger Spray","Masterful Stab"],"picked":"SKIP","floor":20.0},{"not_picked":["Slice+1","Grand Finale","Tactician"],"picked":"SKIP","floor":23.0},{"not_picked":["Terror+1","Catalyst","Blade Dance"],"picked":"SKIP","floor":24.0},{"not_picked":["Eviscerate+1","Finisher+1"],"picked":"Dash+1","floor":25.0},{"not_picked":["Dagger Throw+1","Poisoned Stab+1"],"picked":"Cloak And Dagger","floor":27.0},{"not_picked":["Eviscerate+1","Dagger Spray+1","Deadly Poison"],"picked":"SKIP","floor":28.0},{"not_picked":["Dagger Spray+1","Slice+1"],"picked":"Acrobatics","floor":30.0},{"not_picked":["Expertise+1","Acrobatics+1"],"picked":"Caltrops+1","floor":31.0},{"not_picked":["Glass Knife+1","Wraith Form v2"],"picked":"Adrenaline","floor":33.0},{"not_picked":["Slice+1","Dodge and Roll"],"picked":"Deflect+1","floor":35.0},{"not_picked":["Dagger Spray+1","Slice+1","Bane+1"],"picked":"SKIP","floor":41.0},{"not_picked":["Bane+1","All Out Attack+1"],"picked":"PiercingWail+1","floor":42.0}],"player_experience":92341,"relics_obtained":[{"floor":6.0,"key":"FossilizedHelix"},{"floor":8.0,"key":"Tingsha"},{"floor":9.0,"key":"Ice Cream"},{"floor":17.0,"key":"Happy Flower"},{"floor":17.0,"key":"Mercury Hourglass"},{"floor":17.0,"key":"Calipers"},{"floor":23.0,"key":"Molten Egg 2"},{"floor":25.0,"key":"Ginger"},{"floor":26.0,"key":"Strawberry"},{"floor":42.0,"key":"Regal Pillow"},{"floor":43.0,"key":"Meat on the Bone"},{"floor":44.0,"key":"Orichalcum"}],"event_choices":[{"damage_healed":0.0,"max_hp_gain":0.0,"max_hp_loss":0.0,"gold_gain":75.0,"event_name":"World of Goop","player_choice":"Gather Gold","floor":2.0,"gold_loss":0.0,"damage_taken":11.0},{"damage_healed":0.0,"max_hp_gain":0.0,"max_hp_loss":0.0,"gold_gain":99.0,"event_name":"Nest","player_choice":"Stole From Cult","floor":21.0,"gold_loss":0.0,"damage_taken":0.0},{"damage_healed":0.0,"max_hp_gain":0.0,"max_hp_loss":0.0,"gold_gain":100.0,"event_name":"The Joust","player_choice":"Bet on Murderer","floor":22.0,"gold_loss":50.0,"damage_taken":0.0},{"damage_healed":0.0,"max_hp_gain":0.0,"max_hp_loss":0.0,"gold_gain":0.0,"event_name":"Tomb of Lord Red Mask","player_choice":"Ignored","floor":36.0,"gold_loss":0.0,"damage_taken":0.0},{"cards_removed":["Well Laid Plans"],"damage_healed":0.0,"max_hp_gain":0.0,"max_hp_loss":0.0,"gold_gain":0.0,"event_name":"Falling","player_choice":"Removed Power","floor":37.0,"gold_loss":0.0,"damage_taken":0.0},{"cards_removed":["Strike_G"],"damage_healed":0.0,"max_hp_gain":0.0,"max_hp_loss":0.0,"gold_gain":0.0,"event_name":"Wheel of Change","player_choice":"Card Removal","floor":38.0,"gold_loss":0.0,"damage_taken":0.0},{"damage_healed":0,"gold_gain":0,"player_choice":"Ignored","damage_taken":0,"max_hp_gain":0,"max_hp_loss":0,"event_name":"Mysterious Sphere","floor":45,"gold_loss":0}],"is_beta":false,"boss_relics":[{"not_picked":["Sozu","Black Star"],"picked":"Calling Bell"},{"not_picked":["Ring of the Serpent","Runic Pyramid"],"picked":"Lizard Tail"}],"items_purged_floors":[19,39],"is_endless":false,"potions_floor_spawned":[4,8,10,16,20,23,28,30,41],"killed_by":"Giant Head","ascension_level":0}