{"gold_per_floor":[365,378,109,109,127,127,145,45,95,119,133,148,148,148,148,148],"floor_reached":16,"playtime":904,"items_purged":["Doubt","Defend_G"],"score":156,"play_id":"028ce87e-72d6-4fc9-8d4a-6604f0b1d605","local_time":"20180804181615","is_ascension_mode":true,"campfire_choices":[{"data":"Neutralize","floor":6,"key":"SMITH"},{"data":"Backflip","floor":13,"key":"SMITH"},{"data":"Backflip","floor":15,"key":"SMITH"}],"neow_cost":"CURSE","seed_source_timestamp":0,"circlet_count":0,"master_deck":["Defend_G","Defend_G","Defend_G","Defend_G","Strike_G","Strike_G","Strike_G","Strike_G","Strike_G","Survivor","Neutralize+1","AscendersBane","Backflip+1","Cloak And Dagger","Adrenaline","Footwork","Infinite Blades","Backflip+1"],"special_seed":0,"relics":["Ring of the Snake","HandDrill","Potion Belt","Regal Pillow","Odd Mushroom"],"potions_floor_usage":[10,16,16,16],"damage_taken":[{"damage":4.0,"enemies":"Jaw Worm","floor":1.0,"turns":10.0},{"damage":6,"enemies":"Cultist","floor":2,"turns":6},{"damage":4,"enemies":"Small Slimes","floor":5,"turns":4},{"damage":0,"enemies":"2 Fungi Beasts","floor":7,"turns":5},{"damage":12,"floor":10,"turns":7},{"damage":0,"enemies":"Looter","floor":11,"turns":4},{"damage":5,"enemies":"Gremlin Gang","floor":12,"turns":6},{"damage":27,"enemies":"Hexaghost","floor":16,"turns":14}],"seed_played":"-3734221386374263185","potions_obtained":[{"floor":7,"key":"Block Potion"},{"floor":12,"key":"Ancient Potion"},{"floor":14,"key":"GamblersBrew"},{"floor":14,"key":"Poison Potion"},{"floor":14,"key":"Weak Potion"}],"is_trial":false,"path_per_floor":["M","M","$","?","M","R","M","$","T","?","M","M","R","?","R"],"character_chosen":"THE_SILENT","items_purchased":["HandDrill"],"campfire_rested":0,"item_purchase_floors":[3],"current_hp_per_floor":[55,49,49,46,42,42,42,42,42,30,30,25,25,25,25,0],"gold":148,"neow_bonus":"TWO_FIFTY_GOLD","is_prod":false,"is_daily":false,"chose_seed":false,"campfire_upgraded":3,"win_rate":0,"timestamp":1533374175,"path_taken":["M","M","$","?","M","R","M","?","T","?","M","M","R","?","R","BOSS"],"build_version":"2018-08-02","purchased_purges":2,"victory":false,"max_hp_per_floor":[66,66,66,66,66,66,66,66,66,66,66,66,66,66,66,66],"card_choices":[{"not_picked":["PiercingWail","Flechettes"],"picked":"Backflip","floor":1.0},{"not_picked":["Bane","Masterful Stab"],"picked":"Cloak And Dagger","floor":2},{"not_picked":["Leg Sweep","Reflex"],"picked":"Adrenaline","floor":5},{"not_picked":["Poisoned Stab","Acrobatics"],"picked":"Footwork","floor":7},{"not_picked":["Storm of Steel","Deadly Poison"],"picked":"Infinite Blades","floor":11},{"not_picked":["Concentrate","Dagger Throw"],"picked":"Backflip","floor":12}],"player_experience":805856,"relics_obtained":[{"floor":9,"key":"Regal Pillow"},{"floor":10,"key":"Odd Mushroom"}],"event_choices":[{"event_name":"Scrap Ooze","player_choice":"success","floor":4,"damage_taken":3},{"event_name":"Mushrooms","player_choice":"Fought Mushrooms","floor":10,"damage_taken":0},{"event_name":"The Lab","player_choice":"Got Potions","floor":14,"damage_taken":0}],"is_beta":false,"boss_relics":[],"items_purged_floors":[3,8],"is_endless":false,"potions_floor_spawned":[7,12],"killed_by":"Hexaghost","ascension_level":14}