{"gold_per_floor":[110,130,130,29,40,40,67,67,144,144,144,169,189,203,203,203],"floor_reached":16,"playtime":904,"items_purged":["Normality"],"score":187,"play_id":"c2676f46-8e07-4225-91cf-a8347dbd9eab","local_time":"20190225110434","is_ascension_mode":true,"campfire_choices":[{"data":"Inflame","floor":6,"key":"SMITH"},{"data":"Perfected Strike","floor":8,"key":"SMITH"},{"floor":10,"key":"REST"},{"data":"Flame Barrier","floor":15,"key":"SMITH"}],"neow_cost":"CURSE","seed_source_timestamp":2862553802600,"circlet_count":0,"master_deck":["AscendersBane","Strike_R","Strike_R","Strike_R","Strike_R","Strike_R","Defend_R","Defend_R","Defend_R","Defend_R","Bash","Inflame+1","Perfected Strike+1","Immolate","Pummel","Flame Barrier+1"],"relics":["Burning Blood","Smiling Mask","Letter Opener","Matryoshka","Omamori"],"potions_floor_usage":[7,12,16,16],"damage_taken":[{"damage":15,"enemies":"2 Louse","floor":1,"turns":5},{"damage":6,"enemies":"Jaw Worm","floor":2,"turns":4},{"damage":10,"enemies":"Small Slimes","floor":5,"turns":4},{"damage":25,"enemies":"3 Sentries","floor":7,"turns":9},{"damage":32,"enemies":"Lagavulin","floor":12,"turns":6},{"damage":7,"enemies":"2 Fungi Beasts","floor":13,"turns":2},{"damage":0,"enemies":"Large Slime","floor":14,"turns":4},{"damage":53,"enemies":"Hexaghost","floor":16,"turns":11}],"seed_played":"-4701798142671305491","potions_obtained":[{"floor":1,"key":"Weak Potion"},{"floor":7,"key":"Weak Potion"},{"floor":14,"key":"SkillPotion"}],"is_trial":false,"path_per_floor":["M","M","?","$","M","R","E","R","T","R","?","E","M","M","R","B"],"character_chosen":"IRONCLAD","items_purchased":["Fire Potion"],"campfire_rested":1,"item_purchase_floors":[4],"current_hp_per_floor":[73,73,70,70,66,66,47,47,47,73,73,47,46,52,52,0],"gold":203,"neow_bonus":"TWENTY_PERCENT_HP_BONUS","is_prod":false,"is_daily":false,"chose_seed":false,"campfire_upgraded":3,"win_rate":0,"timestamp":1551110674,"path_taken":["M","M","?","$","M","R","E","R","T","R","?","E","M","M","R","BOSS"],"build_version":"2019-01-23","purchased_purges":1,"victory":false,"max_hp_per_floor":[89,89,89,89,89,89,89,89,89,89,89,89,89,89,89,89],"card_choices":[{"not_picked":["Perfected Strike","True Grit"],"picked":"Inflame","floor":1},{"not_picked":["Clash","Warcry","Dropkick"],"picked":"SKIP","floor":2},{"not_picked":["Havoc","Cleave","Power Through"],"picked":"SKIP","floor":5},{"not_picked":["Dual Wield","Bloodletting"],"picked":"Perfected Strike","floor":7},{"not_picked":["Cleave","Iron Wave"],"picked":"Immolate","floor":12},{"not_picked":["Body Slam","Anger"],"picked":"Pummel","floor":13},{"not_picked":["Sword Boomerang","Rage"],"picked":"Flame Barrier","floor":14}],"player_experience":1335707,"relics_obtained":[{"floor":7,"key":"Letter Opener"},{"floor":9,"key":"Matryoshka"},{"floor":12,"key":"Omamori"}],"event_choices":[{"damage_healed":0,"gold_gain":0,"player_choice":"Success","damage_taken":3,"relics_obtained":["Smiling Mask"],"max_hp_gain":0,"max_hp_loss":0,"event_name":"Scrap Ooze","floor":3,"gold_loss":0},{"damage_healed":0,"gold_gain":0,"player_choice":"Ignored","damage_taken":0,"max_hp_gain":0,"max_hp_loss":0,"event_name":"Shining Light","floor":11,"gold_loss":0}],"is_beta":false,"boss_relics":[],"items_purged_floors":[4],"is_endless":false,"potions_floor_spawned":[1,7,14],"killed_by":"Hexaghost","ascension_level":14}