{"path_per_floor":["M","?","$","?","$","R","M","M","T","M","M","M","M","$","R","B",null,"M","$","?","M","$","R","M","M","T","T","R","?","R","M","R"],"character_chosen":"IRONCLAD","items_purchased":["Rupture","Shrug It Off","Shrug It Off","Flex","Battle Trance"],"gold_per_floor":[114,289,81,81,81,81,92,110,110,128,145,159,170,21,21,116,116,134,7,7,27,27,27,38,48,75,99,99,99,99,109,109],"floor_reached":33,"campfire_rested":3,"playtime":1326,"current_hp_per_floor":[72,72,72,58,58,58,64,68,68,62,43,39,39,39,72,13,72,46,46,46,39,39,39,40,7,7,7,43,43,43,46,72],"items_purged":["Doubt","Strike_R"],"gold":109,"score":287,"play_id":"3490209d-3ae0-484a-93b3-b38c23073052","local_time":"20180322020129","is_prod":false,"is_daily":false,"is_ascension_mode":true,"campfire_upgraded":3,"timestamp":1521698489,"path_taken":["M","?","$","?","?","R","M","M","T","M","?","M","M","$","R","BOSS","M","$","?","M","$","R","?","M","T","?","R","?","R","M","R","BOSS"],"build_version":"2018-03-15v3","purchased_purges":2,"victory":false,"master_deck":["Strike_R","Strike_R","Strike_R+1","Defend_R+1","Defend_R","Defend_R+1","Defend_R","Bash","Impervious","Spot Weakness+1","Rupture","Shrug It Off","Cleave","Heavy Blade+1","Hemokinesis","Heavy Blade","Inflame","Brutality","Shrug It Off+1","Limit Break+1","Flex","Battle Trance","Pummel","Spot Weakness+1"],"max_hp_per_floor":[72,72,72,72,72,72,72,72,72,72,72,72,72,72,72,72,72,72,72,72,72,72,72,72,72,72,72,72,72,72,72,72],"relics":["Burning Blood","Regal Pillow","Sozu","War Paint","Prayer Wheel","Orichalcum"],"card_choices":[{"not_picked":["Brutality","Berserk"],"picked":"Impervious"},{"not_picked":["Flex","Rage"],"picked":"Spot Weakness"},{"not_picked":["Warcry","Perfected Strike"],"picked":"Cleave"},{"not_picked":["Fire Breathing","Ghostly Armor"],"picked":"Heavy Blade"},{"not_picked":["Pommel Strike","Bloodletting"],"picked":"Hemokinesis"},{"not_picked":["True Grit","Twin Strike"],"picked":"Heavy Blade"},{"not_picked":["Iron Wave","Rage"],"picked":"Inflame"},{"not_picked":["Sever Soul","True Grit"],"picked":"Brutality"},{"not_picked":["Barricade","Berserk"],"picked":"Limit Break"},{"not_picked":["Clothesline","Metallicize"],"picked":"Pummel"},{"not_picked":["Warcry","Perfected Strike"],"picked":"Spot Weakness"}],"player_experience":312282,"potions_floor_usage":[],"damage_taken":[{"damage":2.0,"enemies":"2 Louse","floor":1.0,"turns":3.0},{"damage":0.0,"enemies":"Small Slimes","floor":7.0,"turns":3.0},{"damage":2.0,"enemies":"Jaw Worm","floor":8.0,"turns":4.0},{"damage":12.0,"enemies":"Exordium Wildlife","floor":10.0,"turns":4.0},{"damage":25.0,"enemies":"Looter","floor":11.0,"turns":4.0},{"damage":10.0,"enemies":"Large Slime","floor":12.0,"turns":5.0},{"damage":6.0,"enemies":"Exordium Thugs","floor":13.0,"turns":5.0},{"damage":65.0,"enemies":"The Guardian","floor":16.0,"turns":11.0},{"damage":32.0,"enemies":"Shell Parasite","floor":18.0,"turns":3.0},{"damage":13.0,"enemies":"3 Byrds","floor":21.0,"turns":4.0},{"damage":5.0,"enemies":"Snake Plant","floor":24.0,"turns":3.0},{"damage":39.0,"enemies":"3 Cultists","floor":25.0,"turns":7.0},{"damage":3,"enemies":"Snecko","floor":31,"turns":3},{"damage":61,"enemies":"Collector","floor":33,"turns":6}],"event_choices":[{"event_name":"Liars Game","player_choice":"agreed","floor":2.0,"damage_taken":0.0},{"event_name":"Shining Light","player_choice":"Entered Light","floor":4.0,"damage_taken":0.0},{"event_name":"The Mausoleum","player_choice":"Yes","floor":20.0,"damage_taken":0.0},{"event_name":"Back to Basics","player_choice":"Elegance","floor":29,"damage_taken":0}],"boss_relics":[],"potions_floor_spawned":[8,12,16,18,21],"seed_played":"-3646318945126512155","killed_by":"Collector","ascension_level":4,"is_trial":false}