{"gold_per_floor":[110,110,121,121,121,121,136,170,170,170,190,221,233,243,243,243],"floor_reached":16,"playtime":1698,"items_purged":[],"score":179,"play_id":"1aad202f-31d4-455f-bd04-943c21054491","local_time":"20190216151016","is_ascension_mode":true,"campfire_choices":[{"floor":6,"key":"REST"},{"floor":10,"key":"REST"},{"floor":15,"key":"REST"}],"neow_cost":"NONE","seed_source_timestamp":191017474461900,"circlet_count":0,"master_deck":["AscendersBane","Defend_G","Defend_G","Defend_G","Defend_G","Defend_G","Strike_G","Strike_G+1","Strike_G","Strike_G","Survivor","Neutralize+1","Skewer","Setup","Bouncing Flask","Trip","Deflect","Terror","Backflip","PiercingWail"],"relics":["Lizard Tail","Dead Branch","Pear","Shuriken"],"potions_floor_usage":[11,11],"damage_taken":[{"damage":4,"enemies":"Small Slimes","floor":1,"turns":4},{"damage":0,"enemies":"Cultist","floor":3,"turns":4},{"damage":4,"enemies":"Jaw Worm","floor":7,"turns":3},{"damage":36,"enemies":"Gremlin Nob","floor":8,"turns":5},{"damage":0,"enemies":"3 Louse","floor":11,"turns":2},{"damage":34,"enemies":"3 Sentries","floor":12,"turns":10},{"damage":10,"enemies":"Exordium Thugs","floor":13,"turns":5},{"damage":0,"enemies":"2 Fungi Beasts","floor":14,"turns":4},{"damage":94,"enemies":"Slime Boss","floor":16,"turns":15}],"seed_played":"-5068415213532363739","potions_obtained":[{"floor":7,"key":"Strength Potion"},{"floor":8,"key":"AttackPotion"},{"floor":12,"key":"LiquidBronze"}],"is_trial":false,"path_per_floor":["M","?","M","?","?","R","M","E","T","R","M","E","M","M","R","B"],"character_chosen":"THE_SILENT","items_purchased":[],"campfire_rested":3,"item_purchase_floors":[],"current_hp_per_floor":[59,59,59,45,45,66,62,26,36,60,60,26,16,16,40,0],"gold":243,"neow_bonus":"BOSS_RELIC","is_prod":false,"is_daily":false,"chose_seed":false,"campfire_upgraded":0,"win_rate":0,"timestamp":1550347816,"path_taken":["M","?","?","?","?","R","M","E","T","R","M","E","M","M","R","BOSS"],"build_version":"2019-01-23","purchased_purges":0,"victory":false,"max_hp_per_floor":[70,70,70,70,70,70,70,70,80,80,80,80,80,80,80,80],"card_choices":[{"not_picked":["Underhanded Strike","Endless Agony"],"picked":"Skewer","floor":1},{"not_picked":["Prepared","Bane"],"picked":"Bouncing Flask","floor":3},{"not_picked":["Sucker Punch","Glass Knife"],"picked":"Deflect","floor":7},{"not_picked":["Phantasmal Killer","Deadly Poison"],"picked":"Terror","floor":8},{"not_picked":["Bane","Outmaneuver","Slice"],"picked":"SKIP","floor":11},{"not_picked":["Choke","Masterful Stab"],"picked":"Backflip","floor":12},{"not_picked":["Tactician","Dagger Throw","Quick Slash"],"picked":"SKIP","floor":13},{"not_picked":["Escape Plan","Deadly Poison"],"picked":"PiercingWail","floor":14}],"player_experience":1212668,"relics_obtained":[{"floor":8,"key":"Dead Branch"},{"floor":9,"key":"Pear"},{"floor":12,"key":"Shuriken"}],"event_choices":[{"damage_healed":0,"gold_gain":0,"cards_transformed":["Strike_G"],"player_choice":"Transformed","damage_taken":0,"max_hp_gain":0,"max_hp_loss":0,"event_name":"Transmorgrifier","floor":2,"gold_loss":0,"cards_obtained":["Setup"]},{"damage_healed":0,"gold_gain":0,"player_choice":"Entered Light","damage_taken":14,"max_hp_gain":0,"max_hp_loss":0,"event_name":"Shining Light","floor":4,"gold_loss":0,"cards_upgraded":["Strike_G","Neutralize"]},{"damage_healed":0,"gold_gain":0,"player_choice":"1 cards matched","damage_taken":0,"max_hp_gain":0,"max_hp_loss":0,"event_name":"Match and Keep!","floor":5,"gold_loss":0,"cards_obtained":["Trip"]}],"is_beta":false,"boss_relics":[],"items_purged_floors":[],"is_endless":false,"potions_floor_spawned":[7,8,12],"killed_by":"Slime Boss","ascension_level":12}