{"gold_per_floor":[113,113,126,136,153,153,231,231,231,156,167,184,184,216,216,288,288,306,322,322,322],"floor_reached":21,"playtime":916,"items_purged":["Strike_R"],"score":335,"play_id":"ee7009e3-ccda-4175-b1e0-965636a9fd13","local_time":"20190228211648","is_ascension_mode":true,"campfire_choices":[{"data":"Searing Blow","floor":6,"key":"SMITH"},{"data":"Searing Blow+1","floor":8,"key":"SMITH"},{"data":"Searing Blow+2","floor":13,"key":"SMITH"},{"data":"Searing Blow+3","floor":15,"key":"SMITH"}],"neow_cost":"NONE","seed_source_timestamp":90819228592039,"circlet_count":0,"master_deck":["AscendersBane","Strike_R","Strike_R","Strike_R+1","Defend_R","Defend_R","Defend_R","Defend_R","Bash+1","Twin Strike","Searing Blow+4","Battle Trance","Havoc+1"],"relics":["Burning Blood","NeowsBlessing","Gremlin Horn","Ornamental Fan","Whetstone","Black Star"],"potions_floor_usage":[4,14,16,21],"damage_taken":[{"damage":0,"enemies":"Jaw Worm","floor":1,"turns":1},{"damage":0,"enemies":"Cultist","floor":3,"turns":1},{"damage":0,"enemies":"2 Louse","floor":4,"turns":1},{"damage":20,"enemies":"Red Slaver","floor":5,"turns":4},{"damage":7,"enemies":"Looter","floor":11,"turns":3},{"damage":29,"enemies":"Exordium Thugs","floor":12,"turns":6},{"damage":16,"enemies":"3 Sentries","floor":14,"turns":6},{"damage":17,"enemies":"Hexaghost","floor":16,"turns":9},{"damage":42,"enemies":"3 Byrds","floor":18,"turns":8},{"damage":18,"enemies":"2 Thieves","floor":19,"turns":3},{"damage":25,"enemies":"Centurion and Healer","floor":21,"turns":5}],"seed_played":"4175776510228164447","potions_obtained":[{"floor":3,"key":"Fruit Juice"},{"floor":11,"key":"SneckoOil"},{"floor":14,"key":"Dexterity Potion"},{"floor":16,"key":"PowerPotion"}],"is_trial":false,"path_per_floor":["M","?","M","M","M","R","T","R","T","$","M","M","R","E","R","B",null,"M","M","?","M"],"character_chosen":"IRONCLAD","items_purchased":[],"campfire_rested":0,"item_purchase_floors":[],"current_hp_per_floor":[74,67,73,80,66,66,66,66,66,66,65,42,42,32,32,21,65,29,17,17,0],"gold":322,"neow_bonus":"THREE_ENEMY_KILL","is_prod":false,"is_daily":false,"chose_seed":false,"campfire_upgraded":4,"win_rate":0,"timestamp":1551356208,"path_taken":["M","?","M","M","M","R","?","R","T","$","?","?","R","E","R","BOSS","M","?","?","M"],"build_version":"2019-01-23","purchased_purges":1,"victory":false,"max_hp_per_floor":[75,75,75,80,80,80,80,80,80,80,80,80,80,80,80,80,80,80,80,80,80],"card_choices":[{"not_picked":["Perfected Strike","Armaments"],"picked":"Twin Strike","floor":1},{"not_picked":["Clothesline","Second Wind"],"picked":"Searing Blow","floor":3},{"not_picked":["Wild Strike","Pommel Strike","Clothesline"],"picked":"SKIP","floor":4},{"not_picked":["Cleave","Wild Strike","Ghostly Armor"],"picked":"SKIP","floor":5},{"not_picked":["Sword Boomerang","Flame Barrier"],"picked":"Battle Trance","floor":11},{"not_picked":["Heavy Blade","Second Wind","Rupture"],"picked":"SKIP","floor":12},{"not_picked":["Wild Strike","Exhume","Armaments"],"picked":"SKIP","floor":14},{"not_picked":["Burning Pact","Pommel Strike"],"picked":"Havoc+1","floor":18},{"not_picked":["Body Slam+1","Heavy Blade","Disarm+1"],"picked":"SKIP","floor":19}],"player_experience":952160,"relics_obtained":[{"floor":7,"key":"Gremlin Horn"},{"floor":9,"key":"Ornamental Fan"},{"floor":14,"key":"Whetstone"}],"event_choices":[{"cards_removed":["Strike_R"],"damage_healed":0,"gold_gain":0,"player_choice":"Card Removal","damage_taken":7,"max_hp_gain":0,"max_hp_loss":0,"event_name":"Golden Wing","floor":2,"gold_loss":0},{"damage_healed":0,"gold_gain":0,"player_choice":"Ignored","damage_taken":0,"max_hp_gain":0,"max_hp_loss":0,"event_name":"Vampires","floor":20,"gold_loss":0}],"is_beta":false,"boss_relics":[{"not_picked":["Cursed Key","Runic Dome"],"picked":"Black Star"}],"items_purged_floors":[10],"is_endless":false,"potions_floor_spawned":[3,11,14,16],"killed_by":"Centurion and Healer","ascension_level":17}