{"path_per_floor":["M","$","M","?","?","R","E","R","T","E","R","M","R","?","R","B",null,"M","$","M","?","M","R","E","R","T","M","M","$","R","?","R","B",null,"M","?","?","$","M","E","M","E","T","M","R","M","E","?","R","B"],"character_chosen":"IRONCLAD","items_purchased":["Metallicize","Toxic Egg 2","Unceasing Top"],"gold_per_floor":[119,6,21,21,21,21,61,61,86,126,126,147,147,185,185,316,316,335,235,248,248,261,261,304,304,379,404,423,39,39,39,39,163,163,178,178,511,74,94,122,141,173,199,209,209,221,255,255,255,255],"floor_reached":51,"campfire_rested":0,"playtime":5371,"current_hp_per_floor":[72,69,69,56,56,56,39,39,39,29,29,49,49,64,64,59,63,63,63,64,64,64,64,64,64,64,64,63,63,63,63,63,64,64,64,64,64,64,63,48,64,55,55,64,64,64,64,64,64,64],"items_purged":["Parasite","Strike_R","Defend_R","Writhe"],"gold":255,"play_id":"7b7d61e3-69b7-4b04-a6ee-c95a478cf9db","is_prod":false,"is_daily":false,"is_ascension_mode":true,"campfire_upgraded":11,"path_taken":["M","$","M","?","?","R","E","R","T","E","R","M","R","?","R","BOSS","M","$","M","?","M","R","E","R","T","M","?","$","R","?","R","BOSS","M","?","?","$","M","E","M","E","T","M","R","M","E","?","R","BOSS"],"build_version":"2018-02-01-PROD3","purchased_purges":4,"victory":true,"master_deck":["Strike_R","Strike_R","Defend_R+1","Defend_R+1","Defend_R+1","Bash+1","Twin Strike","Clash","Metallicize+1","True Grit+1","Demon Form+1","Reaper","True Grit+1","Impervious+1","Brutality+1","Ghostly Armor","Ghostly Armor+1","Brutality","Metallicize+1","Warcry+1","Sentinel+1","Impervious+1","Feel No Pain+1","Limit Break+1"],"max_hp_per_floor":[72,69,69,69,64,64,64,64,64,64,64,64,64,64,64,64,64,64,64,64,64,64,64,64,64,64,64,64,64,64,64,64,64,64,64,64,64,64,64,64,64,64,64,64,64,64,64,64,64,64],"relics":["Burning Blood","Bronze Scales","Vajra","Bottled Flame","Odd Mushroom","Velvet Choker","Lantern","Mummified Hand","Toxic Egg 2","Centennial Puzzle","Mark of Pain","Unceasing Top","Oddly Smooth Stone","Regal Pillow","Bag of Preparation","Juzu Bracelet","Kunai"],"card_choices":[{"not_picked":["Searing Blow","Seeing Red"],"picked":"True Grit"},{"not_picked":["Bloodletting","Dark Embrace"],"picked":"Demon Form"},{"not_picked":["Clothesline","Bloodletting"],"picked":"Reaper"},{"not_picked":["Warcry","Heavy Blade"],"picked":"True Grit"},{"not_picked":["Sword Boomerang","Flex"],"picked":"Impervious"},{"not_picked":["Immolate","Bludgeon"],"picked":"Brutality"},{"not_picked":["Sword Boomerang","Power Through"],"picked":"Ghostly Armor"},{"not_picked":["Flex","True Grit"],"picked":"Ghostly Armor"},{"not_picked":["Twin Strike","Corruption"],"picked":"Metallicize"},{"not_picked":["Combust","Armaments"],"picked":"Warcry"},{"not_picked":["Uppercut","Cleave"],"picked":"Sentinel"},{"not_picked":["Brutality","Reaper"],"picked":"Impervious"},{"not_picked":["Intimidate","Uppercut"],"picked":"Feel No Pain"},{"not_picked":["Cleave","Sever Soul"],"picked":"Limit Break"}],"player_experience":643294,"potions_floor_usage":[10,24,28],"damage_taken":[{"damage":5,"enemies":"2 Louse","floor":1,"turns":3},{"damage":0,"enemies":"Small Slimes","floor":3,"turns":3},{"damage":23,"enemies":"Gremlin Nob","floor":7,"turns":5},{"damage":16,"enemies":"3 Sentries","floor":10,"turns":7},{"damage":2,"enemies":"Cultist","floor":12,"turns":5},{"damage":18,"enemies":"The Mushroom Lair","floor":14,"turns":4},{"damage":33,"enemies":"Hexaghost","floor":16,"turns":9},{"damage":22,"enemies":"Shell Parasite","floor":18,"turns":6},{"damage":6,"enemies":"Spheric Guardian","floor":20,"turns":7},{"damage":13,"enemies":"Snecko","floor":22,"turns":6},{"damage":25,"enemies":"Gremlin Leader","floor":24,"turns":8},{"damage":7,"enemies":"3 Cultists","floor":27,"turns":5},{"damage":29,"enemies":"Cultist and Chosen","floor":28,"turns":8},{"damage":15,"enemies":"Automaton","floor":33,"turns":8},{"damage":12,"enemies":"3 Darklings","floor":35,"turns":7},{"damage":13,"enemies":"Orb Walker","floor":39,"turns":7},{"damage":32,"enemies":"Giant Head","floor":40,"turns":8},{"damage":15,"enemies":"3 Darklings","floor":41,"turns":9},{"damage":47,"enemies":"2 Orb Walkers","floor":42,"turns":7},{"damage":19,"enemies":"4 Shapes","floor":44,"turns":11},{"damage":7,"enemies":"Sphere and 2 Shapes","floor":46,"turns":6},{"damage":25,"enemies":"Giant Head","floor":47,"turns":7},{"damage":18,"enemies":"Time Eater","floor":50,"turns":11}],"event_choices":[{"event_name":"Shining Light","player_choice":"Entered Light","floor":4,"damage_taken":0},{"event_name":"Golden Idol","player_choice":"Lose Max HP","floor":5,"damage_taken":0},{"event_name":"Mushrooms","player_choice":"Fought Mushrooms","floor":14,"damage_taken":0},{"event_name":"Duplicator","player_choice":"One dupe","floor":21,"damage_taken":0},{"event_name":"The Mausoleum","player_choice":"Yes","floor":31,"damage_taken":0},{"event_name":"Winding Halls","player_choice":"Writhe","floor":36,"damage_taken":0},{"event_name":"The Moai Head","player_choice":"Gave Idol","floor":37,"damage_taken":0},{"event_name":"Wheel of Change","player_choice":"Relic","floor":48,"damage_taken":0}],"boss_relics":[{"not_picked":["Lizard Tail","Pandora\u0027s Box"],"picked":"Velvet Choker"},{"not_picked":["Astrolabe","Philosopher\u0027s Stone"],"picked":"Mark of Pain"}],"potions_floor_spawned":[1,10,12,20,24,27,39,42,44,46],"seed_played":"-2121764439389634347","ascension_level":10,"is_trial":false}