{"gold_per_floor":[110,123,298,30,40,40,68,68,94,127,151,151,76,91,91,222,222,241,90,103,103,28,28,28,66,66,66,81,180,209,227,227,323,323,323],"floor_reached":35,"playtime":1318,"items_purged":["Doubt"],"score":589,"play_id":"fab0970a-78ea-4549-8947-410b813ce440","local_time":"20190227110117","is_ascension_mode":true,"campfire_choices":[{"data":"Rampage","floor":6.0,"key":"SMITH"},{"data":"Flame Barrier","floor":12.0,"key":"SMITH"},{"floor":15.0,"key":"REST"},{"data":"Demon Form","floor":23.0,"key":"SMITH"},{"floor":32.0,"key":"REST"}],"neow_cost":"NONE","seed_source_timestamp":0,"circlet_count":0,"master_deck":["Strike_R+1","Strike_R+1","Strike_R+1","Defend_R+1","Defend_R+1","Defend_R+1","Defend_R+1","Bash","Rampage+1","Sword Boomerang+1","Metallicize","Disarm","Shrug It Off","Flame Barrier+1","Infernal Blade","Demon Form+1","Infernal Blade+1","Ghostly","Ghostly","Ghostly","Ghostly","Ghostly","Disarm","Metallicize","Spot Weakness","Metallicize","Limit Break"],"special_seed":0,"relics":["Black Blood","NeowsBlessing","ClockworkSouvenir","Dream Catcher","Bloody Idol","Blood Vial","Whetstone","Empty Cage","PreservedInsect","Matryoshka","Centennial Puzzle","Paper Frog","Mercury Hourglass"],"potions_floor_usage":[],"damage_taken":[{"damage":0.0,"enemies":"Cultist","floor":1.0,"turns":1.0},{"damage":0.0,"enemies":"Jaw Worm","floor":2.0,"turns":1.0},{"damage":0.0,"enemies":"Small Slimes","floor":5.0,"turns":1.0},{"damage":51.0,"enemies":"3 Sentries","floor":7.0,"turns":12.0},{"damage":33.0,"enemies":"Lagavulin","floor":10.0,"turns":9.0},{"damage":4.0,"enemies":"Looter","floor":11.0,"turns":3.0},{"damage":4.0,"enemies":"Large Slime","floor":14.0,"turns":6.0},{"damage":34.0,"enemies":"The Guardian","floor":16.0,"turns":12.0},{"damage":23.0,"enemies":"Spheric Guardian","floor":18.0,"turns":7.0},{"damage":9.0,"enemies":"3 Byrds","floor":20.0,"turns":6.0},{"damage":21.0,"enemies":"Book of Stabbing","floor":25.0,"turns":7.0},{"damage":3.0,"enemies":"Snake Plant","floor":28.0,"turns":5.0},{"damage":36.0,"enemies":"Slavers","floor":30.0,"turns":5.0},{"damage":6.0,"enemies":"3 Cultists","floor":31.0,"turns":6.0},{"damage":10.0,"enemies":"Automaton","floor":33.0,"turns":10.0},{"damage":42,"enemies":"3 Darklings","floor":35,"turns":7}],"seed_played":"-5708635408144477089","potions_obtained":[{"floor":1.0,"key":"EssenceOfSteel"},{"floor":7.0,"key":"FearPotion"},{"floor":10.0,"key":"BloodPotion"},{"floor":16.0,"key":"PowerPotion"},{"floor":30.0,"key":"Dexterity Potion"}],"is_trial":false,"path_per_floor":["M","M","?","$","M","R","E","?","T","E","M","R","$","M","R","B",null,"M","$","M","?","?","R","?","E","T","?","M","?","E","M","R","B",null,"M"],"character_chosen":"IRONCLAD","items_purchased":["ClockworkSouvenir","Metallicize","PreservedInsect"],"campfire_rested":2,"item_purchase_floors":[4,4,19],"current_hp_per_floor":[78,80,80,80,80,80,35,35,35,10,22,22,22,26,50,24,66,51,51,50,40,40,40,40,25,25,25,35,40,15,22,34,37,39,0],"gold":323,"neow_bonus":"THREE_ENEMY_KILL","is_prod":false,"is_daily":false,"chose_seed":false,"campfire_upgraded":3,"win_rate":0,"timestamp":1551294077,"path_taken":["M","M","?","$","M","R","E","?","T","E","M","R","?","M","R","BOSS","M","$","M","?","?","R","?","E","T","?","M","?","E","M","R","BOSS","M"],"build_version":"2019-01-23","purchased_purges":1,"victory":false,"max_hp_per_floor":[80,80,80,80,80,80,80,80,80,80,80,80,80,80,80,80,80,80,80,80,40,40,40,40,40,40,40,40,40,40,40,40,40,40,40],"card_choices":[{"not_picked":["Ghostly Armor","Sever Soul"],"picked":"Rampage","floor":1.0},{"not_picked":["Twin Strike","Intimidate"],"picked":"Sword Boomerang","floor":2.0},{"not_picked":["Carnage","Heavy Blade","Thunderclap"],"picked":"SKIP","floor":5.0},{"not_picked":["Entrench","Pommel Strike"],"picked":"Disarm","floor":7.0},{"not_picked":["Perfected Strike","Sword Boomerang"],"picked":"Shrug It Off","floor":10.0},{"not_picked":["Dual Wield","Clash"],"picked":"Flame Barrier","floor":11.0},{"not_picked":["Clash","Clothesline","Blood for Blood"],"picked":"SKIP","floor":14.0},{"not_picked":["Shockwave","Sword Boomerang"],"picked":"Infernal Blade","floor":15.0},{"not_picked":["Impervious","Immolate"],"picked":"Demon Form","floor":16.0},{"not_picked":["Feel No Pain","Havoc","Pommel Strike"],"picked":"SKIP","floor":18.0},{"not_picked":["Perfected Strike","Wild Strike"],"picked":"Infernal Blade+1","floor":20.0},{"not_picked":["Armaments","Immolate"],"picked":"Disarm","floor":25.0},{"not_picked":["Perfected Strike+1","Fire Breathing"],"picked":"Metallicize","floor":28.0},{"not_picked":["True Grit","Havoc"],"picked":"Spot Weakness","floor":30.0},{"not_picked":["Rampage","Thunderclap","Perfected Strike"],"picked":"SKIP","floor":31.0},{"not_picked":["Armaments","Uppercut"],"picked":"Metallicize","floor":32.0},{"not_picked":["Barricade","Reaper"],"picked":"Limit Break","floor":33.0}],"player_experience":315214,"relics_obtained":[{"floor":7.0,"key":"Dream Catcher"},{"floor":9.0,"key":"Blood Vial"},{"floor":10.0,"key":"Whetstone"},{"floor":25.0,"key":"Matryoshka"},{"floor":26.0,"key":"Centennial Puzzle"},{"floor":26.0,"key":"Paper Frog"},{"floor":30.0,"key":"Mercury Hourglass"}],"event_choices":[{"damage_healed":0.0,"max_hp_gain":0.0,"max_hp_loss":0.0,"gold_gain":175.0,"event_name":"Liars Game","player_choice":"AGREE","floor":3.0,"gold_loss":0.0,"damage_taken":0.0,"cards_obtained":["Doubt"]},{"damage_healed":0.0,"max_hp_gain":0.0,"max_hp_loss":0.0,"gold_gain":0.0,"event_name":"Golden Idol","player_choice":"Take Wound","floor":8.0,"gold_loss":0.0,"damage_taken":0.0,"relics_obtained":["Golden Idol"],"cards_obtained":["Injury"]},{"damage_healed":0.0,"max_hp_gain":0.0,"max_hp_loss":40.0,"gold_gain":0.0,"event_name":"Ghosts","player_choice":"Became a Ghost","floor":21.0,"gold_loss":0.0,"damage_taken":0.0,"cards_obtained":["Ghostly","Ghostly","Ghostly","Ghostly","Ghostly"]},{"cards_removed":["Strike_R"],"damage_healed":0.0,"max_hp_gain":0.0,"max_hp_loss":0.0,"gold_gain":0.0,"event_name":"Beggar","player_choice":"Gave Gold","floor":22.0,"gold_loss":75.0,"damage_taken":0.0},{"damage_healed":0.0,"max_hp_gain":0.0,"max_hp_loss":0.0,"gold_gain":0.0,"event_name":"Back to Basics","player_choice":"Simplicity","floor":24.0,"gold_loss":0.0,"damage_taken":0.0,"cards_upgraded":["Strike_R","Strike_R","Defend_R","Defend_R","Defend_R","Defend_R"]},{"damage_healed":0.0,"max_hp_gain":0.0,"max_hp_loss":0.0,"gold_gain":0.0,"event_name":"Forgotten Altar","player_choice":"Gave Idol","floor":27.0,"relics_lost":["Golden Idol"],"gold_loss":0.0,"damage_taken":0.0,"relics_obtained":["Bloody Idol"]},{"damage_healed":0.0,"max_hp_gain":0.0,"max_hp_loss":0.0,"gold_gain":99.0,"event_name":"Nest","player_choice":"Stole From Cult","floor":29.0,"gold_loss":0.0,"damage_taken":0.0}],"is_beta":false,"boss_relics":[{"not_picked":["White Beast Statue","Fusion Hammer"],"picked":"Empty Cage"},{"not_picked":["Pandora\u0027s Box","Philosopher\u0027s Stone"],"picked":"Black Blood"}],"items_purged_floors":[13],"is_endless":false,"potions_floor_spawned":[1,7,10,16,25,28,30],"killed_by":"3 Darklings","ascension_level":8}