{"gold_per_floor":[119,119,132,59,79,79,113,113,113,113,124,124,157,169,169,269,269,254,254,265,278,133,133],"floor_reached":23,"playtime":1028,"items_purged":["Strike_R"],"score":266,"play_id":"912c2e0b-7eea-4800-82a9-369bc6bedd48","local_time":"20190120122509","is_ascension_mode":true,"campfire_choices":[{"data":"Barricade","floor":6.0,"key":"SMITH"},{"data":"Power Through","floor":8.0,"key":"SMITH"},{"data":"Defend_R","floor":10.0,"key":"SMITH"},{"data":"Defend_R","floor":12.0,"key":"SMITH"},{"floor":15.0,"key":"REST"}],"neow_cost":"TEN_PERCENT_HP_LOSS","seed_source_timestamp":843362963924537,"circlet_count":0,"master_deck":["Strike_R","Strike_R","Strike_R","Strike_R","Defend_R","Defend_R","Defend_R+1","Defend_R+1","Bash","Barricade+1","Power Through+1","Armaments","Spot Weakness","Dropkick","Exhume","Searing Blow","Offering","Iron Wave","Shrug It Off","Pummel","Shrug It Off+1","True Grit","True Grit+1","Heavy Blade","Rampage"],"special_seed":0,"relics":["Burning Blood","FaceOfCleric","Mango","Ice Cream","Orichalcum","Orrery"],"potions_floor_usage":[21,21],"damage_taken":[{"damage":28.0,"enemies":"Jaw Worm","floor":1.0,"turns":8.0},{"damage":1.0,"enemies":"Cultist","floor":3.0,"turns":3.0},{"damage":0.0,"enemies":"2 Louse","floor":5.0,"turns":2.0},{"damage":24.0,"enemies":"3 Sentries","floor":7.0,"turns":11.0},{"damage":13.0,"enemies":"Blue Slaver","floor":11.0,"turns":6.0},{"damage":38.0,"enemies":"Gremlin Nob","floor":13.0,"turns":5.0},{"damage":5.0,"enemies":"Exordium Wildlife","floor":14.0,"turns":4.0},{"damage":28.0,"enemies":"The Guardian","floor":16.0,"turns":18.0},{"damage":32.0,"enemies":"2 Thieves","floor":18.0,"turns":4.0},{"damage":15.0,"enemies":"Shell Parasite","floor":20.0,"turns":15.0},{"damage":6,"enemies":"Snecko","floor":21,"turns":4},{"damage":80,"enemies":"Slavers","floor":23,"turns":4}],"seed_played":"4239216692196904123","potions_obtained":[{"floor":1.0,"key":"Explosive Potion"},{"floor":5.0,"key":"SkillPotion"},{"floor":11.0,"key":"FearPotion"},{"floor":14.0,"key":"Strength Potion"},{"floor":20.0,"key":"Strength Potion"}],"is_trial":false,"path_per_floor":["M","?","M","$","M","R","E","R","T","R","M","R","E","M","R","B",null,"M","?","M","M","$","E"],"character_chosen":"IRONCLAD","items_purchased":["Spot Weakness","Rampage"],"campfire_rested":1,"item_purchase_floors":[4,22],"current_hp_per_floor":[50,50,56,56,63,63,60,60,60,60,54,54,23,25,52,31,93,68,68,60,61,61,0],"gold":133,"neow_bonus":"THREE_RARE_CARDS","is_prod":false,"is_daily":false,"chose_seed":false,"campfire_upgraded":4,"win_rate":0,"timestamp":1548015909,"path_taken":["M","?","?","$","M","R","E","R","T","R","M","R","E","M","R","BOSS","M","?","?","M","$","E"],"build_version":"2019-01-17v2","purchased_purges":1,"victory":false,"max_hp_per_floor":[72,72,73,73,74,74,89,89,89,89,90,90,91,92,92,93,93,94,94,95,96,96,96],"card_choices":[{"not_picked":["Demon Form","Juggernaut"],"picked":"Barricade","floor":0.0},{"not_picked":["Infernal Blade","True Grit"],"picked":"Power Through","floor":1.0},{"not_picked":["Fire Breathing","Twin Strike"],"picked":"Armaments","floor":3.0},{"not_picked":["Rupture","Headbutt"],"picked":"Dropkick","floor":5.0},{"not_picked":["Clash","Flex"],"picked":"Exhume","floor":7.0},{"not_picked":["Havoc","Feel No Pain","Anger"],"picked":"SKIP","floor":11.0},{"not_picked":["Combust","Perfected Strike"],"picked":"Searing Blow","floor":13.0},{"not_picked":["Berserk","Disarm","Anger"],"picked":"SKIP","floor":14.0},{"not_picked":["Barricade","Dark Embrace"],"picked":"Offering","floor":16.0},{"not_picked":["Burning Pact","Cleave"],"picked":"Iron Wave","floor":17.0},{"not_picked":["Clash","Inflame"],"picked":"Shrug It Off","floor":17.0},{"not_picked":["Inflame","Dropkick"],"picked":"Pummel","floor":17.0},{"not_picked":["Headbutt","Twin Strike"],"picked":"Shrug It Off","floor":17.0},{"not_picked":["Infernal Blade","Feel No Pain"],"picked":"True Grit","floor":17.0},{"not_picked":["Warcry","Anger"],"picked":"True Grit+1","floor":18.0},{"not_picked":["Barricade","Carnage+1","Flex"],"picked":"SKIP","floor":20.0},{"not_picked":["Pommel Strike","Armaments"],"picked":"Heavy Blade","floor":21}],"player_experience":189315,"relics_obtained":[{"floor":7.0,"key":"Mango"},{"floor":9.0,"key":"Ice Cream"},{"floor":13.0,"key":"Orichalcum"}],"event_choices":[{"damage_healed":0.0,"max_hp_gain":0.0,"max_hp_loss":0.0,"gold_gain":0.0,"event_name":"FaceTrader","player_choice":"Trade","floor":2.0,"gold_loss":0.0,"damage_taken":0.0,"relics_obtained":["FaceOfCleric"]},{"damage_healed":0.0,"max_hp_gain":0.0,"max_hp_loss":0.0,"gold_gain":0.0,"event_name":"Upgrade Shrine","player_choice":"Upgraded","floor":19.0,"gold_loss":0.0,"damage_taken":0.0,"cards_upgraded":["Shrug It Off"]}],"is_beta":false,"boss_relics":[{"not_picked":["Cursed Key","White Beast Statue"],"picked":"Orrery"}],"items_purged_floors":[22],"is_endless":false,"potions_floor_spawned":[1,5,11,14,20],"killed_by":"Slavers","ascension_level":4}