{"gold_per_floor":[109,129,129,129,129,168,168,209,233,246,260,112,112,147,147,246,246,264,287,287,305,375,409,409,285,285,285,318,336,351,380,380,456,456,471,471,16,35,35,70,70,84,84,84,84,84,104,157,157,157],"floor_reached":51,"playtime":5818,"items_purged":["Writhe"],"score":1296,"play_id":"659d596b-e4b8-4649-8eb3-ca10c71fe09d","local_time":"20190115121544","is_ascension_mode":true,"campfire_choices":[{"data":"Backstab","floor":7.0,"key":"SMITH"},{"floor":13.0,"key":"REST"},{"data":"Sucker Punch","floor":15.0,"key":"SMITH"},{"floor":24.0,"key":"REST"},{"data":"Burst","floor":27.0,"key":"SMITH"},{"data":"Bouncing Flask","floor":32.0,"key":"SMITH"},{"data":"Cloak And Dagger","floor":41.0,"key":"SMITH"},{"data":"Survivor","floor":44.0,"key":"SMITH"},{"data":"Backflip","floor":46,"key":"SMITH"},{"floor":49,"key":"REST"}],"neow_cost":"NONE","seed_source_timestamp":77808354739726,"circlet_count":0,"master_deck":["AscendersBane","Defend_G","Defend_G","Defend_G","Defend_G","Defend_G","Strike_G","Strike_G","Strike_G","Strike_G","Strike_G","Survivor+1","Neutralize","Backstab+1","Blade Dance","Backflip+1","Sucker Punch+1","Bouncing Flask+1","Terror+1","Infinite Blades","Burst+1","Blade Dance+1","Footwork+1","Escape Plan","Cloak And Dagger+1","After Image","After Image","Slice+1","Escape Plan","Decay","Prepared+1"],"special_seed":0,"relics":["Ring of the Serpent","Bloody Idol","Vajra","Paper Crane","Snake Skull","Bag of Marbles","Anchor","Eternal Feather","Bottled Lightning","Lantern","Tiny Chest","The Courier","Regal Pillow","PreservedInsect","Membership Card","Strawberry","Pen Nib","Happy Flower","Bronze Scales","Bottled Tornado","Pear","Torii"],"potions_floor_usage":[48,50],"damage_taken":[{"damage":0.0,"enemies":"2 Louse","floor":1.0,"turns":4.0},{"damage":0.0,"enemies":"Jaw Worm","floor":2.0,"turns":4.0},{"damage":12.0,"enemies":"3 Sentries","floor":6.0,"turns":10.0},{"damage":17.0,"enemies":"Lagavulin","floor":8.0,"turns":8.0},{"damage":0.0,"enemies":"Cultist","floor":10.0,"turns":2.0},{"damage":0.0,"enemies":"Large Slime","floor":11.0,"turns":3.0},{"damage":8.0,"enemies":"3 Sentries","floor":14.0,"turns":4.0},{"damage":18.0,"enemies":"Hexaghost","floor":16.0,"turns":9.0},{"damage":2.0,"enemies":"Chosen","floor":18.0,"turns":3.0},{"damage":12.0,"enemies":"Spheric Guardian","floor":19.0,"turns":4.0},{"damage":21.0,"enemies":"Centurion and Healer","floor":21.0,"turns":7.0},{"damage":21.0,"enemies":"Book of Stabbing","floor":23.0,"turns":6.0},{"damage":25.0,"enemies":"Gremlin Leader","floor":28.0,"turns":8.0},{"damage":0.0,"enemies":"Shelled Parasite and Fungi","floor":29.0,"turns":4.0},{"damage":0.0,"enemies":"Cultist and Chosen","floor":30.0,"turns":4.0},{"damage":15.0,"enemies":"Slavers","floor":31.0,"turns":6.0},{"damage":64.0,"enemies":"Automaton","floor":33.0,"turns":10.0},{"damage":0.0,"enemies":"3 Shapes","floor":35.0,"turns":5.0},{"damage":0.0,"enemies":"Orb Walker","floor":38.0,"turns":4.0},{"damage":0.0,"enemies":"Nemesis","floor":40.0,"turns":7.0},{"damage":3.0,"enemies":"3 Darklings","floor":42.0,"turns":5.0},{"damage":17,"enemies":"Spire Growth","floor":47,"turns":6},{"damage":31,"enemies":"2 Orb Walkers","floor":48,"turns":6},{"damage":58,"enemies":"Awakened One","floor":50,"turns":21}],"seed_played":"1040434362643950809","potions_obtained":[{"floor":1.0,"key":"Explosive Potion"},{"floor":2.0,"key":"Block Potion"},{"floor":6.0,"key":"Explosive Potion"},{"floor":11.0,"key":"Fire Potion"},{"floor":21.0,"key":"SteroidPotion"},{"floor":28.0,"key":"FearPotion"},{"floor":31.0,"key":"SpeedPotion"},{"floor":33.0,"key":"Dexterity Potion"},{"floor":35.0,"key":"Strength Potion"},{"floor":47,"key":"Fire Potion"},{"floor":48,"key":"Block Potion"}],"is_trial":false,"path_per_floor":["M","M","?","?","?","E","R","E","T","M","M","$","R","E","R","B",null,"M","M","?","M","T","E","R","$","T","R","E","M","M","E","R","B",null,"M","?","$","M","?","E","R","M","T","R","?","R","M","?","R","B",null],"character_chosen":"THE_SILENT","items_purchased":["Bag of Marbles","Tiny Chest","Membership Card","Strawberry","Pen Nib","Happy Flower","Bronze Scales"],"campfire_rested":3,"item_purchase_floors":[12,25,37,37,37,37,37],"current_hp_per_floor":[65,65,65,58,72,60,60,43,43,43,43,43,64,56,56,38,64,62,50,50,34,39,23,56,61,61,72,52,57,62,52,67,8,56,61,72,79,79,79,79,79,79,89,89,89,89,77,51,89,31],"gold":157,"neow_bonus":"TEN_PERCENT_HP_BONUS","is_prod":false,"is_daily":false,"chose_seed":false,"campfire_upgraded":7,"win_rate":0,"timestamp":1547547344,"path_taken":["M","M","?","?","?","E","R","E","T","M","?","$","R","E","R","BOSS","M","M","?","M","?","E","R","?","T","R","E","M","M","E","R","BOSS","M","?","$","M","?","E","R","?","T","R","?","R","?","?","R","BOSS"],"build_version":"2019-01-10","purchased_purges":1,"victory":true,"max_hp_per_floor":[72,72,72,72,72,72,72,72,72,72,72,72,72,72,72,72,72,72,72,72,72,72,72,72,72,72,72,72,72,72,72,72,72,72,72,72,79,79,79,79,79,79,89,89,89,89,89,89,89,89],"card_choices":[{"not_picked":["Eviscerate","Distraction"],"picked":"Backstab","floor":1.0},{"not_picked":["Bane","Acrobatics"],"picked":"Blade Dance","floor":2.0},{"not_picked":["Slice","Dagger Spray"],"picked":"Backflip","floor":6.0},{"not_picked":["Reflex","Backflip"],"picked":"Sucker Punch","floor":8.0},{"not_picked":["Acrobatics","Accuracy"],"picked":"Bouncing Flask","floor":10.0},{"not_picked":["Footwork","Prepared"],"picked":"Terror","floor":11.0},{"not_picked":["Distraction","Terror"],"picked":"Infinite Blades","floor":14.0},{"not_picked":["Storm of Steel","Doppelganger"],"picked":"Burst","floor":16.0},{"not_picked":["Acrobatics","Dagger Throw"],"picked":"Blade Dance+1","floor":18.0},{"not_picked":["Sucker Punch","Flechettes"],"picked":"Footwork+1","floor":19.0},{"not_picked":["Backflip","Underhanded Strike","Quick Slash"],"picked":"SKIP","floor":21.0},{"not_picked":["Reflex","Distraction"],"picked":"Escape Plan","floor":23.0},{"not_picked":["Terror","Backflip"],"picked":"Cloak And Dagger","floor":28.0},{"not_picked":["Outmaneuver","Flying Knee","Cloak And Dagger"],"picked":"SKIP","floor":29.0},{"not_picked":["Outmaneuver","Endless Agony","All Out Attack"],"picked":"SKIP","floor":30.0},{"not_picked":["Outmaneuver","Endless Agony","All Out Attack"],"picked":"SKIP","floor":30.0},{"not_picked":["Concentrate","Acrobatics"],"picked":"After Image","floor":31.0},{"not_picked":["Die Die Die","Venomology"],"picked":"After Image","floor":33.0},{"not_picked":["Poisoned Stab","Heel Hook","Riddle With Holes"],"picked":"SKIP","floor":35.0},{"not_picked":["Slice","Poisoned Stab","Expertise"],"picked":"SKIP","floor":38.0},{"not_picked":["Slice+1","Blade Dance","Leg Sweep"],"picked":"SKIP","floor":40.0},{"not_picked":["Blade Dance","Leg Sweep"],"picked":"Slice+1","floor":40.0},{"not_picked":["Deadly Poison+1","Deflect"],"picked":"Escape Plan","floor":42.0},{"not_picked":["Footwork","Slice+1","Underhanded Strike"],"picked":"SKIP","floor":47},{"not_picked":["Poisoned Stab","Heel Hook"],"picked":"Prepared+1","floor":48}],"player_experience":293829,"relics_obtained":[{"floor":6.0,"key":"Vajra"},{"floor":8.0,"key":"Paper Crane"},{"floor":9.0,"key":"Snake Skull"},{"floor":14.0,"key":"Anchor"},{"floor":22.0,"key":"Bottled Lightning"},{"floor":23.0,"key":"Lantern"},{"floor":26.0,"key":"The Courier"},{"floor":28.0,"key":"Regal Pillow"},{"floor":31.0,"key":"PreservedInsect"},{"floor":40.0,"key":"Bottled Tornado"},{"floor":43.0,"key":"Pear"},{"floor":48,"key":"Torii"}],"event_choices":[{"damage_healed":0.0,"max_hp_gain":0.0,"max_hp_loss":0.0,"gold_gain":0.0,"event_name":"Golden Idol","player_choice":"Take Wound","floor":3.0,"gold_loss":0.0,"damage_taken":0.0,"relics_obtained":["Golden Idol"],"cards_obtained":["Injury"]},{"cards_removed":["Injury"],"damage_healed":0.0,"max_hp_gain":0.0,"max_hp_loss":0.0,"gold_gain":0.0,"event_name":"Golden Wing","player_choice":"Card Removal","floor":4.0,"gold_loss":0.0,"damage_taken":7.0},{"damage_healed":14.0,"max_hp_gain":0.0,"max_hp_loss":0.0,"gold_gain":0.0,"event_name":"Wheel of Change","player_choice":"Full Heal","floor":5.0,"gold_loss":0.0,"damage_taken":0.0},{"damage_healed":0.0,"max_hp_gain":0.0,"max_hp_loss":0.0,"gold_gain":0.0,"event_name":"Forgotten Altar","player_choice":"Gave Idol","floor":20.0,"relics_lost":["Golden Idol"],"gold_loss":0.0,"damage_taken":0.0,"relics_obtained":["Bloody Idol"]},{"damage_healed":14.0,"max_hp_gain":0.0,"max_hp_loss":0.0,"gold_gain":0.0,"event_name":"Winding Halls","player_choice":"Writhe","floor":36.0,"gold_loss":0.0,"damage_taken":0.0,"cards_obtained":["Writhe"]},{"damage_healed":0.0,"max_hp_gain":0.0,"max_hp_loss":0.0,"gold_gain":0.0,"event_name":"Upgrade Shrine","player_choice":"Upgraded","floor":39.0,"gold_loss":0.0,"damage_taken":0.0,"cards_upgraded":["Terror"]},{"damage_healed":0.0,"max_hp_gain":0.0,"max_hp_loss":0.0,"gold_gain":0.0,"event_name":"Wheel of Change","player_choice":"Cursed","floor":45.0,"gold_loss":0.0,"damage_taken":0.0,"cards_obtained":["Decay"]},{"damage_healed":0,"gold_gain":0,"player_choice":"Fight","damage_taken":0,"max_hp_gain":0,"max_hp_loss":0,"event_name":"Mysterious Sphere","floor":48,"gold_loss":0}],"is_beta":false,"boss_relics":[{"not_picked":["Orrery","HoveringKite"],"picked":"Eternal Feather"},{"not_picked":["Pandora\u0027s Box","Lizard Tail"],"picked":"Ring of the Serpent"}],"items_purged_floors":[37],"is_endless":false,"potions_floor_spawned":[1,2,6,11,21,28,31,33,35,47,48],"ascension_level":15}