{"gold_per_floor":[114,114,15,40,40,40,59,77,100,118,118,143,143,164,164,287,317,337,361,361,80,103,103,137,153,203,228,243,243,243,264,264,393,393,416,541,566,899,917,917,952,978,978,978,998,998,0,10,10,10],"floor_reached":50,"playtime":4284,"items_purged":["Strike_G"],"score":756,"play_id":"9b35f885-1225-4d35-a523-2d16dd90d302","local_time":"20181106221758","is_ascension_mode":true,"campfire_choices":[{"data":"Noxious Fumes","floor":6.0,"key":"SMITH"},{"floor":11.0,"key":"REST"},{"floor":13.0,"key":"REST"},{"floor":15.0,"key":"REST"},{"data":"Footwork","floor":23.0,"key":"SMITH"},{"floor":30.0,"key":"REST"},{"floor":32.0,"key":"REST"},{"data":"Footwork","floor":40,"key":"SMITH"},{"floor":49,"key":"REST"}],"neow_cost":"NONE","seed_source_timestamp":265429563455675,"circlet_count":0,"master_deck":["Defend_G","Defend_G","Defend_G","Defend_G","Defend_G","Strike_G","Strike_G+1","Strike_G","Survivor","Neutralize","Noxious Fumes+1","Poisoned Stab+1","Deadly Poison","Leg Sweep","Backflip","Blur","Footwork+1","Bullet Time","Writhe","Footwork+1","Deadly Poison","Deflect","Cloak And Dagger+1","Well Laid Plans+1","Deflect","Dodge and Roll+1","Bouncing Flask","Dodge and Roll","Burst","Caltrops","Deadly Poison","Envenom","Prepared+1","Deflect+1","Caltrops+1"],"special_seed":0,"relics":["Ring of the Snake","Whetstone","Odd Mushroom","Calling Bell","Tiny Chest","Mercury Hourglass","Mango","Dream Catcher","Paper Crane","TwistedFunnel","Strawberry","Ancient Tea Set","GremlinMask","Empty Cage","Prayer Wheel","Omamori","Lantern","Gremlin Horn","Red Mask"],"potions_floor_usage":[41,41,44,45,50],"damage_taken":[{"damage":0.0,"enemies":"Jaw Worm","floor":1.0,"turns":4.0},{"damage":0.0,"enemies":"2 Louse","floor":4.0,"turns":3.0},{"damage":5.0,"enemies":"Small Slimes","floor":7.0,"turns":4.0},{"damage":2.0,"enemies":"Exordium Wildlife","floor":8.0,"turns":4.0},{"damage":35.0,"enemies":"Exordium Thugs","floor":10.0,"turns":6.0},{"damage":13.0,"enemies":"The Mushroom Lair","floor":12.0,"turns":5.0},{"damage":0.0,"enemies":"Red Slaver","floor":14.0,"turns":6.0},{"damage":23.0,"enemies":"The Guardian","floor":16.0,"turns":10.0},{"damage":2.0,"enemies":"Spheric Guardian","floor":18.0,"turns":6.0},{"damage":3.0,"enemies":"Shell Parasite","floor":22.0,"turns":6.0},{"damage":17.0,"enemies":"Book of Stabbing","floor":24.0,"turns":7.0},{"damage":0.0,"enemies":"Centurion and Healer","floor":25.0,"turns":6.0},{"damage":6.0,"enemies":"Shelled Parasite and Fungi","floor":27.0,"turns":7.0},{"damage":36.0,"enemies":"Sentry and Sphere","floor":28.0,"turns":5.0},{"damage":10.0,"enemies":"Snake Plant","floor":31.0,"turns":4.0},{"damage":26.0,"enemies":"Champ","floor":33.0,"turns":15.0},{"damage":1.0,"enemies":"Orb Walker","floor":35.0,"turns":7.0},{"damage":1.0,"enemies":"Mind Bloom Boss Battle","floor":36.0,"turns":8.0},{"damage":22.0,"enemies":"3 Darklings","floor":37.0,"turns":7.0},{"damage":0,"enemies":"Maw","floor":39,"turns":10},{"damage":24,"enemies":"Reptomancer","floor":41,"turns":6},{"damage":0,"enemies":"Writhing Mass","floor":44,"turns":1},{"damage":25,"enemies":"3 Darklings","floor":45,"turns":6},{"damage":0,"enemies":"Spire Growth","floor":48,"turns":7},{"damage":52,"enemies":"Awakened One","floor":50,"turns":4}],"seed_played":"6840435817347248032","potions_obtained":[{"floor":8.0,"key":"Dexterity Potion"},{"floor":10.0,"key":"SmokeBomb"},{"floor":12.0,"key":"FearPotion"},{"floor":16.0,"key":"GhostInAJar"},{"floor":27.0,"key":"SkillPotion"},{"floor":41,"key":"Regen Potion"},{"floor":48,"key":"PowerPotion"}],"is_trial":false,"path_per_floor":["M","?","$","M","?","R","M","M","T","M","R","?","R","M","R","B",null,"M","T","T","$","M","R","E","M","T","M","M","?","R","M","R","B",null,"M","?","M","M","?","M","R","E","T","T","M","M","?","?","M","R","B"],"character_chosen":"THE_SILENT","items_purchased":["Poisoned Stab","Footwork","Deadly Poison","TwistedFunnel"],"campfire_rested":6,"item_purchase_floors":[3,21,21,21],"current_hp_per_floor":[63,46,46,46,46,46,41,39,39,4,25,12,33,33,54,31,74,72,72,72,72,69,69,59,59,59,53,17,17,44,34,61,35,77,76,75,53,53,53,53,29,29,29,29,19,19,19,19,46,0],"gold":10,"neow_bonus":"REMOVE_CARD","is_prod":false,"is_daily":false,"chose_seed":false,"campfire_upgraded":3,"win_rate":0,"timestamp":1541560678,"path_taken":["M","?","$","M","?","R","M","M","T","M","R","?","R","?","R","BOSS","M","?","?","$","M","R","E","M","T","M","?","?","R","?","R","BOSS","M","?","M","?","M","R","E","?","T","M","?","?","?","M","R","BOSS"],"build_version":"2018-11-01","purchased_purges":1,"victory":false,"max_hp_per_floor":[70,70,70,70,70,70,70,70,70,70,70,70,70,70,70,70,84,84,84,84,84,84,84,91,91,91,91,91,91,91,91,91,91,91,91,91,91,91,91,91,91,91,91,91,91,91,91,91,91,91],"card_choices":[{"not_picked":["Flying Knee","Quick Slash"],"picked":"Noxious Fumes","floor":1.0},{"not_picked":["Dodge and Roll","Underhanded Strike"],"picked":"Deadly Poison","floor":4.0},{"not_picked":["Accuracy","Sucker Punch","Bane"],"picked":"SKIP","floor":7.0},{"not_picked":["Deadly Poison","Well Laid Plans"],"picked":"Leg Sweep","floor":8.0},{"not_picked":["Flying Knee","Distraction"],"picked":"Backflip","floor":10.0},{"not_picked":["Bane","Prepared"],"picked":"Blur","floor":12.0},{"not_picked":["Dagger Throw","Bane"],"picked":"Footwork","floor":14.0},{"not_picked":["Tools of the Trade","Die Die Die"],"picked":"Bullet Time","floor":16.0},{"not_picked":["Slice","Setup","Underhanded Strike"],"picked":"SKIP","floor":18.0},{"not_picked":["Well Laid Plans","Setup"],"picked":"Deflect","floor":22.0},{"not_picked":["Eviscerate","Predator"],"picked":"Cloak And Dagger+1","floor":24.0},{"not_picked":["Outmaneuver","Glass Knife"],"picked":"Well Laid Plans+1","floor":25.0},{"not_picked":["Dagger Spray","Slice"],"picked":"Deflect","floor":27.0},{"not_picked":["PiercingWail","Caltrops"],"picked":"Dodge and Roll+1","floor":28.0},{"not_picked":["Quick Slash","Backflip"],"picked":"Bouncing Flask","floor":30.0},{"not_picked":["Underhanded Strike","Flying Knee+1","Blade Dance+1"],"picked":"SKIP","floor":31.0},{"not_picked":["Deflect","Poisoned Stab"],"picked":"Dodge and Roll","floor":32.0},{"not_picked":["Doppelganger","Wraith Form v2"],"picked":"Burst","floor":33.0},{"not_picked":["Dagger Spray","Flying Knee+1","Acrobatics+1"],"picked":"SKIP","floor":35.0},{"not_picked":["Prepared","Acrobatics"],"picked":"Caltrops","floor":37},{"not_picked":["Skewer+1","Eviscerate+1","Infinite Blades"],"picked":"SKIP","floor":37},{"not_picked":["Skewer+1","Eviscerate+1","Infinite Blades"],"picked":"SKIP","floor":37},{"not_picked":["Deflect","Prepared"],"picked":"Deadly Poison","floor":39},{"not_picked":["Slice","Blade Dance","Outmaneuver"],"picked":"SKIP","floor":39},{"not_picked":["Dagger Throw","Dagger Spray"],"picked":"Envenom","floor":41},{"not_picked":["Bane+1","Dagger Throw+1"],"picked":"Prepared+1","floor":45},{"not_picked":["Dash+1","Dagger Throw"],"picked":"Deflect+1","floor":45},{"not_picked":["Underhanded Strike","Sucker Punch+1"],"picked":"Caltrops+1","floor":48},{"not_picked":["Underhanded Strike+1","PiercingWail+1","Sucker Punch"],"picked":"SKIP","floor":48}],"player_experience":757446,"relics_obtained":[{"floor":9.0,"key":"Whetstone"},{"floor":12.0,"key":"Odd Mushroom"},{"floor":17.0,"key":"Tiny Chest"},{"floor":17.0,"key":"Mercury Hourglass"},{"floor":17.0,"key":"Mango"},{"floor":19.0,"key":"Dream Catcher"},{"floor":20.0,"key":"Paper Crane"},{"floor":24.0,"key":"Strawberry"},{"floor":26.0,"key":"Ancient Tea Set"},{"floor":36.0,"key":"Prayer Wheel"},{"floor":41,"key":"Omamori"},{"floor":42,"key":"Lantern"},{"floor":43,"key":"Gremlin Horn"}],"event_choices":[{"damage_healed":0.0,"max_hp_gain":0.0,"max_hp_loss":0.0,"gold_gain":0.0,"event_name":"Golden Idol","player_choice":"Take Damage","floor":2.0,"gold_loss":0.0,"damage_taken":17.0,"relics_obtained":["Golden Idol"]},{"damage_healed":0.0,"max_hp_gain":0.0,"max_hp_loss":0.0,"gold_gain":0.0,"event_name":"The Cleric","player_choice":"Leave","floor":5.0,"gold_loss":0.0,"damage_taken":0.0},{"damage_healed":0.0,"max_hp_gain":0.0,"max_hp_loss":0.0,"gold_gain":0.0,"event_name":"Mushrooms","player_choice":"Fought Mushrooms","floor":12.0,"gold_loss":0.0,"damage_taken":0.0},{"damage_healed":0.0,"max_hp_gain":0.0,"max_hp_loss":0.0,"gold_gain":0.0,"event_name":"FaceTrader","player_choice":"Trade","floor":29.0,"gold_loss":0.0,"damage_taken":0.0,"relics_obtained":["GremlinMask"]},{"damage_healed":0.0,"max_hp_gain":0.0,"max_hp_loss":0.0,"gold_gain":0.0,"event_name":"MindBloom","player_choice":"Fight","floor":36.0,"gold_loss":0.0,"damage_taken":0.0},{"damage_healed":0,"gold_gain":333,"player_choice":"Gave Idol","damage_taken":0,"max_hp_gain":0,"max_hp_loss":0,"event_name":"The Moai Head","floor":38,"relics_lost":["Golden Idol"],"gold_loss":0},{"damage_healed":0,"gold_gain":0,"player_choice":"Ignored","damage_taken":0,"max_hp_gain":0,"max_hp_loss":0,"event_name":"Mysterious Sphere","floor":46,"gold_loss":0},{"damage_healed":0,"gold_gain":0,"player_choice":"Paid","damage_taken":0,"relics_obtained":["Red Mask"],"max_hp_gain":0,"max_hp_loss":0,"event_name":"Tomb of Lord Red Mask","floor":47,"gold_loss":998}],"is_beta":false,"boss_relics":[{"not_picked":["Fusion Hammer","Philosopher\u0027s Stone"],"picked":"Calling Bell"},{"not_picked":["Eternal Feather","Astrolabe"],"picked":"Empty Cage"}],"items_purged_floors":[3],"is_endless":false,"potions_floor_spawned":[8,10,12,16,24,27,28,31,36,37,41,44,48],"killed_by":"Awakened One","ascension_level":7}