{"path_per_floor":["M","M","T","M","M","?","R","?","T","?","R","M","R","M","R","B",null,"M","?","M","$","?","R","E","M","T","R","M","?","M","M","R"],"character_chosen":"IRONCLAD","items_purchased":["Shuriken","Bandage Up","Happy Flower"],"gold_per_floor":[118,129,154,169,181,256,256,206,275,450,450,463,463,479,479,582,582,600,600,618,37,37,37,72,92,92,92,104,104,116,129,129],"floor_reached":33,"campfire_rested":2,"playtime":2150,"current_hp_per_floor":[70,70,70,71,63,52,52,52,52,52,52,52,52,58,58,22,80,64,64,36,36,62,62,50,31,31,70,56,40,46,51,80],"items_purged":["Doubt"],"gold":129,"play_id":"1f4e36b2-6f2a-4fc7-8391-5479665a769b","is_prod":false,"is_daily":false,"campfire_rituals":0,"campfire_upgraded":5,"is_hardmode":false,"path_taken":["M","?","?","M","?","?","R","?","T","?","R","M","R","M","R","BOSS","M","?","M","$","?","R","E","M","T","R","?","?","M","M","R","BOSS"],"build_version":"2018-01-11-PROD2","purchased_purges":1,"victory":false,"master_deck":["Strike_R","Strike_R","Strike_R","Strike_R","Defend_R","Defend_R","Defend_R","Defend_R","Bash","Exhume","Pommel Strike","Burning Pact","Whirlwind","Clothesline","Shockwave","Battle Trance","Double Tap","Flex","Decay","Havoc","Bandage Up","Shrug It Off","Flex","Barricade","Bloodletting"],"max_hp_per_floor":[80,80,80,80,80,80,80,80,80,80,80,80,80,80,80,80,80,80,80,80,80,80,80,80,80,80,80,80,80,80,80,80],"relics":["Burning Blood","Prayer Wheel","Regal Pillow","Mummified Hand","Sozu","Shuriken","Happy Flower","Matryoshka","Dream Catcher","Peace Pipe","Enchiridion"],"campfire_meditates":0,"card_choices":[{"not_picked":["Twin Strike","Wild Strike"],"picked":"Exhume"},{"not_picked":["Twin Strike","Flex"],"picked":"Pommel Strike"},{"not_picked":["Feel No Pain","Hemokinesis"],"picked":"Burning Pact"},{"not_picked":["Feel No Pain","Body Slam"],"picked":"Whirlwind"},{"not_picked":["Cleave","Heavy Blade"],"picked":"Clothesline"},{"not_picked":["Body Slam","Thunderclap"],"picked":"Shockwave"},{"not_picked":["Clash","Body Slam"],"picked":"Battle Trance"},{"not_picked":["Brutality","Immolate"],"picked":"Double Tap"},{"not_picked":["Headbutt","Armaments"],"picked":"Flex"},{"not_picked":["Sword Boomerang","Battle Trance"],"picked":"Havoc"},{"not_picked":["Perfected Strike","Infernal Blade"],"picked":"Shrug It Off"},{"not_picked":["Infernal Blade","Twin Strike"],"picked":"Flex"},{"not_picked":["Power Through","Feel No Pain"],"picked":"Barricade"},{"not_picked":["Intimidate","Dual Wield"],"picked":"Bloodletting"}],"player_experience":52441,"potions_floor_usage":[2,5],"damage_taken":[{"damage":16,"enemies":"Blue Slaver","floor":1,"turns":4},{"damage":6,"enemies":"2 Louse","floor":2,"turns":4},{"damage":5,"enemies":"Small Slimes","floor":4,"turns":4},{"damage":14,"enemies":"2 Fungi Beasts","floor":5,"turns":3},{"damage":6,"enemies":"Exordium Wildlife","floor":12,"turns":4},{"damage":0,"enemies":"3 Louse","floor":14,"turns":1},{"damage":42,"enemies":"Slime Boss","floor":16,"turns":10},{"damage":22,"enemies":"Chosen","floor":18,"turns":5},{"damage":34,"enemies":"Spheric Guardian","floor":20,"turns":6},{"damage":22,"enemies":"Book of Stabbing","floor":24,"turns":4},{"damage":33,"enemies":"Snake Plant","floor":25,"turns":4},{"damage":28,"enemies":"Slaver and Parasite","floor":28,"turns":6},{"damage":0,"enemies":"3 Cultists","floor":30,"turns":1},{"damage":5,"enemies":"Sentry and Sphere","floor":31,"turns":3},{"damage":83,"enemies":"Champ","floor":33,"turns":9}],"event_choices":[{"event_name":"World of Goop","player_choice":"Gather Gold","floor":6,"damage_taken":0},{"event_name":"The Cleric","player_choice":"Card Removal","floor":8,"damage_taken":0},{"event_name":"Liars Game","player_choice":"agreed","floor":10,"damage_taken":0},{"event_name":"Forgotten Altar","player_choice":"Smashed Altar","floor":19,"damage_taken":0},{"event_name":"The Library","player_choice":"Heal","floor":22,"damage_taken":0},{"event_name":"Cursed Tome","player_choice":"Obtained Book","floor":29,"damage_taken":0}],"boss_relics":[{"not_picked":["Philosopher\u0027s Stone","Runic Cube"],"picked":"Sozu"}],"potions_floor_spawned":[1,4,20,30,31],"seed_played":"4660993890092299519","killed_by":"Champ","is_trial":false}