{"gold_per_floor":[117,117,117,133,133,162,177,177,177,191,221,146,146,221,221,221],"floor_reached":16,"playtime":659,"items_purged":["Defend_R"],"score":133,"play_id":"bd77d3dc-e83b-4575-b673-8e168fe52aa9","local_time":"20190224151352","is_ascension_mode":false,"campfire_choices":[{"data":"Defend_R","floor":8,"key":"SMITH"},{"data":"Strike_R","floor":13,"key":"SMITH"},{"data":"Defend_R","floor":15,"key":"SMITH"}],"neow_cost":"NONE","seed_source_timestamp":763511953962289,"circlet_count":0,"master_deck":["Strike_R","Strike_R","Strike_R+1","Defend_R+1","Defend_R+1","Defend_R","Bash+1"],"relics":["Burning Blood","NeowsBlessing","Self Forming Clay","Happy Flower","WingedGreaves"],"potions_floor_usage":[11,16],"damage_taken":[{"damage":0,"enemies":"Cultist","floor":1,"turns":1},{"damage":0,"enemies":"2 Louse","floor":4,"turns":1},{"damage":0,"enemies":"Lagavulin","floor":6,"turns":1},{"damage":7,"enemies":"Small Slimes","floor":7,"turns":5},{"damage":8,"enemies":"Red Slaver","floor":10,"turns":4},{"damage":7,"enemies":"Gremlin Nob","floor":11,"turns":4},{"damage":65,"enemies":"Hexaghost","floor":16,"turns":9}],"seed_played":"-6830472055000051568","potions_obtained":[{"floor":4,"key":"Swift Potion"},{"floor":7,"key":"Block Potion"},{"floor":11,"key":"LiquidBronze"}],"is_trial":false,"path_per_floor":["M","?","?","M","?","E","M","R","T","M","E","$","R","?","R","B"],"character_chosen":"IRONCLAD","items_purchased":[],"campfire_rested":0,"item_purchase_floors":[],"current_hp_per_floor":[80,73,73,79,79,80,79,79,79,77,76,76,76,65,65,0],"gold":221,"neow_bonus":"THREE_ENEMY_KILL","is_prod":false,"is_daily":false,"chose_seed":false,"campfire_upgraded":3,"win_rate":0,"timestamp":1550988832,"path_taken":["M","?","?","M","?","E","M","R","T","?","E","$","R","?","R","BOSS"],"build_version":"2019-01-23","purchased_purges":1,"victory":false,"max_hp_per_floor":[80,80,80,80,80,80,80,80,80,80,80,80,80,80,80,80],"card_choices":[{"not_picked":["Iron Wave","Corruption","Sword Boomerang"],"picked":"SKIP","floor":1},{"not_picked":["Iron Wave","Clothesline","Headbutt"],"picked":"SKIP","floor":4},{"not_picked":["Rupture","Infernal Blade","Armaments"],"picked":"SKIP","floor":6},{"not_picked":["Sentinel","Perfected Strike","Body Slam"],"picked":"SKIP","floor":7},{"not_picked":["Shrug It Off","Havoc","Wild Strike"],"picked":"SKIP","floor":10},{"not_picked":["Perfected Strike","Iron Wave","Dual Wield"],"picked":"SKIP","floor":11},{"not_picked":["Perfected Strike","Iron Wave","Dual Wield"],"picked":"SKIP","floor":11}],"player_experience":907802,"relics_obtained":[{"floor":6,"key":"Self Forming Clay"},{"floor":9,"key":"Happy Flower"},{"floor":11,"key":"WingedGreaves"}],"event_choices":[{"cards_removed":["Strike_R"],"damage_healed":0,"gold_gain":0,"player_choice":"Card Removal","damage_taken":7,"max_hp_gain":0,"max_hp_loss":0,"event_name":"Golden Wing","floor":2,"gold_loss":0},{"cards_removed":["Strike_R"],"damage_healed":0,"gold_gain":0,"player_choice":"Forget","damage_taken":0,"max_hp_gain":0,"max_hp_loss":0,"event_name":"Living Wall","floor":3,"gold_loss":0},{"damage_healed":0,"gold_gain":0,"player_choice":"Upgraded","damage_taken":0,"max_hp_gain":0,"max_hp_loss":0,"event_name":"Upgrade Shrine","floor":5,"gold_loss":0,"cards_upgraded":["Bash"]},{"damage_healed":0,"gold_gain":75,"player_choice":"Gather Gold","damage_taken":11,"max_hp_gain":0,"max_hp_loss":0,"event_name":"World of Goop","floor":14,"gold_loss":0}],"is_beta":false,"boss_relics":[],"items_purged_floors":[12],"is_endless":false,"potions_floor_spawned":[4,7,11],"killed_by":"Hexaghost","ascension_level":0}