{"path_per_floor":["M","M","$","?","$","M","?","R","T","M","M","R","M","M","R","B",null,"M","?","M","$","M","R","M","R","T","R","M","?","$","?","R","B",null,"M","M","?","$"],"character_chosen":"DEFECT","items_purchased":["Capacitor","Barrage","Allocate","Melter","Cold Snap","Coolheaded","Cold Snap"],"gold_per_floor":[109,124,25,25,25,45,145,145,145,162,178,178,196,212,212,315,315,325,325,339,95,112,112,129,129,129,129,140,140,40,40,40,139,139,149,162,162,62,62],"floor_reached":39,"campfire_rested":3,"playtime":5439,"current_hp_per_floor":[70,70,70,70,70,63,63,63,63,56,48,48,36,27,49,53,75,68,68,58,58,24,46,25,47,47,47,47,47,47,47,47,12,75,52,18,18,18,0],"items_purged":["Strike_B","Strike_B"],"gold":62,"score":398,"play_id":"588c3994-88cb-43ec-af8c-7f01a4cd4b11","local_time":"20180427031813","is_prod":false,"is_daily":false,"chose_seed":false,"is_ascension_mode":false,"campfire_upgraded":4,"timestamp":1524813493,"path_taken":["M","M","$","?","$","M","?","R","T","M","?","R","M","M","R","BOSS","M","?","M","$","M","R","M","R","T","R","M","?","$","?","R","BOSS","M","M","?","$","M"],"build_version":"2018-04-26","seed_source_timestamp":1078923810749806,"purchased_purges":2,"victory":false,"master_deck":["Strike_B","Defend_B","Defend_B","Defend_B","Defend_B","Zap+1","Dualcast","Cold Snap+1","Impulse+1","Capacitor","Barrage","Creative AI+1","Capacitor","Barrage","Leap","Redo","Cold Snap","Fusion","Barrage+1","Cold Snap+1","Chill","Allocate","Melter","Cold Snap","White Noise","Storm","Prime","Cold Snap+1","Blizzard+1","Coolheaded","Cold Snap"],"max_hp_per_floor":[75,75,75,75,75,75,75,75,75,75,75,75,75,75,75,75,75,75,75,75,75,75,75,75,75,75,75,75,75,75,75,75,75,75,75,75,75,75,75],"relics":["Cracked Core","Bottled Lightning","Velvet Choker","Gambling Chip","Juzu Bracelet","Inserter"],"card_choices":[{"not_picked":["Darkness","Capacitor"],"picked":"Cold Snap","floor":1},{"not_picked":["Rebound","Darkness"],"picked":"Impulse","floor":2},{"not_picked":["Axe Kick","Darkness"],"picked":"Capacitor","floor":6},{"not_picked":["Melter","Hello World"],"picked":"Barrage","floor":10},{"not_picked":["Streamline","Steam Power"],"picked":"Leap","floor":11},{"not_picked":["Hello World","Sweeping Beam"],"picked":"Redo","floor":13},{"not_picked":["Undo","Force Field"],"picked":"Cold Snap","floor":14},{"not_picked":["Echo Form","Redo"],"picked":"Fusion","floor":16},{"not_picked":["Streamline","Rebound"],"picked":"Barrage","floor":18},{"not_picked":["Undo","Rip and Tear"],"picked":"Chill","floor":20},{"not_picked":["Reinforced Body","Coolheaded"],"picked":"White Noise","floor":22},{"not_picked":["Axe Kick","Impulse"],"picked":"Storm","floor":24},{"not_picked":["Fusion","Echo Form"],"picked":"Prime","floor":33},{"not_picked":["Hologram","Capacitor"],"picked":"Cold Snap","floor":35},{"not_picked":["Beam Cell","Coolheaded"],"picked":"Blizzard","floor":36}],"player_experience":8429,"potions_floor_usage":[16,22,24,33,39],"damage_taken":[{"damage":5,"enemies":"Small Slimes","floor":1,"turns":4},{"damage":0,"enemies":"Cultist","floor":2,"turns":3},{"damage":7,"enemies":"Jaw Worm","floor":6,"turns":4},{"damage":14,"enemies":"Red Slaver","floor":10,"turns":4},{"damage":8,"enemies":"Large Slime","floor":11,"turns":4},{"damage":12,"enemies":"Lots of Slimes","floor":13,"turns":4},{"damage":9,"enemies":"Exordium Thugs","floor":14,"turns":3},{"damage":11,"enemies":"The Guardian","floor":16,"turns":12},{"damage":7,"enemies":"Chosen","floor":18,"turns":6},{"damage":10,"enemies":"3 Byrds","floor":20,"turns":4},{"damage":34,"enemies":"Slaver and Parasite","floor":22,"turns":7},{"damage":21,"enemies":"Centurion and Healer","floor":24,"turns":7},{"damage":0,"enemies":"Sentry and Sphere","floor":28,"turns":3},{"damage":39,"enemies":"Automaton","floor":33,"turns":18},{"damage":23,"enemies":"Orb Walker","floor":35,"turns":5},{"damage":41,"enemies":"3 Shapes","floor":36,"turns":4},{"damage":21,"enemies":"Spire Growth","floor":39,"turns":4}],"event_choices":[{"event_name":"Transmorgrifier","player_choice":"Transform","floor":4,"damage_taken":0},{"event_name":"Golden Shrine","player_choice":"Pray","floor":7,"damage_taken":0},{"event_name":"Duplicator","player_choice":"One dupe","floor":19,"damage_taken":0},{"event_name":"Ghosts","player_choice":"Ignored","floor":29,"damage_taken":0},{"event_name":"Wheel of Change","player_choice":"Relic","floor":31,"damage_taken":0},{"event_name":"SensoryStone","player_choice":"Memory 1","floor":37,"damage_taken":0}],"boss_relics":[{"not_picked":["Calling Bell","Eternal Feather"],"picked":"Velvet Choker"},{"not_picked":["Runic Pyramid","Snecko Eye"],"picked":"Inserter"}],"potions_floor_spawned":[1,11,16,18,28],"seed_played":"2583745177048188551","killed_by":"Spire Growth","ascension_level":0,"is_trial":false}