{"gold_per_floor":[111,123,136,153,253,281,281,306,306,306,1,12,31,49,49,126,126,136,116,134,144,162,162,175,175,175,175,40,52,116,128,128,128],"floor_reached":33,"playtime":3958,"items_purged":[],"score":531,"play_id":"24af848f-3ce6-4d8d-8a44-24e56ecf1087","local_time":"20190225220930","is_ascension_mode":true,"campfire_choices":[{"floor":7,"key":"REST"},{"floor":10,"key":"REST"},{"floor":15,"key":"REST"},{"floor":23,"key":"REST"},{"floor":27,"key":"REST"},{"floor":32,"key":"REST"}],"neow_cost":"NONE","seed_source_timestamp":39701601121900,"circlet_count":0,"master_deck":["AscendersBane","Strike_B","Strike_B","Strike_B","Strike_B","Defend_B","Defend_B","Defend_B","Defend_B","Zap","Dualcast","Gash","Ball Lightning","Conserve Battery","Doom and Gloom","Go for the Eyes","Ball Lightning","Gash","Coolheaded","Genetic Algorithm","Hologram","Darkness","Darkness","Leap","Electrodynamics","Chill","BootSequence","Gash","Ball Lightning","Gash+1","Undo","Stack","Go for the Eyes","Tempest","Clumsy","Genetic Algorithm","Machine Learning","Glacier","Reinforced Body","Stack"],"relics":["Cracked Core","Orichalcum","Dream Catcher","Dodecahedron","Sundial","Prayer Wheel","Cursed Key","Nilry\u0027s Codex","WingedGreaves","Bag of Preparation","Tiny Chest"],"potions_floor_usage":[6,6,13,21,22,30],"damage_taken":[{"damage":2,"enemies":"Jaw Worm","floor":1,"turns":3},{"damage":0,"enemies":"Cultist","floor":2,"turns":3},{"damage":0,"enemies":"Small Slimes","floor":3,"turns":3},{"damage":13,"enemies":"Gremlin Gang","floor":4,"turns":4},{"damage":23,"enemies":"3 Sentries","floor":6,"turns":6},{"damage":23,"enemies":"Lagavulin","floor":8,"turns":6},{"damage":0,"enemies":"Blue Slaver","floor":12,"turns":3},{"damage":2,"enemies":"2 Fungi Beasts","floor":13,"turns":3},{"damage":0,"enemies":"Gremlin Gang","floor":14,"turns":5},{"damage":25,"enemies":"The Guardian","floor":16,"turns":10},{"damage":2,"enemies":"Chosen","floor":18,"turns":4},{"damage":11,"enemies":"Spheric Guardian","floor":20,"turns":4},{"damage":7,"enemies":"Centurion and Healer","floor":21,"turns":8},{"damage":14,"enemies":"Sentry and Sphere","floor":22,"turns":4},{"damage":6,"enemies":"3 Cultists","floor":24,"turns":3},{"damage":1,"enemies":"Shelled Parasite and Fungi","floor":29,"turns":6},{"damage":18,"enemies":"Slavers","floor":30,"turns":5},{"damage":0,"enemies":"Cultist and Chosen","floor":31,"turns":7},{"damage":87,"enemies":"Automaton","floor":33,"turns":12}],"seed_played":"-5860775818856194763","potions_obtained":[{"floor":2,"key":"EssenceOfSteel"},{"floor":4,"key":"SkillPotion"},{"floor":8,"key":"Energy Potion"},{"floor":12,"key":"SpeedPotion"},{"floor":16,"key":"SkillPotion"},{"floor":19,"key":"GamblersBrew"},{"floor":20,"key":"Block Potion"},{"floor":22,"key":"Block Potion"}],"is_trial":false,"path_per_floor":["M","M","M","M","?","E","R","E","T","R","$","M","M","M","R","B",null,"M","?","M","M","M","R","M","?","T","R","?","M","E","M","R","B"],"character_chosen":"DEFECT","items_purchased":["Prayer Wheel"],"campfire_rested":6,"item_purchase_floors":[11],"current_hp_per_floor":[62,62,62,49,49,26,47,24,24,45,45,45,43,43,64,39,63,61,61,50,43,29,50,44,28,28,49,49,48,30,30,51,0],"gold":128,"neow_bonus":"RANDOM_COMMON_RELIC","is_prod":false,"is_daily":false,"chose_seed":false,"campfire_upgraded":0,"win_rate":0,"timestamp":1551150570,"path_taken":["M","M","M","M","?","E","R","E","T","R","$","M","?","M","R","BOSS","M","?","M","?","M","R","M","?","T","R","?","M","E","M","R","BOSS"],"build_version":"2019-01-23","purchased_purges":0,"victory":false,"max_hp_per_floor":[71,71,71,71,71,71,71,71,71,71,71,71,71,71,71,71,71,71,71,71,71,71,71,71,71,71,71,71,71,71,71,71,71],"card_choices":[{"not_picked":["Streamline","Go for the Eyes"],"picked":"Gash","floor":1},{"not_picked":["FTL","Darkness"],"picked":"Ball Lightning","floor":2},{"not_picked":["Skim","Recycle"],"picked":"Conserve Battery","floor":3},{"not_picked":["Redo","Sweeping Beam"],"picked":"Doom and Gloom","floor":4},{"not_picked":["Multi-Cast","Meteor Strike"],"picked":"Go for the Eyes","floor":6},{"not_picked":["Conserve Battery","Rebound"],"picked":"Ball Lightning","floor":7},{"not_picked":["FTL","Darkness"],"picked":"Gash","floor":8},{"not_picked":["Rip and Tear","Force Field"],"picked":"Coolheaded","floor":10},{"not_picked":["Compile Driver","Streamline"],"picked":"Genetic Algorithm","floor":12},{"not_picked":["Rip and Tear","Hyperbeam","Streamline"],"picked":"SKIP","floor":12},{"not_picked":["Cold Snap","Storm"],"picked":"Hologram","floor":13},{"not_picked":["Fusion","Scrape"],"picked":"Darkness","floor":13},{"not_picked":["Conserve Battery","Barrage"],"picked":"Darkness","floor":14},{"not_picked":["Fusion","Redo","Rebound"],"picked":"SKIP","floor":14},{"not_picked":["Steam","Rainbow"],"picked":"Leap","floor":15},{"not_picked":["Buffer","Creative AI"],"picked":"Electrodynamics","floor":16},{"not_picked":["Double Energy","Leap"],"picked":"Chill","floor":18},{"not_picked":["Doom and Gloom","Go for the Eyes"],"picked":"BootSequence","floor":18},{"not_picked":["Beam Cell","Cold Snap"],"picked":"Gash","floor":20},{"not_picked":["Rebound","Hello World"],"picked":"Ball Lightning","floor":20},{"not_picked":["Reprogram","Redo"],"picked":"Gash+1","floor":21},{"not_picked":["Sunder","Compile Driver","Doom and Gloom"],"picked":"SKIP","floor":21},{"not_picked":["Blizzard","Reprogram"],"picked":"Undo","floor":22},{"not_picked":["Steam","Sunder"],"picked":"Stack","floor":22},{"not_picked":["Blizzard","Consume"],"picked":"Go for the Eyes","floor":23},{"not_picked":["Stack","Consume"],"picked":"Tempest","floor":24},{"not_picked":["Storm","White Noise","Amplify"],"picked":"SKIP","floor":24},{"not_picked":["Darkness","Static Discharge"],"picked":"Genetic Algorithm","floor":29},{"not_picked":["Conserve Battery","Cold Snap"],"picked":"Machine Learning","floor":29},{"not_picked":["Gash","Coolheaded"],"picked":"Glacier","floor":30},{"not_picked":["Loop","Streamline"],"picked":"Reinforced Body","floor":31},{"not_picked":["White Noise","Cold Snap"],"picked":"Stack","floor":31}],"player_experience":1347817,"relics_obtained":[{"floor":6,"key":"Dream Catcher"},{"floor":8,"key":"Dodecahedron"},{"floor":9,"key":"Sundial"},{"floor":25,"key":"Nilry\u0027s Codex"},{"floor":26,"key":"WingedGreaves"},{"floor":30,"key":"Tiny Chest"}],"event_choices":[{"damage_healed":0,"gold_gain":100,"player_choice":"Pray","damage_taken":0,"max_hp_gain":0,"max_hp_loss":0,"event_name":"Golden Shrine","floor":5,"gold_loss":0},{"damage_healed":0,"gold_gain":0,"player_choice":"Bought 1 Potion","damage_taken":0,"max_hp_gain":0,"max_hp_loss":0,"event_name":"The Woman in Blue","floor":19,"gold_loss":0},{"damage_healed":0,"gold_gain":0,"player_choice":"Obtained Book","damage_taken":16,"max_hp_gain":0,"max_hp_loss":0,"event_name":"Cursed Tome","floor":25,"gold_loss":0},{"damage_healed":0,"gold_gain":0,"player_choice":"Paid Gold","damage_taken":0,"relics_obtained":["Bag of Preparation"],"max_hp_gain":0,"max_hp_loss":0,"event_name":"WeMeetAgain","floor":28,"gold_loss":135}],"is_beta":false,"boss_relics":[{"not_picked":["Nuclear Battery","Ectoplasm"],"picked":"Cursed Key"}],"items_purged_floors":[],"is_endless":false,"potions_floor_spawned":[2,4,8,12,16,18,20,22],"killed_by":"Automaton","ascension_level":14}