{"gold_per_floor":[118,66,81,95,95,130,55,108,181,131,141,159,173,192,192,292,292,282,86,102,56,6,6,19,19,19,19,19,31,42,42,42,42],"floor_reached":33,"playtime":1242,"items_purged":["Strike_R","Searing Blow"],"score":299,"play_id":"8ff81a87-8a9f-4835-81c1-6246d9d77130","local_time":"20181021212026","is_ascension_mode":false,"campfire_choices":[{"floor":15,"key":"REST"},{"data":"Armaments","floor":23,"key":"SMITH"},{"data":"Armaments","floor":25,"key":"SMITH"},{"data":"Demon Form","floor":27,"key":"SMITH"},{"floor":32,"key":"REST"}],"neow_cost":"NONE","seed_source_timestamp":1014605435499999,"circlet_count":0,"master_deck":["Bash","Flex","Flex","Demon Form+1","Heavy Blade","Dual Wield","Armaments+1","Armaments+1","Reaper","Infernal Blade","Disarm","Battle Trance","Shrug It Off","Feel No Pain","Flex","Flex+1","Heavy Blade","Shrug It Off","Flex"],"relics":["Burning Blood","NeowsBlessing","Potion Belt","Boot","Dodecahedron","Pandora\u0027s Box","Calipers"],"potions_floor_usage":[13,16,16,30,33],"damage_taken":[{"damage":0,"enemies":"Cultist","floor":1,"turns":1},{"damage":0,"enemies":"Jaw Worm","floor":3,"turns":1},{"damage":0,"enemies":"Small Slimes","floor":4,"turns":1},{"damage":31,"enemies":"Lagavulin","floor":6,"turns":6},{"damage":13,"enemies":"Red Slaver","floor":11,"turns":2},{"damage":31,"enemies":"Exordium Thugs","floor":12,"turns":4},{"damage":9,"enemies":"3 Louse","floor":13,"turns":2},{"damage":1,"enemies":"2 Fungi Beasts","floor":14,"turns":3},{"damage":28,"enemies":"The Guardian","floor":16,"turns":10},{"damage":13,"enemies":"2 Thieves","floor":18,"turns":4},{"damage":0,"enemies":"Spheric Guardian","floor":20,"turns":3},{"damage":9,"enemies":"Snake Plant","floor":24,"turns":4},{"damage":53,"enemies":"Shelled Parasite and Fungi","floor":29,"turns":5},{"damage":13,"enemies":"Snecko","floor":30,"turns":4},{"damage":102,"enemies":"Collector","floor":33,"turns":7}],"seed_played":"-1772900684364841490","potions_obtained":[{"floor":1,"key":"Fire Potion"},{"floor":6,"key":"GamblersBrew"},{"floor":11,"key":"Dexterity Potion"},{"floor":12,"key":"SneckoOil"},{"floor":20,"key":"Swift Potion"}],"is_trial":false,"path_per_floor":["M","$","M","M","?","E","$","T","T","?","M","M","M","M","R","B",null,"M","$","M","$","?","R","M","R","T","R","?","M","M","?","R"],"character_chosen":"IRONCLAD","items_purchased":["Flex","Flex","Heavy Blade","Flex"],"campfire_rested":2,"item_purchase_floors":[2,19,19,21],"current_hp_per_floor":[80,80,80,80,73,48,48,48,48,48,41,16,13,18,42,20,80,80,80,80,80,80,80,77,77,77,77,77,33,26,26,50,0],"gold":42,"neow_bonus":"THREE_ENEMY_KILL","is_prod":false,"is_daily":false,"chose_seed":false,"campfire_upgraded":3,"win_rate":0,"timestamp":1540171226,"path_taken":["M","$","M","?","?","E","$","?","T","?","M","M","M","?","R","BOSS","M","$","M","$","?","R","M","R","T","R","?","M","?","?","R","BOSS"],"build_version":"2018-10-18","purchased_purges":2,"victory":false,"max_hp_per_floor":[80,80,80,80,80,80,80,80,80,80,80,80,80,80,80,80,80,80,80,80,80,80,80,80,80,80,80,80,80,80,80,80,80],"card_choices":[{"not_picked":["True Grit","Thunderclap"],"picked":"Flex","floor":1},{"not_picked":["Clothesline","Sever Soul","Headbutt"],"picked":"SKIP","floor":3},{"not_picked":["Warcry","Fire Breathing"],"picked":"Demon Form","floor":4},{"not_picked":["Warcry","Iron Wave"],"picked":"Heavy Blade","floor":6},{"not_picked":["Armaments","Body Slam"],"picked":"Dual Wield","floor":11},{"not_picked":["Cleave","Anger","Uppercut"],"picked":"SKIP","floor":12},{"not_picked":["Clash","Armaments","Dropkick"],"picked":"SKIP","floor":13},{"not_picked":["Clash","Dropkick"],"picked":"Armaments","floor":13},{"not_picked":["Pommel Strike","Anger"],"picked":"Armaments","floor":14},{"not_picked":["Barricade","Impervious"],"picked":"Reaper","floor":16},{"not_picked":["Clothesline","Bloodletting"],"picked":"Flex","floor":18},{"not_picked":["Ghostly Armor","Sword Boomerang"],"picked":"Shrug It Off","floor":20},{"not_picked":["Wild Strike","Cleave","Iron Wave"],"picked":"SKIP","floor":24},{"not_picked":["Burning Pact","Sentinel","Reaper"],"picked":"SKIP","floor":29},{"not_picked":["Spot Weakness","Reckless Charge","Cleave"],"picked":"SKIP","floor":30}],"player_experience":653854,"relics_obtained":[{"floor":6,"key":"Potion Belt"},{"floor":8,"key":"Boot"},{"floor":9,"key":"Dodecahedron"},{"floor":26,"key":"Calipers"}],"event_choices":[{"cards_removed":["Strike_R"],"damage_healed":0,"gold_gain":0,"player_choice":"Card Removal","damage_taken":7,"max_hp_gain":0,"max_hp_loss":0,"event_name":"Golden Wing","floor":5,"gold_loss":0},{"cards_removed":["Defend_R"],"damage_healed":0,"gold_gain":0,"player_choice":"Card Removal","damage_taken":0,"max_hp_gain":0,"max_hp_loss":0,"event_name":"The Cleric","floor":10,"gold_loss":50},{"damage_healed":0,"gold_gain":0,"player_choice":"Bet on Murderer","damage_taken":0,"max_hp_gain":0,"max_hp_loss":0,"event_name":"The Joust","floor":22,"gold_loss":50},{"damage_healed":0,"gold_gain":0,"player_choice":"Ignored","damage_taken":0,"max_hp_gain":0,"max_hp_loss":0,"event_name":"Beggar","floor":28,"gold_loss":0},{"damage_healed":0,"gold_gain":0,"player_choice":"Forge","damage_taken":0,"max_hp_gain":0,"max_hp_loss":0,"event_name":"Accursed Blacksmith","floor":31,"gold_loss":0,"cards_upgraded":["Flex"]}],"is_beta":false,"boss_relics":[{"not_picked":["Busted Crown","Lizard Tail"],"picked":"Pandora\u0027s Box"}],"items_purged_floors":[7,19],"is_endless":false,"potions_floor_spawned":[1,6,11,12,20],"killed_by":"Collector","ascension_level":0}