{"gold_per_floor":[110,124,124,124,136,136,164,326,386,398,444,468,480,21,21,93,93,107,107,121,121,132,166,182,200,223,123,123,123,155,155],"floor_reached":31,"playtime":1503,"items_purged":["Doubt","Clumsy"],"score":495,"play_id":"eed85659-c434-4f5a-bed6-e8325f98b017","local_time":"20181110095908","is_ascension_mode":true,"campfire_choices":[{"data":"Corruption","floor":6,"key":"SMITH"},{"data":"Combust","floor":10,"key":"SMITH"},{"data":"Reaper","floor":13,"key":"SMITH"},{"floor":15,"key":"REST"},{"floor":29,"key":"REST"}],"neow_cost":"NONE","seed_source_timestamp":1265039866091840,"circlet_count":0,"master_deck":["AscendersBane","Strike_R","Strike_R+1","Strike_R","Strike_R","Strike_R+1","Defend_R","Defend_R","Defend_R","Defend_R","Bash","Cleave","Corruption+1","Combust+1","Reaper+1","Bludgeon","Ghostly","Ghostly","Ghostly","Berserk","Sword Boomerang"],"relics":["Calling Bell","Lantern","Matryoshka","FossilizedHelix","MawBank","Whetstone","Regal Pillow","Pen Nib","Paper Frog","Red Skull","Fusion Hammer","Mummified Hand","Bag of Marbles","Juzu Bracelet","NlothsMask","Boot"],"potions_floor_usage":[7,16,22,23,23,31],"damage_taken":[{"damage":7,"enemies":"Jaw Worm","floor":1,"turns":3},{"damage":6,"enemies":"Cultist","floor":2,"turns":4},{"damage":0,"enemies":"2 Louse","floor":5,"turns":2},{"damage":10,"enemies":"3 Sentries","floor":7,"turns":6},{"damage":29,"enemies":"Lagavulin","floor":11,"turns":7},{"damage":0,"enemies":"Large Slime","floor":12,"turns":5},{"damage":49,"enemies":"The Guardian","floor":16,"turns":9},{"damage":31,"enemies":"Shell Parasite","floor":18,"turns":4},{"damage":3,"enemies":"Chosen","floor":20,"turns":3},{"damage":5,"enemies":"Snake Plant","floor":22,"turns":5},{"damage":16,"enemies":"Book of Stabbing","floor":23,"turns":5},{"damage":0,"enemies":"Snecko","floor":24,"turns":4},{"damage":27,"enemies":"Chosen and Byrds","floor":25,"turns":5},{"damage":5,"enemies":"Gremlin Leader","floor":30,"turns":4},{"damage":37,"enemies":"Snake Plant","floor":31,"turns":3}],"seed_played":"6628472009201532492","potions_obtained":[{"floor":1,"key":"Fire Potion"},{"floor":5,"key":"LiquidBronze"},{"floor":16,"key":"BloodPotion"},{"floor":20,"key":"Swift Potion"},{"floor":22,"key":"SpeedPotion"},{"floor":23,"key":"LiquidBronze"},{"floor":25,"key":"AttackPotion"}],"is_trial":false,"path_per_floor":["M","M","?","?","M","R","E","?","T","R","E","M","R","$","R","B",null,"M","?","M","?","M","E","M","M","T","$","?","R","E","M"],"character_chosen":"IRONCLAD","items_purchased":["Paper Frog","Red Skull"],"campfire_rested":2,"item_purchase_floors":[14,14],"current_hp_per_floor":[61,55,48,48,48,48,38,38,38,38,9,9,9,9,45,1,54,23,23,20,20,21,13,21,1,1,1,1,26,31,0],"gold":155,"neow_bonus":"BOSS_RELIC","is_prod":false,"is_daily":false,"chose_seed":false,"campfire_upgraded":3,"win_rate":0,"timestamp":1541811548,"path_taken":["M","M","?","?","?","R","E","?","T","R","E","M","R","$","R","BOSS","M","?","M","?","M","E","M","?","T","?","?","R","E","M"],"build_version":"2018-11-08","purchased_purges":2,"victory":false,"max_hp_per_floor":[75,75,75,72,72,72,72,72,72,72,72,72,72,72,72,72,72,72,72,72,36,36,36,36,36,36,36,36,36,36,36],"card_choices":[{"not_picked":["Clash","Infernal Blade","Second Wind"],"picked":"SKIP","floor":1},{"not_picked":["Twin Strike","Pommel Strike"],"picked":"Cleave","floor":2},{"not_picked":["Iron Wave","Shockwave"],"picked":"Corruption","floor":5},{"not_picked":["Pummel","Warcry"],"picked":"Combust","floor":7},{"not_picked":["Uppercut","Sever Soul","Havoc"],"picked":"SKIP","floor":11},{"not_picked":["Wild Strike","Sentinel"],"picked":"Reaper","floor":12},{"not_picked":["Fiend Fire","Impervious"],"picked":"Bludgeon","floor":16},{"not_picked":["Seeing Red","Reckless Charge","Wild Strike"],"picked":"SKIP","floor":18},{"not_picked":["Perfected Strike","Thunderclap","Armaments"],"picked":"SKIP","floor":20},{"not_picked":["Armaments","Pommel Strike","Cleave"],"picked":"SKIP","floor":22},{"not_picked":["Body Slam+1","Thunderclap"],"picked":"Berserk","floor":23},{"not_picked":["Twin Strike","Havoc","True Grit"],"picked":"SKIP","floor":24},{"not_picked":["Evolve","Armaments","Rage"],"picked":"SKIP","floor":25},{"not_picked":["Clothesline","Feel No Pain"],"picked":"Sword Boomerang","floor":30}],"player_experience":834060,"relics_obtained":[{"floor":0,"key":"Lantern"},{"floor":0,"key":"Matryoshka"},{"floor":0,"key":"FossilizedHelix"},{"floor":7,"key":"MawBank"},{"floor":9,"key":"Whetstone"},{"floor":9,"key":"Regal Pillow"},{"floor":11,"key":"Pen Nib"},{"floor":23,"key":"Mummified Hand"},{"floor":26,"key":"Bag of Marbles"},{"floor":26,"key":"Juzu Bracelet"},{"floor":30,"key":"Boot"}],"event_choices":[{"cards_removed":["Decay"],"damage_healed":0,"gold_gain":0,"player_choice":"Card Removal","damage_taken":7,"max_hp_gain":0,"max_hp_loss":0,"event_name":"Golden Wing","floor":3,"gold_loss":0},{"cards_removed":["Parasite"],"damage_healed":0,"gold_gain":0,"player_choice":"Purged","damage_taken":0,"max_hp_gain":0,"max_hp_loss":0,"event_name":"Purifier","floor":4,"gold_loss":0},{"damage_healed":0,"gold_gain":150,"player_choice":"AGREE","damage_taken":0,"max_hp_gain":0,"max_hp_loss":0,"event_name":"Liars Game","floor":8,"gold_loss":0,"cards_obtained":["Doubt"]},{"damage_healed":0,"gold_gain":0,"player_choice":"Ignored","damage_taken":0,"max_hp_gain":0,"max_hp_loss":0,"event_name":"The Mausoleum","floor":19,"gold_loss":0},{"damage_healed":0,"gold_gain":0,"player_choice":"Became a Ghost","damage_taken":0,"max_hp_gain":0,"max_hp_loss":36,"event_name":"Ghosts","floor":21,"gold_loss":0,"cards_obtained":["Ghostly","Ghostly","Ghostly"]},{"damage_healed":0,"gold_gain":0,"player_choice":"Trade","damage_taken":0,"relics_obtained":["NlothsMask"],"max_hp_gain":0,"max_hp_loss":0,"event_name":"FaceTrader","floor":28,"gold_loss":0}],"is_beta":false,"boss_relics":[{"not_picked":["Black Star","Runic Dome"],"picked":"Fusion Hammer"}],"items_purged_floors":[14,27],"is_endless":false,"potions_floor_spawned":[1,5,16,20,22,23,25],"killed_by":"Snake Plant","ascension_level":15}