{"gold_per_floor":[112,112,112,262,262,292,292,323,323,333,47,66,66,79,79,79],"floor_reached":16,"playtime":401,"items_purged":["Strike_R"],"score":308,"play_id":"531eb676-2b69-4320-abc8-295bdea2c86a","local_time":"20190302214522","is_ascension_mode":true,"campfire_choices":[{"data":"Shrug It Off","floor":7,"key":"SMITH"},{"data":"Cleave","floor":13,"key":"SMITH"},{"data":"Bash","floor":15,"key":"SMITH"}],"neow_cost":"NONE","seed_source_timestamp":88115506021125,"circlet_count":0,"master_deck":["AscendersBane","Strike_R","Strike_R+1","Strike_R+1","Defend_R+1","Defend_R","Defend_R+1","Defend_R","Bash+1","Cleave+1","Shrug It Off+1","Headbutt"],"relics":["Burning Blood","NeowsBlessing","Whetstone","Darkstone Periapt","Singing Bowl","HandDrill"],"potions_floor_usage":[16],"damage_taken":[{"damage":0,"enemies":"Small Slimes","floor":1,"turns":1},{"damage":0,"enemies":"Lagavulin","floor":6,"turns":1},{"damage":0,"enemies":"3 Sentries","floor":8,"turns":1},{"damage":7,"enemies":"Jaw Worm","floor":10,"turns":3},{"damage":0,"enemies":"Cultist","floor":12,"turns":3},{"damage":6,"enemies":"3 Louse","floor":14,"turns":3},{"damage":73,"enemies":"Slime Boss","floor":16,"turns":12}],"seed_played":"-1063550465115831552","potions_obtained":[{"floor":8,"key":"Swift Potion"},{"floor":10,"key":"EssenceOfSteel"}],"is_trial":false,"path_per_floor":["M","?","?","?","?","E","R","E","T","M","$","M","R","M","R","B"],"character_chosen":"IRONCLAD","items_purchased":["HandDrill"],"campfire_rested":0,"item_purchase_floors":[11],"current_hp_per_floor":[74,67,44,44,44,50,50,56,56,57,57,65,65,67,67,0],"gold":79,"neow_bonus":"THREE_ENEMY_KILL","is_prod":false,"is_daily":false,"chose_seed":false,"campfire_upgraded":3,"win_rate":0,"timestamp":1551530722,"path_taken":["M","?","?","?","?","E","R","E","T","?","$","M","R","M","R","BOSS"],"build_version":"2019-01-23","purchased_purges":1,"victory":false,"max_hp_per_floor":[75,75,75,75,75,75,75,75,75,77,77,79,79,81,81,81],"card_choices":[{"not_picked":["Evolve","Pommel Strike"],"picked":"Cleave","floor":1},{"not_picked":["Havoc","Juggernaut"],"picked":"Shrug It Off","floor":6},{"not_picked":["Second Wind","Heavy Blade"],"picked":"Headbutt","floor":8},{"not_picked":["Flex","Shrug It Off","Corruption"],"picked":"Singing Bowl","floor":10},{"not_picked":["Iron Wave","Headbutt","Ghostly Armor"],"picked":"Singing Bowl","floor":12},{"not_picked":["Pommel Strike","Body Slam","Warcry"],"picked":"Singing Bowl","floor":14}],"player_experience":1006916,"relics_obtained":[{"floor":6,"key":"Whetstone"},{"floor":8,"key":"Darkstone Periapt"},{"floor":9,"key":"Singing Bowl"}],"event_choices":[{"cards_removed":["Strike_R"],"damage_healed":0,"gold_gain":0,"player_choice":"Card Removal","damage_taken":7,"max_hp_gain":0,"max_hp_loss":0,"event_name":"Golden Wing","floor":2,"gold_loss":0},{"damage_healed":0,"gold_gain":0,"player_choice":"Entered Light","damage_taken":23,"max_hp_gain":0,"max_hp_loss":0,"event_name":"Shining Light","floor":3,"gold_loss":0,"cards_upgraded":["Defend_R","Defend_R"]},{"damage_healed":0,"gold_gain":150,"player_choice":"AGREE","damage_taken":0,"max_hp_gain":0,"max_hp_loss":0,"event_name":"Liars Game","floor":4,"gold_loss":0,"cards_obtained":["Doubt"]},{"cards_removed":["Doubt"],"damage_healed":0,"gold_gain":0,"player_choice":"Forget","damage_taken":0,"max_hp_gain":0,"max_hp_loss":0,"event_name":"Living Wall","floor":5,"gold_loss":0}],"is_beta":false,"boss_relics":[],"items_purged_floors":[11],"is_endless":false,"potions_floor_spawned":[8,10,14],"killed_by":"Slime Boss","ascension_level":19}