{"path_per_floor":["M","?","M","M","?","R","M","R","T","M","M","M","?","M","R","B",null,"M","$","?","M","M","R","M","M","T"],"character_chosen":"THE_SILENT","items_purchased":["Noxious Fumes","Thinking Ahead"],"gold_per_floor":[113,113,132,146,146,146,164,164,164,178,189,209,209,223,223,319,349,366,34,34,53,64,64,79,89,89],"floor_reached":27,"campfire_rested":1,"playtime":2469,"current_hp_per_floor":[66,66,66,65,65,65,65,65,65,65,64,64,64,64,64,18,75,59,59,59,59,32,54,46,20,20],"items_purged":["Strike_G"],"gold":89,"score":211,"play_id":"4f725401-a319-4e00-9357-4be69be43858","is_prod":false,"is_daily":false,"is_ascension_mode":false,"campfire_upgraded":3,"path_taken":["M","?","M","M","?","R","M","R","T","M","M","?","?","M","R","BOSS","M","$","?","M","M","R","M","M","T","M"],"build_version":"2018-02-15-PROD1","purchased_purges":1,"victory":false,"master_deck":["Defend_G","Defend_G","Defend_G+1","Defend_G","Defend_G","Strike_G","Strike_G","Strike_G","Survivor","Neutralize+1","Dagger Spray+1","Flying Knee","Slice","Bouncing Flask","Deflect","Escape Plan","Backstab","Night Terror+1","Deflect","Burst","Predator","Malaise","Noxious Fumes","Thinking Ahead","Slice+1","Leg Sweep"],"max_hp_per_floor":[70,70,70,70,70,70,70,70,70,70,70,70,70,70,70,70,75,75,75,75,75,75,75,75,75,75],"relics":["Ring of the Snake","Prayer Wheel","Tiny House","Juzu Bracelet"],"card_choices":[{"not_picked":["Masterful Stab","Flechettes"],"picked":"Dagger Spray"},{"not_picked":["Prepared","Terror"],"picked":"Slice"},{"not_picked":["Flying Knee","Poisoned Stab"],"picked":"Bouncing Flask"},{"not_picked":["Expertise","Finisher"],"picked":"Deflect"},{"not_picked":["Dodge and Roll","Finisher"],"picked":"Escape Plan"},{"not_picked":["Masterful Stab","Deadly Poison"],"picked":"Backstab"},{"not_picked":["Infinite Blades","Masterful Stab"],"picked":"Night Terror"},{"not_picked":["Flying Knee","Reflex"],"picked":"Deflect"},{"not_picked":["Phantasmal Killer","Tactician"],"picked":"Burst"},{"not_picked":["Deadly Poison","Sucker Punch"],"picked":"Predator"},{"not_picked":["Deflect","Eviscerate"],"picked":"Malaise"},{"not_picked":["Dagger Spray","Choke"],"picked":"Slice"},{"not_picked":["Underhanded Strike","Quick Slash"],"picked":"Leg Sweep"}],"player_experience":85586,"potions_floor_usage":[11,14,16,22,24],"damage_taken":[{"damage":4,"enemies":"Jaw Worm","floor":1,"turns":6},{"damage":0,"enemies":"Small Slimes","floor":3,"turns":2},{"damage":1,"enemies":"2 Louse","floor":4,"turns":2},{"damage":0,"enemies":"Large Slime","floor":7,"turns":5},{"damage":0,"enemies":"Lots of Slimes","floor":10,"turns":1},{"damage":1,"enemies":"Looter","floor":11,"turns":2},{"damage":0,"enemies":"Gremlin Gang","floor":12,"turns":4},{"damage":0,"enemies":"Exordium Thugs","floor":14,"turns":3},{"damage":46,"enemies":"Slime Boss","floor":16,"turns":12},{"damage":16,"enemies":"Shell Parasite","floor":18,"turns":6},{"damage":0,"enemies":"Chosen","floor":21,"turns":3},{"damage":27,"enemies":"Centurion and Healer","floor":22,"turns":8},{"damage":8,"enemies":"Snake Plant","floor":24,"turns":4},{"damage":26,"enemies":"Cultist and Chosen","floor":25,"turns":8},{"damage":0,"enemies":"3 Cultists","floor":27,"turns":2}],"event_choices":[{"event_name":"Living Wall","player_choice":"Change","floor":2,"damage_taken":0},{"event_name":"Liars Game","player_choice":"disagreed","floor":5,"damage_taken":0},{"event_name":"The Lab","player_choice":"Got Potions","floor":13,"damage_taken":0},{"event_name":"Cursed Tome","player_choice":"Ignored","floor":20,"damage_taken":0}],"boss_relics":[{"not_picked":["Runic Pyramid","Velvet Choker"],"picked":"Tiny House"}],"potions_floor_spawned":[1,3,10,22],"seed_played":"-5860758846384497721","killed_by":"3 Cultists","ascension_level":0,"is_trial":false}