{"gold_per_floor":[214,214,233,243,256,291,291,307,356,356,386,397,428,134,134,235,235,253,172,192,292,292,323,323,171,171,503,503,513,513,530,530,629,629,649,649,649,669,769,784,784,813,813,847,614,634,634,151,151,151],"floor_reached":51,"playtime":4025,"items_purged":["Regret","Rampage"],"score":966,"play_id":"147a6838-8776-463f-bff3-161baa425ca3","local_time":"20190205174232","is_ascension_mode":true,"campfire_choices":[{"data":"Bash","floor":7,"key":"SMITH"},{"floor":15,"key":"REST"},{"data":"Offering","floor":24,"key":"SMITH"},{"floor":30,"key":"REST"},{"data":"Seeing Red","floor":32,"key":"SMITH"},{"data":"1","floor":41,"key":"LIFT"},{"floor":47,"key":"REST"},{"floor":49,"key":"REST"}],"neow_cost":"NONE","seed_source_timestamp":1110204402324599,"circlet_count":0,"master_deck":["Strike_R","Strike_R","Strike_R","Strike_R","Defend_R","Defend_R","Defend_R","Defend_R","Bash+1","Cleave","Iron Wave","Whirlwind+1","Clothesline","Disarm","Immolate","Seeing Red+1","Offering+1","Impervious","Body Slam+1","Impervious","Iron Wave+1","Offering+1","Shockwave+1","Juggernaut","Shrug It Off+1","Armaments","Feel No Pain","Headbutt+1","Chrysalis"],"relics":["Burning Blood","Lantern","Oddly Smooth Stone","Gremlin Horn","Whetstone","MawBank","Vajra","Busted Crown","Peace Pipe","Singing Bowl","Centennial Puzzle","Anchor","Letter Opener","Old Coin","Sozu","Girya","Bag of Preparation","Self Forming Clay","Pocketwatch","Happy Flower","Strawberry"],"potions_floor_usage":[6,6,6,8,12,18,21,21,33,33],"damage_taken":[{"damage":8,"enemies":"Jaw Worm","floor":1,"turns":6},{"damage":3,"enemies":"2 Louse","floor":3,"turns":2},{"damage":6,"enemies":"Cultist","floor":4,"turns":4},{"damage":10,"enemies":"2 Fungi Beasts","floor":5,"turns":3},{"damage":27,"enemies":"Lagavulin","floor":6,"turns":7},{"damage":11,"enemies":"Large Slime","floor":8,"turns":3},{"damage":30,"enemies":"3 Sentries","floor":11,"turns":7},{"damage":4,"enemies":"Blue Slaver","floor":12,"turns":4},{"damage":13,"enemies":"Gremlin Nob","floor":13,"turns":4},{"damage":13,"enemies":"Slime Boss","floor":16,"turns":6},{"damage":11,"enemies":"2 Thieves","floor":18,"turns":2},{"damage":6,"enemies":"Chosen","floor":20,"turns":1},{"damage":6,"enemies":"Colosseum Slavers","floor":21,"turns":2},{"damage":13,"enemies":"Colosseum Nobs","floor":21,"turns":2},{"damage":6,"enemies":"Gremlin Leader","floor":23,"turns":4},{"damage":21,"enemies":"Slavers","floor":27,"turns":3},{"damage":6,"enemies":"Centurion and Healer","floor":29,"turns":2},{"damage":6,"enemies":"Cultist and Chosen","floor":31,"turns":2},{"damage":64,"enemies":"Champ","floor":33,"turns":10},{"damage":9,"enemies":"3 Darklings","floor":35,"turns":3},{"damage":6,"enemies":"Orb Walker","floor":38,"turns":3},{"damage":8,"enemies":"Mind Bloom Boss Battle","floor":39,"turns":6},{"damage":12,"enemies":"3 Darklings","floor":40,"turns":1},{"damage":6,"enemies":"Reptomancer","floor":42,"turns":5},{"damage":66,"enemies":"Nemesis","floor":44,"turns":7},{"damage":6,"enemies":"Sphere and 2 Shapes","floor":46,"turns":1},{"damage":85,"enemies":"Time Eater","floor":50,"turns":12}],"seed_played":"5691060802247033203","potions_obtained":[{"floor":1,"key":"Poison Potion"},{"floor":3,"key":"EntropicBrew"},{"floor":5,"key":"Dexterity Potion"},{"floor":11,"key":"BloodPotion"},{"floor":16,"key":"Poison Potion"},{"floor":18,"key":"Strength Potion"},{"floor":29,"key":"Strength Potion"},{"floor":31,"key":"SteroidPotion"},{"floor":33,"key":"Fire Potion"}],"is_trial":false,"path_per_floor":["M","$","M","M","M","E","R","M","T","?","E","M","E","$","R","B",null,"M","$","M","?","?","E","R","$","T","E","?","M","R","M","R","B",null,"M","?","?","M","?","M","R","E","T","E","$","M","R","$","R","B",null],"character_chosen":"IRONCLAD","items_purchased":["Vajra","Offering","Impervious","Anchor","Armaments","Feel No Pain","Happy Flower","Chrysalis","Strawberry"],"campfire_rested":4,"item_purchase_floors":[14,14,19,25,45,45,48,48,48],"current_hp_per_floor":[78,78,80,80,76,55,55,50,50,50,26,36,29,29,53,46,80,75,75,75,70,54,54,54,54,54,41,41,41,67,69,69,11,91,88,86,86,88,88,84,84,86,86,28,28,28,56,63,93,14],"gold":151,"neow_bonus":"HUNDRED_GOLD","is_prod":false,"is_daily":false,"chose_seed":false,"campfire_upgraded":3,"win_rate":0,"timestamp":1549406552,"path_taken":["M","$","M","M","M","E","R","M","T","?","E","M","E","$","R","BOSS","M","$","M","?","?","E","R","$","T","E","?","?","R","M","R","BOSS","M","?","?","M","?","M","R","E","T","E","$","M","R","?","R","BOSS"],"build_version":"2019-01-23","purchased_purges":2,"victory":true,"max_hp_per_floor":[80,80,80,80,80,80,80,80,80,80,80,80,80,80,80,80,80,80,80,80,82,87,87,87,87,87,89,89,89,89,91,91,91,91,91,86,86,88,90,92,92,94,94,96,96,96,96,103,103,103],"card_choices":[{"not_picked":["Corruption","True Grit"],"picked":"Cleave","floor":1},{"not_picked":["Pommel Strike","Dual Wield"],"picked":"Iron Wave","floor":3},{"not_picked":["Berserk","Warcry","Body Slam"],"picked":"SKIP","floor":4},{"not_picked":["Body Slam","Disarm"],"picked":"Whirlwind","floor":5},{"not_picked":["Clash","Warcry"],"picked":"Clothesline","floor":6},{"not_picked":["Clothesline","Shrug It Off"],"picked":"Disarm","floor":8},{"not_picked":["Ghostly Armor","Rupture"],"picked":"Immolate","floor":11},{"not_picked":["Second Wind","Dropkick"],"picked":"Rampage","floor":12},{"not_picked":["Warcry","Hemokinesis"],"picked":"Seeing Red","floor":13},{"not_picked":["Dark Embrace","Bludgeon"],"picked":"Impervious","floor":16},{"not_picked":[],"picked":"Body Slam+1","floor":18},{"not_picked":["Hemokinesis"],"picked":"SKIP","floor":20},{"not_picked":["Pommel Strike"],"picked":"Singing Bowl","floor":21},{"not_picked":[],"picked":"Iron Wave+1","floor":23},{"not_picked":["Intimidate"],"picked":"Singing Bowl","floor":27},{"not_picked":[],"picked":"Shockwave+1","floor":29},{"not_picked":["Reckless Charge+1"],"picked":"Singing Bowl","floor":31},{"not_picked":[],"picked":"Juggernaut","floor":33},{"not_picked":[],"picked":"Shrug It Off+1","floor":35},{"not_picked":["Cleave+1"],"picked":"Singing Bowl","floor":38},{"not_picked":["Perfected Strike+1"],"picked":"Singing Bowl","floor":39},{"not_picked":["Clothesline"],"picked":"Singing Bowl","floor":40},{"not_picked":["Second Wind"],"picked":"Singing Bowl","floor":42},{"not_picked":["Twin Strike"],"picked":"Singing Bowl","floor":44},{"not_picked":[],"picked":"Headbutt+1","floor":46}],"player_experience":441685,"relics_obtained":[{"floor":6,"key":"Lantern"},{"floor":9,"key":"Oddly Smooth Stone"},{"floor":11,"key":"Whetstone"},{"floor":13,"key":"MawBank"},{"floor":21,"key":"Peace Pipe"},{"floor":21,"key":"Singing Bowl"},{"floor":23,"key":"Centennial Puzzle"},{"floor":26,"key":"Letter Opener"},{"floor":27,"key":"Old Coin"},{"floor":39,"key":"Girya"},{"floor":42,"key":"Bag of Preparation"},{"floor":43,"key":"Self Forming Clay"},{"floor":44,"key":"Pocketwatch"}],"event_choices":[{"damage_healed":0,"gold_gain":0,"player_choice":"Box","damage_taken":0,"relics_obtained":["Gremlin Horn"],"max_hp_gain":0,"max_hp_loss":0,"event_name":"Big Fish","floor":10,"gold_loss":0,"cards_obtained":["Regret"]},{"damage_healed":0,"gold_gain":0,"player_choice":"Fight","damage_taken":0,"max_hp_gain":0,"max_hp_loss":0,"event_name":"Colosseum","floor":21,"gold_loss":0},{"damage_healed":0,"gold_gain":0,"player_choice":"Fought Nobs","damage_taken":0,"max_hp_gain":0,"max_hp_loss":0,"event_name":"Colosseum","floor":21,"gold_loss":0},{"damage_healed":0,"gold_gain":0,"player_choice":"Shed Blood","damage_taken":21,"max_hp_gain":5,"max_hp_loss":0,"event_name":"Forgotten Altar","floor":22,"gold_loss":0},{"damage_healed":0,"gold_gain":0,"player_choice":"Copied","damage_taken":0,"max_hp_gain":0,"max_hp_loss":0,"event_name":"Duplicator","floor":28,"gold_loss":0,"cards_obtained":["Offering"]},{"damage_healed":0,"gold_gain":0,"player_choice":"Max HP","damage_taken":0,"max_hp_gain":0,"max_hp_loss":5,"event_name":"Winding Halls","floor":36,"gold_loss":0},{"cards_removed":["Strike_R"],"damage_healed":0,"gold_gain":0,"player_choice":"Removed Attack","damage_taken":0,"max_hp_gain":0,"max_hp_loss":0,"event_name":"Falling","floor":37,"gold_loss":0},{"damage_healed":0,"gold_gain":0,"player_choice":"Fight","damage_taken":0,"max_hp_gain":0,"max_hp_loss":0,"event_name":"MindBloom","floor":39,"gold_loss":0}],"is_beta":false,"boss_relics":[{"not_picked":["Pandora\u0027s Box","Black Star"],"picked":"Busted Crown"},{"not_picked":["Calling Bell","Mark of Pain"],"picked":"Sozu"}],"items_purged_floors":[14,45],"is_endless":false,"potions_floor_spawned":[1,3,5,11,16,18,29,31,33,35,38,40],"ascension_level":4}