{"path_per_floor":["M","?","M","M","M","$","R","M","T","M","E","R","?","$","R","B",null,"M","$","?","?","M","R"],"character_chosen":"IRONCLAD","items_purchased":["Blind","Flex"],"gold_per_floor":[109,109,129,149,167,1,1,17,17,34,64,64,64,64,64,165,165,178,32,32,32,42,42],"floor_reached":24,"campfire_rested":2,"playtime":1110,"current_hp_per_floor":[72,54,60,65,43,43,43,45,45,40,34,34,34,34,58,16,80,48,48,32,32,16,40],"items_purged":["Defend_R","Doubt"],"gold":42,"score":235,"play_id":"b7418376-8f86-4438-bc6c-f83b3a8dedf8","local_time":"20180314221843","is_prod":false,"is_daily":false,"is_ascension_mode":true,"campfire_upgraded":2,"timestamp":1521080323,"path_taken":["M","?","M","?","M","?","R","M","T","?","E","R","?","$","R","BOSS","M","$","?","?","M","R","?"],"build_version":"2018-03-09","purchased_purges":2,"victory":false,"master_deck":["Strike_R","Strike_R","Strike_R","Strike_R","Strike_R","Defend_R","Defend_R","Defend_R","Bash","Limit Break","Perfected Strike+1","Dual Wield+1","Pommel Strike","Flex","Blind","Wild Strike","Heavy Blade","Dual Wield","Shrug It Off","Offering","Injury","Injury","Flex","Flex","Inflame"],"max_hp_per_floor":[80,80,80,80,80,80,80,80,80,80,80,80,80,80,80,80,80,80,80,80,80,80,80],"relics":["Burning Blood","Dream Catcher","Charon\u0027s Ashes","Ancient Tea Set","Blood Vial","Calling Bell","Toolbox","Happy Flower","Art of War","Enchiridion"],"card_choices":[{"not_picked":["Bloodletting","Wild Strike"],"picked":"Perfected Strike"},{"not_picked":["Clash","Anger"],"picked":"Dual Wield"},{"not_picked":["Flame Barrier","Sword Boomerang"],"picked":"Pommel Strike"},{"not_picked":["Inflame","True Grit"],"picked":"Flex"},{"not_picked":["Shrug It Off","Juggernaut"],"picked":"Wild Strike"},{"not_picked":["Anger","Cleave"],"picked":"Heavy Blade"},{"not_picked":["Berserk","Carnage"],"picked":"Dual Wield"},{"not_picked":["Whirlwind","Havoc"],"picked":"Shrug It Off"},{"not_picked":["Dark Embrace","Reaper"],"picked":"Offering"},{"not_picked":["Iron Wave","Uppercut"],"picked":"Flex"},{"not_picked":["Rampage","Pommel Strike"],"picked":"Inflame"}],"player_experience":269799,"potions_floor_usage":[11,11],"damage_taken":[{"damage":14,"enemies":"Small Slimes","floor":1,"turns":5},{"damage":0,"enemies":"2 Louse","floor":3,"turns":2},{"damage":1,"enemies":"Cultist","floor":4,"turns":3},{"damage":28,"enemies":"Lots of Slimes","floor":5,"turns":5},{"damage":4,"enemies":"Exordium Thugs","floor":8,"turns":4},{"damage":11,"enemies":"Looter","floor":10,"turns":3},{"damage":12,"enemies":"3 Sentries","floor":11,"turns":6},{"damage":50,"enemies":"Slime Boss","floor":16,"turns":10},{"damage":38,"enemies":"Chosen","floor":18,"turns":5},{"damage":24,"enemies":"Spheric Guardian","floor":22,"turns":4},{"damage":42,"enemies":"3 Cultists","floor":24,"turns":6}],"event_choices":[{"event_name":"Scrap Ooze","player_choice":"success","floor":2,"damage_taken":18},{"event_name":"Dead Adventurer","player_choice":"Searched \u00271\u0027 times","floor":13,"damage_taken":0},{"event_name":"Cursed Tome","player_choice":"Obtained Book","floor":20,"damage_taken":0},{"event_name":"Addict","player_choice":"Ignored","floor":21,"damage_taken":0}],"boss_relics":[{"not_picked":["Philosopher\u0027s Stone","Lizard Tail"],"picked":"Calling Bell"}],"potions_floor_spawned":[4,10,22],"seed_played":"1459387460563437465","killed_by":"3 Cultists","ascension_level":4,"is_trial":false}