{"path_per_floor":["M","$","M","?","M","R","E","?","T","M","?","E","R","M","R","B",null,"M","M","$","M","M","R","E","$","T","M","?","E","R","E","R","B",null,"M","?","?","M","M","E","M","M","T","E","R","?","M","?","R","B"],"character_chosen":"IRONCLAD","items_purchased":["Master of Strategy"],"gold_per_floor":[115,40,50,50,61,61,88,88,88,108,108,137,137,153,153,256,256,275,287,207,221,235,235,260,0,0,17,17,52,52,87,87,190,190,209,259,259,271,286,315,329,344,344,376,376,376,391,0,0,0],"floor_reached":51,"campfire_rested":1,"playtime":5286,"current_hp_per_floor":[69,69,72,65,67,67,60,60,60,51,51,41,41,47,47,40,80,75,66,66,60,60,60,66,66,66,56,56,41,41,26,50,53,80,47,36,80,80,80,47,46,49,49,54,54,54,53,53,53,60],"items_purged":["Strike_R","Strike_R","Strike_R"],"gold":0,"play_id":"31d83cdb-7713-421a-b471-78e154bd2cf7","is_prod":false,"is_daily":false,"is_ascension_mode":true,"campfire_upgraded":5,"path_taken":["M","?","M","?","M","R","E","?","T","M","?","E","R","M","R","BOSS","M","M","$","M","M","R","E","$","T","M","?","E","R","E","R","BOSS","M","?","?","?","M","E","M","?","T","E","R","?","M","?","R","BOSS"],"build_version":"2018-01-25-PROD3","purchased_purges":3,"victory":true,"master_deck":["Bash","Clothesline","Shrug It Off+1","Armaments+1","Spot Weakness","Impervious+1","Havoc+1","Limit Break+1","Pommel Strike+1","Spot Weakness+1","True Grit+1","Sword Boomerang","Shrug It Off+1","Bloodletting+1","Master of Strategy+1","Sword Boomerang+1","Havoc+1","Impervious","Sentinel+1","Feel No Pain"],"max_hp_per_floor":[80,80,80,80,80,80,80,80,80,80,80,80,80,80,80,80,80,80,80,80,80,80,80,80,80,80,80,80,80,80,80,80,80,80,80,80,80,80,80,80,80,80,80,80,80,80,80,80,80,80],"relics":["Burning Blood","The Courier","Vajra","Dodecahedron","Astrolabe","Matryoshka","Mercury Hourglass","Toxic Egg","Blue Candle","War Paint","Lizard Tail","Shovel","Bird Faced Urn","Kunai","Magic Flower","Juzu Bracelet","Omamori","Red Mask","Toolbox"],"card_choices":[{"not_picked":["Fire Breathing","Whirlwind"],"picked":"Shrug It Off"},{"not_picked":["Perfected Strike","Battle Trance"],"picked":"Armaments"},{"not_picked":["Seeing Red","Second Wind"],"picked":"Spot Weakness"},{"not_picked":["Rampage","Fire Breathing"],"picked":"Impervious"},{"not_picked":["Pommel Strike","Dual Wield"],"picked":"Havoc"},{"not_picked":["Double Tap","Exhume"],"picked":"Limit Break"},{"not_picked":["Thunderclap","Sword Boomerang"],"picked":"True Grit"},{"not_picked":["Iron Wave","Bludgeon"],"picked":"Sword Boomerang"},{"not_picked":["Clothesline","Twin Strike"],"picked":"Shrug It Off"},{"not_picked":["Clothesline","Flame Barrier"],"picked":"Bloodletting"},{"not_picked":["Bloodletting","Blood for Blood"],"picked":"Sword Boomerang"},{"not_picked":["Metallicize","Clash"],"picked":"Havoc"},{"not_picked":["Dark Embrace","Juggernaut"],"picked":"Impervious"},{"not_picked":["Anger","Body Slam"],"picked":"Sentinel"},{"not_picked":["Flame Barrier","Bludgeon"],"picked":"Feel No Pain"}],"player_experience":422188,"potions_floor_usage":[12,19,24,33,36,39,40,40,44,47,50],"damage_taken":[{"damage":17,"enemies":"Blue Slaver","floor":1,"turns":3},{"damage":3,"enemies":"Small Slimes","floor":3,"turns":3},{"damage":4,"enemies":"Jaw Worm","floor":5,"turns":3},{"damage":13,"enemies":"Gremlin Nob","floor":7,"turns":4},{"damage":15,"enemies":"Gremlin Gang","floor":10,"turns":5},{"damage":16,"enemies":"3 Sentries","floor":12,"turns":6},{"damage":0,"enemies":"2 Fungi Beasts","floor":14,"turns":3},{"damage":13,"enemies":"Hexaghost","floor":16,"turns":9},{"damage":11,"enemies":"2 Thieves","floor":18,"turns":3},{"damage":15,"enemies":"Chosen","floor":19,"turns":3},{"damage":12,"enemies":"3 Cultists","floor":21,"turns":4},{"damage":6,"enemies":"Snake Plant","floor":22,"turns":5},{"damage":0,"enemies":"Gremlin Leader","floor":24,"turns":5},{"damage":16,"enemies":"Snecko","floor":27,"turns":4},{"damage":21,"enemies":"Slavers","floor":29,"turns":5},{"damage":21,"enemies":"Book of Stabbing","floor":31,"turns":3},{"damage":3,"enemies":"Champ","floor":33,"turns":3},{"damage":39,"enemies":"3 Shapes","floor":35,"turns":4},{"damage":17,"enemies":"Mysterious Sphere","floor":36,"turns":4},{"damage":3,"enemies":"3 Darklings","floor":38,"turns":3},{"damage":5,"enemies":"Sphere and 2 Shapes","floor":39,"turns":5},{"damage":39,"enemies":"2 Orb Walkers","floor":40,"turns":4},{"damage":7,"enemies":"Maw","floor":41,"turns":6},{"damage":3,"enemies":"4 Shapes","floor":42,"turns":3},{"damage":7,"enemies":"Nemesis","floor":44,"turns":7},{"damage":28,"enemies":"3 Darklings","floor":47,"turns":4},{"damage":36,"enemies":"Awakened One","floor":50,"turns":7}],"event_choices":[{"event_name":"Golden Wing","player_choice":"Card Removal","floor":4,"damage_taken":0},{"event_name":"Living Wall","player_choice":"Forget","floor":8,"damage_taken":0},{"event_name":"Accursed Blacksmith","player_choice":"Forge","floor":11,"damage_taken":0},{"event_name":"Drug Dealer","player_choice":"Ignored","floor":28,"damage_taken":0},{"event_name":"Mysterious Sphere","player_choice":"Fight","floor":36,"damage_taken":0},{"event_name":"Bonfire Elementals","player_choice":"UNCOMMON","floor":37,"damage_taken":0},{"event_name":"The Lab","player_choice":"Got Potions","floor":46,"damage_taken":0},{"event_name":"Tomb of Lord Red Mask","player_choice":"Paid","floor":48,"damage_taken":0}],"boss_relics":[{"not_picked":["Calling Bell","Snecko Eye"],"picked":"Astrolabe"},{"not_picked":["Tiny House","Runic Pyramid"],"picked":"Lizard Tail"}],"potions_floor_spawned":[1,10,14,18,19,27,33,39,41,42,44],"seed_played":"-5342131063818143692","ascension_level":2,"is_trial":false}