{"path_per_floor":["M","?","?","M","M","R","?","R","T","R","M","T","$","$","R","B",null,"M","?","M","$","M","R","?","?","T","M"],"character_chosen":"DEFECT","items_purchased":["Capacitor","Stack"],"gold_per_floor":[113,113,113,132,152,152,102,102,155,155,170,170,60,7,7,109,109,126,126,106,6,22,22,222,222,277,293,293],"floor_reached":28,"campfire_rested":0,"playtime":1189,"item_purchase_floors":[13,14],"current_hp_per_floor":[75,60,60,60,60,60,60,60,60,60,56,56,56,56,56,24,75,65,65,49,49,43,43,43,43,43,10,0],"items_purged":["Strike_B","Strike_B"],"gold":293,"score":206,"play_id":"baee8431-c9de-455e-be4e-dc2ff6b59d03","local_time":"20180622202552","is_prod":false,"is_daily":false,"chose_seed":false,"is_ascension_mode":false,"campfire_upgraded":5,"win_rate":0,"timestamp":1529713552,"campfire_choices":[{"data":"Genetic Algorithm","floor":6,"key":"SMITH"},{"data":"Loop","floor":8,"key":"SMITH"},{"data":"Redo","floor":10,"key":"SMITH"},{"data":"Capacitor","floor":15,"key":"SMITH"},{"data":"Buffer","floor":23,"key":"SMITH"}],"path_taken":["M","?","?","M","?","R","?","R","T","R","M","?","?","$","R","BOSS","M","?","M","$","M","R","?","?","T","M","M"],"build_version":"2018-06-21","seed_source_timestamp":786742589928297,"purchased_purges":2,"circlet_count":0,"victory":false,"master_deck":["Strike_B+1","Defend_B+1","Defend_B","Defend_B","Zap","Dualcast","Loop+1","Rip and Tear+1","Redo+1","Genetic Algorithm+1","Stack","Capacitor+1","Stack","Buffer+1","Ball Lightning+1","Cold Snap+1","Pain","Genetic Algorithm+1"],"max_hp_per_floor":[75,75,75,75,75,75,75,75,75,75,75,75,75,75,75,75,75,75,75,75,75,75,75,75,75,75,75,75],"relics":["Cracked Core","Happy Flower","Blue Candle","Cursed Key","Nloth\u0027s Gift","Whetstone"],"card_choices":[{"not_picked":["Compile Driver","Steam"],"picked":"Loop","floor":1},{"not_picked":["Barrage","Sweeping Beam"],"picked":"Redo","floor":4},{"not_picked":["Fusion","Self Repair"],"picked":"Genetic Algorithm","floor":5},{"not_picked":["Genetic Algorithm","Go for the Eyes"],"picked":"Stack","floor":11},{"not_picked":["Reboot","Biased Cognition"],"picked":"Buffer","floor":16},{"not_picked":["Gash+1","BootSequence+1"],"picked":"Ball Lightning+1","floor":18},{"not_picked":["Steam","Streamline"],"picked":"Cold Snap","floor":20},{"not_picked":["Streamline","Steam+1","Compile Driver"],"picked":"SKIP","floor":22},{"not_picked":["Coolheaded+1","Ball Lightning"],"picked":"Genetic Algorithm+1","floor":27}],"player_experience":516114,"potions_floor_usage":[16,27],"damage_taken":[{"damage":0,"enemies":"Cultist","floor":1,"turns":1},{"damage":0,"enemies":"2 Louse","floor":4,"turns":1},{"damage":0,"enemies":"Jaw Worm","floor":5,"turns":1},{"damage":4,"enemies":"Exordium Thugs","floor":11,"turns":4},{"damage":32,"enemies":"Hexaghost","floor":16,"turns":10},{"damage":10,"enemies":"Spheric Guardian","floor":18,"turns":4},{"damage":16,"enemies":"2 Thieves","floor":20,"turns":5},{"damage":6,"enemies":"Centurion and Healer","floor":22,"turns":10},{"damage":33,"enemies":"Slaver and Parasite","floor":27,"turns":6},{"damage":12,"enemies":"Chosen and Byrds","floor":28,"turns":2}],"relics_obtained":[{"floor":9,"key":"Happy Flower"},{"floor":12,"key":"Blue Candle"},{"floor":26,"key":"Whetstone"}],"event_choices":[{"event_name":"Shining Light","player_choice":"Entered Light","floor":2,"damage_taken":0},{"event_name":"Match and Keep!","player_choice":"1 cards matched","floor":3,"damage_taken":0},{"event_name":"The Cleric","player_choice":"Card Removal","floor":7,"damage_taken":0},{"event_name":"N\u0027loth","player_choice":"Traded a NeowsBlessing","floor":19,"damage_taken":0},{"event_name":"Wheel of Change","player_choice":"Gold","floor":24,"damage_taken":0},{"event_name":"Back to Basics","player_choice":"Elegance","floor":25,"damage_taken":0}],"boss_relics":[{"not_picked":["Empty Cage","Inserter"],"picked":"Cursed Key"}],"items_purged_floors":[13,21],"is_endless":false,"potions_floor_spawned":[1,5],"seed_played":"8433552182774967395","killed_by":"Chosen and Byrds","ascension_level":0,"potions_obtained":[{"floor":1,"key":"PowerPotion"},{"floor":5,"key":"FocusPotion"}],"is_trial":false}