{"path_per_floor":["M","?","M","?","M","R","?","R","T","M","?","E","$","E","R","B",null,"M","M","?","?","M","R","E","R","T","R","?","$","M","M","R","B",null,"M","$","?","M"],"character_chosen":"IRONCLAD","items_purchased":["Limit Break","Spot Weakness","Oddly Smooth Stone","Strawberry"],"gold_per_floor":[113,188,203,203,219,219,199,199,274,284,284,311,88,119,119,220,220,204,215,215,245,264,264,297,297,347,347,272,22,39,58,58,159,159,171,14,14,24],"floor_reached":39,"campfire_rested":4,"playtime":2546,"current_hp_per_floor":[78,67,56,56,54,54,54,78,78,78,78,65,65,61,61,29,80,54,52,36,36,25,49,16,16,16,40,40,40,37,29,53,33,80,46,53,53,29],"items_purged":["Strike_R","Strike_R"],"gold":24,"play_id":"b410e0dd-23b9-4213-8842-b5e1a3347725","is_prod":false,"is_daily":false,"campfire_rituals":0,"campfire_upgraded":3,"is_hardmode":false,"path_taken":["M","?","?","?","M","R","?","R","T","M","?","E","?","E","R","BOSS","M","M","?","?","?","R","E","R","T","R","?","$","M","M","R","BOSS","M","?","?","M","?"],"build_version":"2018-01-11-PROD2","purchased_purges":4,"victory":false,"master_deck":["Strike_R","Defend_R","Defend_R","Defend_R","Defend_R","Bash","Twin Strike","True Grit","Cleave","Pommel Strike","Demon Form","Limit Break","Spot Weakness","Double Tap","Pommel Strike","Evolve","Heavy Blade","Iron Wave","Clothesline"],"max_hp_per_floor":[80,80,80,80,80,80,80,80,80,80,80,80,80,80,80,80,80,80,80,80,80,80,80,80,80,80,80,80,80,80,80,80,80,80,80,87,87,87],"relics":["Velvet Choker","Blue Candle","Ancient Tea Set","Dead Branch","Sozu","Nilry\u0027s Codex","Tiny Chest","Prayer Wheel","Happy Flower","Oddly Smooth Stone","Mark of Pain","Strawberry"],"campfire_meditates":0,"card_choices":[{"not_picked":["Perfected Strike","Wild Strike"],"picked":"Twin Strike"},{"not_picked":["Intimidate","Sever Soul"],"picked":"True Grit"},{"not_picked":["Twin Strike","Perfected Strike"],"picked":"Cleave"},{"not_picked":["Dropkick","Armaments"],"picked":"Pommel Strike"},{"not_picked":["Immolate","Headbutt"],"picked":"Demon Form"},{"not_picked":["Barricade","Fiend Fire"],"picked":"Double Tap"},{"not_picked":["Combust","Pummel"],"picked":"Pommel Strike"},{"not_picked":["Heavy Blade","Shrug It Off"],"picked":"Evolve"},{"not_picked":["Fire Breathing","Headbutt"],"picked":"Heavy Blade"},{"not_picked":["Flex","Thunderclap"],"picked":"Iron Wave"},{"not_picked":["Headbutt","Pommel Strike"],"picked":"Clothesline"}],"player_experience":70844,"potions_floor_usage":[12,14,16],"damage_taken":[{"damage":2,"enemies":"Small Slimes","floor":1,"turns":3},{"damage":11,"enemies":"Jaw Worm","floor":3,"turns":3},{"damage":2,"enemies":"Blue Slaver","floor":5,"turns":3},{"damage":0,"enemies":"2 Fungi Beasts","floor":10,"turns":3},{"damage":13,"enemies":"Lagavulin","floor":12,"turns":4},{"damage":4,"enemies":"Gremlin Nob","floor":14,"turns":3},{"damage":32,"enemies":"Hexaghost","floor":16,"turns":6},{"damage":26,"enemies":"2 Thieves","floor":18,"turns":4},{"damage":2,"enemies":"Shell Parasite","floor":19,"turns":3},{"damage":11,"enemies":"Snake Plant","floor":22,"turns":2},{"damage":33,"enemies":"Slavers","floor":24,"turns":6},{"damage":3,"enemies":"Chosen and Byrds","floor":30,"turns":3},{"damage":8,"enemies":"Centurion and Healer","floor":31,"turns":4},{"damage":20,"enemies":"Champ","floor":33,"turns":7},{"damage":34,"enemies":"3 Darklings","floor":35,"turns":4},{"damage":24,"enemies":"3 Shapes","floor":38,"turns":6},{"damage":34,"enemies":"Maw","floor":39,"turns":4}],"event_choices":[{"event_name":"World of Goop","player_choice":"Gather Gold","floor":2,"damage_taken":0},{"event_name":"Upgrade Shrine","player_choice":"Upgraded","floor":4,"damage_taken":0},{"event_name":"The Woman in Blue","player_choice":"Bought 1 Potion","floor":7,"damage_taken":0},{"event_name":"Living Wall","player_choice":"Forget","floor":11,"damage_taken":0},{"event_name":"Cursed Tome","player_choice":"Obtained Book","floor":20,"damage_taken":0},{"event_name":"The Mausoleum","player_choice":"Yes","floor":21,"damage_taken":0},{"event_name":"Beggar","player_choice":"Gave Gold","floor":28,"damage_taken":0},{"event_name":"Mysterious Sphere","player_choice":"Ignore","floor":37,"damage_taken":0}],"boss_relics":[{"not_picked":["Cursed Key","White Beast Statue"],"picked":"Sozu"},{"not_picked":["Orrery","Runic Dome"],"picked":"Mark of Pain"}],"potions_floor_spawned":[3,5,14,22,30,38],"seed_played":"-303605631943760981","killed_by":"Maw","is_trial":false}