{"gold_per_floor":[118,118,135,11,186,186,86,86,111,26,26,0,0,10,10,107,107,125,125,90,90,44,44,59,59,59,59,84,135,151,161,161,264,264,277,293,64,80,11,30,48,48,48,68,68,68,68,81,81,81],"floor_reached":51,"playtime":2788,"items_purged":["Strike_B","Doubt"],"score":728,"play_id":"dead3808-fcbb-40cc-b376-e4a275dc7fbb","local_time":"20181015213850","is_ascension_mode":false,"campfire_choices":[{"data":"Redo","floor":6.0,"key":"SMITH"},{"data":"Coolheaded","floor":8.0,"key":"SMITH"},{"data":"Redo","floor":13.0,"key":"SMITH"},{"data":"Redo","floor":15.0,"key":"SMITH"},{"data":"Defragment","floor":23.0,"key":"SMITH"},{"data":"Loop","floor":25.0,"key":"SMITH"},{"data":"Redo","floor":27.0,"key":"SMITH"},{"floor":32.0,"key":"REST"},{"floor":42,"key":"REST"},{"floor":45,"key":"REST"},{"data":"Blizzard","floor":49,"key":"SMITH"}],"neow_cost":"NONE","seed_source_timestamp":495676174807897,"circlet_count":0,"master_deck":["Strike_B","Defend_B+1","Defend_B","Zap","Dualcast","Coolheaded+1","Chill","Cold Snap+1","Redo+1","Loop+1","Redo+1","Redo+1","Redo+1","Seek","Rip and Tear+1","Sweeping Beam+1","Recycle+1","Defragment+1","Coolheaded","Hologram","Stack","Cold Snap","Coolheaded","Capacitor","Coolheaded+1","Blizzard+1","Stack+1","Redo+1","Redo","Cold Snap+1"],"special_seed":0,"relics":["Cracked Core","Centennial Puzzle","Astrolabe","Symbiotic Virus","Bag of Marbles","Oddly Smooth Stone","DataDisk","Matryoshka"],"potions_floor_usage":[41,50],"damage_taken":[{"damage":2.0,"enemies":"2 Louse","floor":1.0,"turns":3.0},{"damage":0.0,"enemies":"Small Slimes","floor":3.0,"turns":4.0},{"damage":0.0,"enemies":"Jaw Worm","floor":14.0,"turns":2.0},{"damage":35.0,"enemies":"The Guardian","floor":16.0,"turns":18.0},{"damage":3.0,"enemies":"Spheric Guardian","floor":18.0,"turns":3.0},{"damage":6.0,"enemies":"3 Byrds","floor":24.0,"turns":7.0},{"damage":18.0,"enemies":"Book of Stabbing","floor":28.0,"turns":4.0},{"damage":6.0,"enemies":"Centurion and Healer","floor":30.0,"turns":5.0},{"damage":13.0,"enemies":"Snake Plant","floor":31.0,"turns":2.0},{"damage":32.0,"enemies":"Automaton","floor":33.0,"turns":7.0},{"damage":19.0,"enemies":"3 Darklings","floor":35.0,"turns":6.0},{"damage":11.0,"enemies":"Orb Walker","floor":36.0,"turns":3.0},{"damage":32.0,"enemies":"4 Shapes","floor":38.0,"turns":6.0},{"damage":12.0,"enemies":"Spire Growth","floor":40.0,"turns":4.0},{"damage":3,"enemies":"3 Darklings","floor":41,"turns":7},{"damage":6,"enemies":"Maw","floor":44,"turns":6},{"damage":10,"enemies":"4 Shapes","floor":48,"turns":7},{"damage":16,"enemies":"Time Eater","floor":50,"turns":9}],"seed_played":"7914752885088210453","potions_obtained":[{"floor":1.0,"key":"PowerPotion"},{"floor":18.0,"key":"AttackPotion"},{"floor":28.0,"key":"EntropicBrew"},{"floor":30.0,"key":"EssenceOfSteel"},{"floor":36.0,"key":"LiquidBronze"},{"floor":38.0,"key":"GamblersBrew"},{"floor":41,"key":"Block Potion"}],"is_trial":false,"path_per_floor":["M","?","M","$","?","R","$","R","T","$","?","$","R","M","R","B",null,"M","?","$","?","$","R","M","R","T","R","E","T","M","M","R","B",null,"M","M","$","M","$","M","M","R","T","M","R","?","?","M","R","B"],"character_chosen":"DEFECT","items_purchased":["Redo","Loop","Redo","Redo","Defragment","Coolheaded","DataDisk","Capacitor","Blizzard"],"campfire_rested":3,"item_purchase_floors":[4,10,10,12,20,22,37,37,39],"current_hp_per_floor":[73,78,78,78,78,78,78,78,78,78,62,62,62,62,62,27,80,77,77,77,62,62,62,56,56,56,56,38,38,32,19,44,12,85,66,55,55,23,23,11,8,33,33,27,52,95,95,85,85,69],"gold":81,"neow_bonus":"THREE_CARDS","is_prod":false,"is_daily":false,"chose_seed":false,"campfire_upgraded":8,"win_rate":0,"timestamp":1539653930,"path_taken":["M","?","?","$","?","R","$","R","T","$","?","?","R","M","R","BOSS","M","?","$","?","$","R","M","R","T","R","E","?","?","M","R","BOSS","M","M","$","M","$","M","M","R","T","M","R","?","?","M","R","BOSS"],"build_version":"2018-10-11","purchased_purges":2,"victory":true,"max_hp_per_floor":[75,80,80,80,80,80,80,80,80,80,80,80,80,80,80,80,80,80,80,80,85,85,85,85,85,85,85,85,85,85,85,85,85,85,85,85,85,85,85,85,85,85,85,85,85,95,95,95,95,95],"card_choices":[{"not_picked":["Beam Cell","Streamline"],"picked":"Coolheaded","floor":0.0},{"not_picked":["Melter","Leap"],"picked":"Chill","floor":1.0},{"not_picked":["Coolheaded","Beam Cell"],"picked":"Cold Snap","floor":3.0},{"not_picked":["Darkness","Double Energy"],"picked":"Redo","floor":14.0},{"not_picked":["Biased Cognition","Hyperbeam"],"picked":"Seek","floor":16.0},{"not_picked":["Ball Lightning+1","Go for the Eyes+1","Sweeping Beam+1"],"picked":"SKIP","floor":18.0},{"not_picked":["Genetic Algorithm","Compile Driver+1"],"picked":"Hologram","floor":24.0},{"not_picked":["Reprogram+1","Rip and Tear"],"picked":"Stack","floor":28.0},{"not_picked":["Conserve Battery+1","Force Field","Go for the Eyes"],"picked":"SKIP","floor":30.0},{"not_picked":["Consume+1","Genetic Algorithm"],"picked":"Cold Snap","floor":31.0},{"not_picked":["Amplify","Machine Learning"],"picked":"Echo Form","floor":33.0},{"not_picked":["Conserve Battery+1","Compile Driver","Beam Cell"],"picked":"SKIP","floor":35.0},{"not_picked":["Machine Learning","Ball Lightning+1"],"picked":"Coolheaded","floor":36.0},{"not_picked":["Stack","Melter+1"],"picked":"Coolheaded+1","floor":38.0},{"not_picked":["Ball Lightning","Capacitor"],"picked":"Stack+1","floor":40.0},{"not_picked":["Darkness","Steam"],"picked":"Redo+1","floor":41},{"not_picked":["FTL+1","Stack"],"picked":"Redo","floor":44},{"not_picked":["Auto Shields","BootSequence"],"picked":"Cold Snap+1","floor":48}],"player_experience":615682,"relics_obtained":[{"floor":9.0,"key":"Centennial Puzzle"},{"floor":26.0,"key":"Symbiotic Virus"},{"floor":28.0,"key":"Bag of Marbles"},{"floor":29.0,"key":"Oddly Smooth Stone"},{"floor":43,"key":"Matryoshka"}],"event_choices":[{"event_name":"Big Fish","player_choice":"Donut","floor":2.0,"damage_taken":0.0},{"event_name":"Liars Game","player_choice":"agreed","floor":5.0,"damage_taken":0.0},{"event_name":"Shining Light","player_choice":"Entered Light","floor":11.0,"damage_taken":0.0},{"event_name":"Forgotten Altar","player_choice":"Shed Blood","floor":21.0,"damage_taken":0.0},{"event_name":"Bonfire Elementals","player_choice":"RARE","floor":46,"damage_taken":0},{"event_name":"Falling","player_choice":"Removed Attack","floor":47,"damage_taken":0}],"is_beta":false,"boss_relics":[{"not_picked":["Nuclear Battery","Sozu"],"picked":"Astrolabe"},{"not_picked":["Busted Crown","Calling Bell","Coffee Dripper"]}],"items_purged_floors":[4,7],"is_endless":false,"potions_floor_spawned":[1,18,28,30,36,38,41],"ascension_level":0}