{"gold_per_floor":[119,119,139,155,165,165,90,90,159,59,59,73,93,113,113,191,191,202,122],"floor_reached":19,"playtime":1744,"items_purged":["Strike_R","Strike_R"],"score":422,"play_id":"bf50e47b-f409-44d6-94b4-21644dc12394","local_time":"20190303143657","is_ascension_mode":true,"campfire_choices":[{"data":"Barricade","floor":6,"key":"SMITH"},{"data":"Body Slam","floor":15,"key":"SMITH"}],"neow_cost":"NONE","seed_source_timestamp":147469299906131,"circlet_count":0,"master_deck":["AscendersBane","Strike_R","Defend_R","Defend_R","Defend_R","Defend_R","Bash","Barricade+1","Iron Wave","Body Slam+1","Metallicize","Iron Wave","Normality","Doubt","Normality","Body Slam"],"relics":["Burning Blood","Mercury Hourglass","Calling Bell","Potion Belt","Frozen Egg 2","Unceasing Top"],"potions_floor_usage":[5,16,19],"damage_taken":[{"damage":15,"enemies":"Small Slimes","floor":1,"turns":4},{"damage":19,"enemies":"Cultist","floor":3,"turns":6},{"damage":9,"enemies":"Jaw Worm","floor":4,"turns":4},{"damage":2,"enemies":"Looter","floor":5,"turns":4},{"damage":10,"enemies":"Exordium Thugs","floor":12,"turns":6},{"damage":10,"enemies":"Lots of Slimes","floor":13,"turns":4},{"damage":13,"enemies":"Large Slime","floor":14,"turns":7},{"damage":6,"enemies":"The Guardian","floor":16,"turns":9},{"damage":42,"enemies":"Chosen","floor":18,"turns":6},{"damage":24,"enemies":"2 Thieves","floor":19,"turns":3}],"seed_played":"-7799017216068274660","potions_obtained":[{"floor":3,"key":"SteroidPotion"},{"floor":5,"key":"SkillPotion"},{"floor":13,"key":"LiquidBronze"}],"is_trial":false,"path_per_floor":["M","?","M","M","M","R","$","?","T","$","$","M","M","M","R","B",null,"M","M"],"character_chosen":"IRONCLAD","items_purchased":[],"campfire_rested":0,"item_purchase_floors":[],"current_hp_per_floor":[59,59,46,43,47,47,47,47,47,47,47,43,39,32,32,32,64,28,4],"gold":122,"neow_bonus":"ONE_RANDOM_RARE_CARD","is_prod":false,"is_daily":false,"chose_seed":false,"campfire_upgraded":2,"win_rate":0,"timestamp":1551591417,"path_taken":["M","?","?","M","M","R","$","?","T","?","$","M","M","M","R","BOSS","M","M"],"build_version":"2019-01-23","purchased_purges":2,"victory":false,"max_hp_per_floor":[75,75,75,75,75,75,75,75,75,75,75,75,75,75,75,75,75,75,75],"card_choices":[{"not_picked":["Iron Wave","Perfected Strike","Havoc"],"picked":"SKIP","floor":1},{"not_picked":["Perfected Strike","Havoc"],"picked":"Iron Wave","floor":1},{"not_picked":["Heavy Blade","Cleave"],"picked":"Body Slam","floor":3},{"not_picked":["Headbutt","Dual Wield","Cleave"],"picked":"SKIP","floor":4},{"not_picked":["Seeing Red","Body Slam"],"picked":"Metallicize","floor":5},{"not_picked":["Combust","Twin Strike","Fiend Fire"],"picked":"SKIP","floor":12},{"not_picked":["Fire Breathing","Pommel Strike"],"picked":"Iron Wave","floor":13},{"not_picked":["Bloodletting","Headbutt","Warcry"],"picked":"SKIP","floor":14},{"not_picked":["Rupture+1","Cleave"],"picked":"Body Slam","floor":18}],"player_experience":1034532,"relics_obtained":[{"floor":9,"key":"Mercury Hourglass"},{"floor":17,"key":"Potion Belt"},{"floor":17,"key":"Frozen Egg 2"},{"floor":17,"key":"Unceasing Top"}],"event_choices":[{"cards_removed":["Strike_R"],"damage_healed":0,"gold_gain":0,"player_choice":"Offered Basic","damage_taken":0,"max_hp_gain":0,"max_hp_loss":0,"event_name":"Bonfire Elementals","floor":2,"gold_loss":0},{"cards_removed":["Strike_R"],"damage_healed":0,"gold_gain":0,"player_choice":"Forget","damage_taken":0,"max_hp_gain":0,"max_hp_loss":0,"event_name":"Living Wall","floor":8,"gold_loss":0}],"is_beta":false,"boss_relics":[{"not_picked":["Runic Dome","Tiny House"],"picked":"Calling Bell"}],"items_purged_floors":[7,10],"is_endless":false,"potions_floor_spawned":[3,5,13],"killed_by":"2 Thieves","ascension_level":20}