{"gold_per_floor":[109,129,144,124,140,165,179,209,232,181,181,212,212,227,227,327,327,343,343,358,370,77,111,111,145,171,187,187,187,110,35,35,137,137,151,163,163,263,108,139,139,149,149,149,149,1,20,54,54,54],"floor_reached":50,"playtime":3292,"items_purged":["Havoc"],"score":692,"play_id":"46400012-ecf5-40dc-a289-5389c6ee639b","local_time":"20190119161010","is_ascension_mode":true,"campfire_choices":[{"floor":11,"key":"REST"},{"data":"Armaments","floor":13,"key":"SMITH"},{"data":"Armaments","floor":15,"key":"SMITH"},{"floor":24,"key":"REST"},{"floor":29,"key":"REST"},{"floor":32,"key":"REST"},{"floor":41,"key":"REST"},{"floor":44,"key":"REST"},{"floor":49,"key":"REST"}],"neow_cost":"NONE","seed_source_timestamp":253210136015600,"circlet_count":0,"master_deck":["Strike_R","Strike_R+1","Strike_R","Strike_R","Defend_R","Defend_R","Defend_R","Defend_R","Bash","Infernal Blade","Armaments+1","Headbutt","Juggernaut","Intimidate","Entrench","Body Slam","Seeing Red","Shrug It Off","Demon Form","Rage+1","Clothesline+1","Iron Wave","Infernal Blade","Whirlwind","Body Slam","Feed+1","Reaper","Inflame+1","Heavy Blade+1","The Bomb","Parasite","Iron Wave+1","Disarm"],"relics":["Burning Blood","NeowsBlessing","Darkstone Periapt","Self Forming Clay","Centennial Puzzle","Strawberry","Fusion Hammer","Matryoshka","Gambling Chip","Bag of Marbles","Nunchaku","PreservedInsect","Orichalcum","Mark of Pain","Mango","Lantern","Dodecahedron","Anchor","Whetstone","Gremlin Horn"],"potions_floor_usage":[5,6,6,8,25,25,33,38,42,42,50],"damage_taken":[{"damage":0,"enemies":"Cultist","floor":1,"turns":1},{"damage":0,"enemies":"2 Louse","floor":2,"turns":1},{"damage":0,"enemies":"Jaw Worm","floor":3,"turns":1},{"damage":1,"enemies":"3 Louse","floor":5,"turns":2},{"damage":23,"enemies":"Gremlin Nob","floor":6,"turns":4},{"damage":8,"enemies":"Exordium Wildlife","floor":7,"turns":3},{"damage":24,"enemies":"Lagavulin","floor":8,"turns":8},{"damage":16,"enemies":"Gremlin Nob","floor":12,"turns":4},{"damage":4,"enemies":"Red Slaver","floor":14,"turns":2},{"damage":34,"enemies":"The Guardian","floor":16,"turns":12},{"damage":8,"enemies":"2 Thieves","floor":18,"turns":4},{"damage":17,"enemies":"Shell Parasite","floor":20,"turns":6},{"damage":12,"enemies":"Centurion and Healer","floor":21,"turns":5},{"damage":35,"enemies":"Book of Stabbing","floor":23,"turns":7},{"damage":19,"enemies":"Slavers","floor":25,"turns":6},{"damage":8,"enemies":"Snake Plant","floor":27,"turns":2},{"damage":53,"enemies":"Automaton","floor":33,"turns":10},{"damage":14,"enemies":"3 Darklings","floor":35,"turns":2},{"damage":12,"enemies":"Orb Walker","floor":36,"turns":4},{"damage":21,"enemies":"Mind Bloom Boss Battle","floor":38,"turns":5},{"damage":49,"enemies":"Reptomancer","floor":40,"turns":7},{"damage":30,"enemies":"Maw","floor":42,"turns":7},{"damage":29,"enemies":"Writhing Mass","floor":47,"turns":6},{"damage":67,"enemies":"Nemesis","floor":48,"turns":7},{"damage":109,"enemies":"Donu and Deca","floor":50,"turns":8}],"seed_played":"6091299132478829590","potions_obtained":[{"floor":1,"key":"Explosive Potion"},{"floor":3,"key":"SpeedPotion"},{"floor":4,"key":"FearPotion"},{"floor":5,"key":"LiquidBronze"},{"floor":12,"key":"SmokeBomb"},{"floor":21,"key":"Ancient Potion"},{"floor":23,"key":"SpeedPotion"},{"floor":33,"key":"EssenceOfSteel"},{"floor":38,"key":"Strength Potion"},{"floor":40,"key":"Regen Potion"},{"floor":47,"key":"SteroidPotion"}],"is_trial":false,"path_per_floor":["M","M","M","?","M","E","M","E","T","$","R","E","R","M","R","B",null,"M","T","M","M","$","E","R","E","T","M","?","R","$","$","R","B",null,"M","M","?","?","$","E","R","M","T","R","?","$","M","E","R","B"],"character_chosen":"IRONCLAD","items_purchased":["Body Slam","Gambling Chip","Body Slam","SpeedPotion","Feed","Lantern","BloodPotion"],"campfire_rested":7,"item_purchase_floors":[10,22,30,30,31,39,46],"current_hp_per_floor":[80,80,80,80,80,63,61,43,43,43,67,64,64,66,66,38,87,85,85,74,68,68,39,65,52,52,50,50,76,76,76,87,40,87,79,80,80,79,79,54,84,93,93,104,104,104,102,42,75,0],"gold":54,"neow_bonus":"THREE_ENEMY_KILL","is_prod":false,"is_daily":false,"chose_seed":false,"campfire_upgraded":2,"win_rate":0,"timestamp":1547932210,"path_taken":["M","M","?","?","M","E","M","E","T","$","R","E","R","M","R","BOSS","M","?","M","?","$","E","R","E","T","M","?","R","?","$","R","BOSS","M","M","?","?","?","E","R","?","T","R","?","?","M","E","R","BOSS"],"build_version":"2019-01-17v2","purchased_purges":1,"victory":false,"max_hp_per_floor":[80,80,80,80,80,80,80,80,80,80,80,87,87,87,87,87,87,87,87,87,87,87,87,87,87,87,87,87,87,87,87,87,87,87,87,87,87,101,101,101,101,104,104,104,104,104,110,110,110,110],"card_choices":[{"not_picked":["Evolve","Second Wind"],"picked":"Infernal Blade","floor":1},{"not_picked":["Clash","Heavy Blade"],"picked":"Armaments","floor":2},{"not_picked":["Havoc","Sever Soul"],"picked":"Armaments","floor":3},{"not_picked":["Clash","Anger"],"picked":"Headbutt","floor":5},{"not_picked":["Headbutt","Pommel Strike"],"picked":"Juggernaut","floor":6},{"not_picked":["Hemokinesis","Sever Soul"],"picked":"Intimidate","floor":7},{"not_picked":["Anger","Iron Wave"],"picked":"Entrench","floor":8},{"not_picked":["Cleave","Thunderclap"],"picked":"Seeing Red","floor":12},{"not_picked":["Armaments","Bloodletting"],"picked":"Shrug It Off","floor":14},{"not_picked":["Impervious","Berserk"],"picked":"Demon Form","floor":16},{"not_picked":["Wild Strike","Anger+1"],"picked":"Rage+1","floor":18},{"not_picked":["Uppercut","Combust+1"],"picked":"Clothesline+1","floor":20},{"not_picked":["Feel No Pain","Anger"],"picked":"Iron Wave","floor":21},{"not_picked":["Twin Strike","Pommel Strike"],"picked":"Infernal Blade","floor":23},{"not_picked":["Armaments","Headbutt"],"picked":"Whirlwind","floor":25},{"not_picked":["Reckless Charge","Sentinel","Carnage"],"picked":"SKIP","floor":27},{"not_picked":["Dark Embrace","Juggernaut"],"picked":"Reaper","floor":33},{"not_picked":["Pommel Strike","Second Wind+1","Hemokinesis+1"],"picked":"SKIP","floor":35},{"not_picked":["Flex+1","Bloodletting"],"picked":"Inflame+1","floor":36},{"not_picked":["Wild Strike+1","Corruption+1","Headbutt"],"picked":"SKIP","floor":40},{"not_picked":["Twin Strike","Iron Wave+1"],"picked":"Heavy Blade+1","floor":42},{"not_picked":["Trip","Chrysalis"],"picked":"The Bomb","floor":45},{"not_picked":["Anger","Havoc"],"picked":"Iron Wave+1","floor":47},{"not_picked":["Perfected Strike","Armaments+1"],"picked":"Disarm","floor":48}],"player_experience":433098,"relics_obtained":[{"floor":6,"key":"Darkstone Periapt"},{"floor":8,"key":"Self Forming Clay"},{"floor":9,"key":"Centennial Puzzle"},{"floor":12,"key":"Strawberry"},{"floor":19,"key":"Matryoshka"},{"floor":23,"key":"Bag of Marbles"},{"floor":25,"key":"Nunchaku"},{"floor":26,"key":"PreservedInsect"},{"floor":26,"key":"Orichalcum"},{"floor":38,"key":"Mango"},{"floor":40,"key":"Dodecahedron"},{"floor":43,"key":"Anchor"},{"floor":43,"key":"Whetstone"},{"floor":48,"key":"Gremlin Horn"}],"event_choices":[{"damage_healed":0,"gold_gain":0,"player_choice":"Bought 1 Potion","damage_taken":0,"max_hp_gain":0,"max_hp_loss":0,"event_name":"The Woman in Blue","floor":4,"gold_loss":0},{"damage_healed":0,"gold_gain":0,"cards_transformed":["Strike_R"],"player_choice":"Transformed","damage_taken":0,"max_hp_gain":0,"max_hp_loss":0,"event_name":"Transmorgrifier","floor":28,"gold_loss":0,"cards_obtained":["Havoc"]},{"cards_removed":["Armaments"],"damage_healed":0,"gold_gain":0,"player_choice":"Removed Skill","damage_taken":0,"max_hp_gain":0,"max_hp_loss":0,"event_name":"Falling","floor":37,"gold_loss":0},{"damage_healed":0,"gold_gain":0,"player_choice":"Fight","damage_taken":0,"max_hp_gain":0,"max_hp_loss":0,"event_name":"MindBloom","floor":38,"gold_loss":0},{"damage_healed":0,"gold_gain":0,"player_choice":"Memory 1","damage_taken":0,"max_hp_gain":0,"max_hp_loss":0,"event_name":"SensoryStone","floor":45,"gold_loss":0}],"is_beta":false,"boss_relics":[{"not_picked":["Busted Crown","Pandora\u0027s Box"],"picked":"Fusion Hammer"},{"not_picked":["White Beast Statue","Lizard Tail"],"picked":"Mark of Pain"}],"items_purged_floors":[46],"is_endless":false,"potions_floor_spawned":[1,3,5,12,21,23,33,38,40,47],"killed_by":"Donu and Deca","ascension_level":3}