{"gold_per_floor":[109,126,138,138,138,138,3,3,3,3,13,29,29,59,59,162,162,177,177],"floor_reached":19,"playtime":760,"items_purged":[],"score":192,"play_id":"dc0eefc4-9cf3-48e0-93c4-e410c414c784","local_time":"20181025234922","is_ascension_mode":true,"campfire_choices":[{"data":"Cold Snap","floor":6,"key":"SMITH"},{"data":"Thunder Strike","floor":8,"key":"SMITH"},{"data":"Zap","floor":10,"key":"SMITH"},{"floor":15,"key":"REST"}],"neow_cost":"NONE","seed_source_timestamp":1369622847843762,"circlet_count":0,"master_deck":["Strike_B+1","Strike_B+1","Defend_B","Defend_B","Defend_B","Zap+1","Dualcast","Cold Snap+1","Thunder Strike+1","White Noise","Ball Lightning","Capacitor","Echo Form+1","Chaos+1","Rebound+1","Redo"],"relics":["Cracked Core","Whetstone","Ancient Tea Set","Oddly Smooth Stone","Astrolabe"],"potions_floor_usage":[16,19],"damage_taken":[{"damage":0,"enemies":"Cultist","floor":1,"turns":2},{"damage":0,"enemies":"2 Louse","floor":2,"turns":2},{"damage":0,"enemies":"Small Slimes","floor":3,"turns":2},{"damage":23,"enemies":"Exordium Thugs","floor":11,"turns":4},{"damage":15,"enemies":"Gremlin Gang","floor":12,"turns":5},{"damage":13,"enemies":"Gremlin Nob","floor":14,"turns":4},{"damage":20,"enemies":"Hexaghost","floor":16,"turns":9},{"damage":42,"enemies":"2 Thieves","floor":18,"turns":4},{"damage":17,"enemies":"Colosseum Slavers","floor":19,"turns":3}],"seed_played":"855846756796445837","potions_obtained":[{"floor":1,"key":"FocusPotion"},{"floor":3,"key":"Block Potion"},{"floor":11,"key":"Energy Potion"},{"floor":18,"key":"SteroidPotion"}],"is_trial":false,"path_per_floor":["M","M","M","?","?","R","$","R","T","R","M","M","$","E","R","B",null,"M"],"character_chosen":"DEFECT","items_purchased":["Thunder Strike"],"campfire_rested":1,"item_purchase_floors":[7],"current_hp_per_floor":[75,75,75,68,68,68,68,68,68,68,45,30,30,17,39,19,75,33,16],"gold":177,"neow_bonus":"RANDOM_COMMON_RELIC","is_prod":false,"is_daily":false,"chose_seed":false,"campfire_upgraded":3,"win_rate":0,"timestamp":1540525762,"path_taken":["M","M","?","?","?","R","$","R","T","R","M","M","?","E","R","BOSS","M","?"],"build_version":"2018-10-25","purchased_purges":0,"victory":false,"max_hp_per_floor":[75,75,75,75,75,75,75,75,75,75,75,75,75,75,75,75,75,75,75],"card_choices":[{"not_picked":["Chaos","Turbo"],"picked":"Cold Snap","floor":1},{"not_picked":["Force Field","Compile Driver"],"picked":"Chill","floor":2},{"not_picked":["Beam Cell","Melter","Storm"],"picked":"SKIP","floor":3},{"not_picked":["Lockon","Cold Snap"],"picked":"White Noise","floor":11},{"not_picked":["Cold Snap","Redo"],"picked":"Ball Lightning","floor":12},{"not_picked":["Ball Lightning","Storm"],"picked":"Capacitor","floor":14},{"not_picked":["Beam Cell","Hologram"],"picked":"Redo","floor":18}],"player_experience":687787,"relics_obtained":[{"floor":9,"key":"Ancient Tea Set"},{"floor":14,"key":"Oddly Smooth Stone"}],"event_choices":[{"cards_removed":["Strike_B"],"damage_healed":0,"gold_gain":0,"player_choice":"Card Removal","damage_taken":7,"max_hp_gain":0,"max_hp_loss":0,"event_name":"Golden Wing","floor":4,"gold_loss":0},{"damage_healed":0,"gold_gain":0,"player_choice":"Bought 0 Potions","damage_taken":0,"max_hp_gain":0,"max_hp_loss":0,"event_name":"The Woman in Blue","floor":5,"gold_loss":0},{"damage_healed":0,"gold_gain":0,"player_choice":"Fight","damage_taken":0,"max_hp_gain":0,"max_hp_loss":0,"event_name":"Colosseum","floor":19,"gold_loss":0}],"is_beta":false,"boss_relics":[{"not_picked":["Coffee Dripper","Orrery"],"picked":"Astrolabe"}],"items_purged_floors":[],"is_endless":false,"potions_floor_spawned":[1,3,11,18],"killed_by":"Colosseum Slavers","ascension_level":3}