{"gold_per_floor":[118,118,98,122,141,141,174,199,199,199,230,255,299,194,194,317,317,303,303,303,42,57,74,102,102,128,140],"floor_reached":27,"playtime":2412,"items_purged":[],"score":376,"play_id":"8f369194-fe96-4cb8-9a3b-822509a68fdb","local_time":"20181223125403","is_ascension_mode":true,"campfire_choices":[{"data":"Neutralize","floor":6,"key":"SMITH"},{"floor":10,"key":"REST"},{"floor":15,"key":"DIG"}],"neow_cost":"NONE","seed_source_timestamp":239365274528730,"circlet_count":0,"master_deck":["Defend_G","Defend_G","Defend_G","Defend_G","Defend_G","Survivor","Neutralize+1","Backstab","Footwork","Deflect","Well Laid Plans","Caltrops","Crippling Poison","PiercingWail","Envenom","Leg Sweep","Footwork","Adrenaline","Finisher+1","Bite","Bite","Bite","Bite","Bite","Blade Dance+1","Dash","PiercingWail"],"relics":["Ring of the Snake","NeowsBlessing","Bloody Idol","Bag of Preparation","Meat on the Bone","Shovel","Dead Branch","Pantograph","Eternal Feather","Kunai","Sundial","Snake Skull","MawBank"],"potions_floor_usage":[7,8,11,12,13,18,23,24],"damage_taken":[{"damage":0,"enemies":"Jaw Worm","floor":1,"turns":1},{"damage":0,"enemies":"2 Louse","floor":4,"turns":1},{"damage":0,"enemies":"Cultist","floor":5,"turns":1},{"damage":7,"enemies":"3 Sentries","floor":7,"turns":12},{"damage":22,"enemies":"Gremlin Gang","floor":8,"turns":9},{"damage":31,"enemies":"Gremlin Nob","floor":11,"turns":5},{"damage":5,"enemies":"Exordium Wildlife","floor":12,"turns":4},{"damage":14,"enemies":"3 Sentries","floor":13,"turns":12},{"damage":11,"enemies":"The Guardian","floor":16,"turns":17},{"damage":11,"enemies":"2 Thieves","floor":18,"turns":4},{"damage":3,"enemies":"Chosen","floor":22,"turns":5},{"damage":39,"enemies":"3 Cultists","floor":23,"turns":6},{"damage":7,"enemies":"Book of Stabbing","floor":24,"turns":7},{"damage":63,"enemies":"Gremlin Leader","floor":27,"turns":6}],"seed_played":"2800595760352827814","potions_obtained":[{"floor":1,"key":"Block Potion"},{"floor":3,"key":"AttackPotion"},{"floor":8,"key":"Poison Potion"},{"floor":11,"key":"Poison Potion"},{"floor":12,"key":"SpeedPotion"},{"floor":16,"key":"SteroidPotion"},{"floor":22,"key":"Poison Potion"},{"floor":23,"key":"Energy Potion"}],"is_trial":false,"path_per_floor":["M","?","?","M","M","R","E","M","T","R","E","M","E","$","R","B",null,"M","?","?","$","M","M","E","?","T","E"],"character_chosen":"THE_SILENT","items_purchased":["Leg Sweep","Footwork","Kunai"],"campfire_rested":1,"item_purchase_floors":[14,14,21],"current_hp_per_floor":[63,63,63,63,63,63,56,34,34,53,34,41,39,39,39,53,62,51,45,45,45,45,29,35,35,40,0],"gold":140,"neow_bonus":"THREE_ENEMY_KILL","is_prod":false,"is_daily":false,"chose_seed":false,"campfire_upgraded":1,"win_rate":0,"timestamp":1545587643,"path_taken":["M","?","?","?","M","R","E","M","T","R","E","?","E","$","R","BOSS","M","?","?","$","M","M","E","?","T","E"],"build_version":"2018-12-20","purchased_purges":0,"victory":false,"max_hp_per_floor":[70,65,65,65,65,65,65,65,65,65,65,65,65,65,65,65,65,65,45,45,45,45,45,45,45,45,45],"card_choices":[{"not_picked":["All Out Attack","Flechettes"],"picked":"Backstab","floor":1},{"not_picked":["Deadly Poison","Dagger Spray"],"picked":"Footwork","floor":4},{"not_picked":["Blade Dance","Crippling Poison"],"picked":"Deflect","floor":5},{"not_picked":["Outmaneuver","Escape Plan"],"picked":"Well Laid Plans","floor":7},{"not_picked":["Dagger Throw","Dagger Spray"],"picked":"Caltrops","floor":8},{"not_picked":["Flying Knee","Cloak And Dagger"],"picked":"Crippling Poison","floor":11},{"not_picked":["Skewer","Prepared"],"picked":"PiercingWail","floor":12},{"not_picked":["Catalyst","Finisher"],"picked":"Envenom","floor":13},{"not_picked":["Night Terror","Grand Finale"],"picked":"Adrenaline","floor":16},{"not_picked":["Deadly Poison","Masterful Stab"],"picked":"Finisher+1","floor":18},{"not_picked":["Poisoned Stab+1","Sucker Punch"],"picked":"Blade Dance+1","floor":22},{"not_picked":["Backflip","Predator"],"picked":"Dash","floor":23},{"not_picked":["Grand Finale","Cloak And Dagger"],"picked":"PiercingWail","floor":24}],"player_experience":361908,"relics_obtained":[{"floor":7,"key":"Bag of Preparation"},{"floor":9,"key":"Meat on the Bone"},{"floor":11,"key":"Shovel"},{"floor":13,"key":"Dead Branch"},{"floor":15,"key":"Pantograph"},{"floor":24,"key":"Sundial"},{"floor":26,"key":"MawBank"}],"event_choices":[{"damage_healed":0,"gold_gain":0,"player_choice":"Lose Max HP","damage_taken":0,"relics_obtained":["Golden Idol"],"max_hp_gain":0,"max_hp_loss":5,"event_name":"Golden Idol","floor":2,"gold_loss":0},{"damage_healed":0,"gold_gain":0,"player_choice":"Bought 1 Potion","damage_taken":0,"max_hp_gain":0,"max_hp_loss":0,"event_name":"The Woman in Blue","floor":3,"gold_loss":0},{"damage_healed":0,"gold_gain":0,"player_choice":"Became a vampire","damage_taken":0,"max_hp_gain":0,"max_hp_loss":20,"event_name":"Vampires","floor":19,"gold_loss":0,"cards_obtained":["Bite","Bite","Bite","Bite","Bite"]},{"damage_healed":0,"gold_gain":0,"player_choice":"Gave Idol","damage_taken":0,"relics_obtained":["Bloody Idol"],"max_hp_gain":0,"max_hp_loss":0,"event_name":"Forgotten Altar","floor":20,"relics_lost":["Golden Idol"],"gold_loss":0},{"damage_healed":0,"gold_gain":0,"player_choice":"Opened","damage_taken":0,"relics_obtained":["Snake Skull"],"max_hp_gain":0,"max_hp_loss":0,"event_name":"The Mausoleum","floor":25,"gold_loss":0}],"is_beta":false,"boss_relics":[{"not_picked":["Fusion Hammer","Velvet Choker"],"picked":"Eternal Feather"}],"items_purged_floors":[],"is_endless":false,"potions_floor_spawned":[1,8,11,12,16,22,23],"killed_by":"Gremlin Leader","ascension_level":8}