{"gold_per_floor":[119,24,39,53,228,263,274,286,286,286,286,299,299,299,299,299],"floor_reached":16,"playtime":1176,"items_purged":[],"score":122,"play_id":"a32627de-0668-4645-b642-ba17e727e28b","local_time":"20190214202115","is_ascension_mode":true,"campfire_choices":[{"floor":10,"key":"REST"},{"data":"Bash","floor":13,"key":"SMITH"},{"data":"True Grit","floor":15,"key":"SMITH"}],"neow_cost":"NONE","seed_source_timestamp":2192031134771560,"circlet_count":0,"master_deck":["Strike_R","Strike_R","Strike_R","Strike_R+1","Strike_R","Defend_R","Defend_R","Defend_R","Defend_R","Bash+1","Uppercut+1","Infernal Blade","Pommel Strike","Shrug It Off","Iron Wave","Power Through","Doubt","True Grit+1","Cleave","Headbutt","Hemokinesis"],"relics":["Burning Blood","Whetstone","Calipers","Pear"],"potions_floor_usage":[8,16],"damage_taken":[{"damage":7,"enemies":"Jaw Worm","floor":1,"turns":3},{"damage":0,"enemies":"2 Louse","floor":3,"turns":2},{"damage":1,"enemies":"Cultist","floor":4,"turns":3},{"damage":70,"enemies":"Lagavulin","floor":6,"turns":12},{"damage":5,"enemies":"Exordium Wildlife","floor":7,"turns":7},{"damage":2,"enemies":"Gremlin Gang","floor":8,"turns":5},{"damage":1,"enemies":"2 Fungi Beasts","floor":12,"turns":3},{"damage":90,"enemies":"Slime Boss","floor":16,"turns":11}],"seed_played":"-779778104195119273","potions_obtained":[{"floor":3,"key":"Swift Potion"},{"floor":6,"key":"Weak Potion"}],"is_trial":false,"path_per_floor":["M","$","M","M","?","E","M","M","T","R","?","M","R","T","R","B"],"character_chosen":"IRONCLAD","items_purchased":["Pommel Strike","Shrug It Off"],"campfire_rested":1,"item_purchase_floors":[2,2],"current_hp_per_floor":[79,79,80,80,80,16,17,21,21,45,80,80,80,90,90,0],"gold":299,"neow_bonus":"THREE_CARDS","is_prod":false,"is_daily":false,"chose_seed":false,"campfire_upgraded":2,"win_rate":0,"timestamp":1550175675,"path_taken":["M","$","M","M","?","E","M","M","T","R","?","?","R","?","R","BOSS"],"build_version":"2019-01-23","purchased_purges":0,"victory":false,"max_hp_per_floor":[80,80,80,80,80,80,80,80,80,80,80,80,80,90,90,90],"card_choices":[{"not_picked":["Clothesline","Shrug It Off"],"picked":"Uppercut","floor":0},{"not_picked":["Clothesline","Combust"],"picked":"Infernal Blade","floor":1},{"not_picked":["Sword Boomerang","Infernal Blade"],"picked":"Iron Wave","floor":3},{"not_picked":["Rupture","Infernal Blade"],"picked":"Power Through","floor":4},{"not_picked":["Immolate","Perfected Strike"],"picked":"True Grit","floor":6},{"not_picked":["Rupture","True Grit"],"picked":"Cleave","floor":7},{"not_picked":["Anger","Pommel Strike"],"picked":"Headbutt","floor":8},{"not_picked":["Cleave","Armaments"],"picked":"Hemokinesis","floor":12}],"player_experience":474629,"relics_obtained":[{"floor":6,"key":"Whetstone"},{"floor":9,"key":"Calipers"},{"floor":14,"key":"Pear"}],"event_choices":[{"damage_healed":0,"gold_gain":175,"player_choice":"AGREE","damage_taken":0,"max_hp_gain":0,"max_hp_loss":0,"event_name":"Liars Game","floor":5,"gold_loss":0,"cards_obtained":["Doubt"]},{"damage_healed":35,"gold_gain":0,"player_choice":"Full Heal","damage_taken":0,"max_hp_gain":0,"max_hp_loss":0,"event_name":"Wheel of Change","floor":11,"gold_loss":0}],"is_beta":false,"boss_relics":[],"items_purged_floors":[],"is_endless":false,"potions_floor_spawned":[3,6],"killed_by":"Slime Boss","ascension_level":4}