{"gold_per_floor":[113,131,141,153,153,153,184,184,184,214,10,29,40,51,51,156,156,168,19,19,32,52,77,77,91,141,141,141,152,152,167,167,268,268,285,137,137,151,114,144,158,158],"floor_reached":42,"playtime":2617,"items_purged":[],"score":561,"play_id":"dac391c0-1e2e-48ba-9341-64ce47d5429e","local_time":"20181230184117","is_ascension_mode":true,"campfire_choices":[{"data":"Metallicize","floor":6,"key":"SMITH"},{"floor":15,"key":"REST"},{"data":"Barricade","floor":24,"key":"SMITH"},{"floor":27,"key":"REST"},{"data":"Impervious","floor":32,"key":"SMITH"}],"neow_cost":"NONE","seed_source_timestamp":846724042700,"circlet_count":0,"master_deck":["Defend_R","Defend_R","Defend_R+1","Bash+1","Metallicize+1","Rupture","Impervious+1","Ghostly Armor","Barricade+1","Body Slam","Seeing Red","Fiend Fire","Iron Wave","Headbutt","Shrug It Off+1","Whirlwind+1","Shockwave","Combust+1","Bite","Bite","Bite","Bite","Bite","Fiend Fire","Uppercut","Battle Trance","Clothesline+1"],"relics":["Burning Blood","PreservedInsect","Omamori","Blue Candle","Mercury Hourglass","Strange Spoon","Busted Crown","Bronze Scales","StoneCalendar","Juzu Bracelet","Mark of Pain","Art of War","Torii"],"potions_floor_usage":[7,7,10,12,13,23,33,40,42],"damage_taken":[{"damage":0,"enemies":"Small Slimes","floor":1,"turns":3},{"damage":7,"enemies":"Jaw Worm","floor":2,"turns":5},{"damage":2,"enemies":"Cultist","floor":3,"turns":4},{"damage":12,"enemies":"2 Fungi Beasts","floor":4,"turns":5},{"damage":20,"enemies":"Lagavulin","floor":7,"turns":6},{"damage":32,"enemies":"3 Sentries","floor":10,"turns":9},{"damage":1,"enemies":"Red Slaver","floor":12,"turns":5},{"damage":7,"enemies":"Gremlin Gang","floor":13,"turns":5},{"damage":4,"enemies":"Looter","floor":14,"turns":3},{"damage":14,"enemies":"The Guardian","floor":16,"turns":9},{"damage":19,"enemies":"2 Thieves","floor":18,"turns":4},{"damage":16,"enemies":"3 Byrds","floor":21,"turns":5},{"damage":14,"enemies":"Shelled Parasite and Fungi","floor":22,"turns":10},{"damage":10,"enemies":"Gremlin Leader","floor":23,"turns":7},{"damage":7,"enemies":"Centurion and Healer","floor":25,"turns":7},{"damage":5,"enemies":"Cultist and Chosen","floor":29,"turns":4},{"damage":8,"enemies":"Snake Plant","floor":31,"turns":4},{"damage":11,"enemies":"Automaton","floor":33,"turns":7},{"damage":1,"enemies":"3 Darklings","floor":35,"turns":2},{"damage":11,"enemies":"Orb Walker","floor":38,"turns":4},{"damage":31,"enemies":"Nemesis","floor":40,"turns":7},{"damage":27,"enemies":"Maw","floor":41,"turns":7},{"damage":56,"enemies":"Giant Head","floor":42,"turns":6}],"seed_played":"-6187544300546675530","potions_obtained":[{"floor":2,"key":"SteroidPotion"},{"floor":4,"key":"GamblersBrew"},{"floor":7,"key":"Block Potion"},{"floor":10,"key":"Fruit Juice"},{"floor":12,"key":"FearPotion"},{"floor":22,"key":"PowerPotion"},{"floor":25,"key":"EssenceOfSteel"},{"floor":33,"key":"EssenceOfSteel"},{"floor":38,"key":"BloodPotion"},{"floor":40,"key":"Explosive Potion"}],"is_trial":false,"path_per_floor":["M","M","M","M","?","R","E","?","T","E","$","M","M","M","R","B",null,"M","$","?","M","M","E","R","M","T","R","?","M","?","M","R","B",null,"M","$","?","M","$","E","M","E"],"character_chosen":"IRONCLAD","items_purchased":["Strange Spoon","Bronze Scales","Art of War","Battle Trance"],"campfire_rested":2,"item_purchase_floors":[11,19,36,39],"current_hp_per_floor":[80,79,80,74,58,58,44,44,44,23,23,28,27,29,54,46,85,72,72,72,62,54,50,50,49,49,74,58,59,59,59,59,62,63,63,63,63,62,62,45,34,0],"gold":158,"neow_bonus":"RANDOM_COMMON_RELIC","is_prod":false,"is_daily":false,"chose_seed":false,"campfire_upgraded":3,"win_rate":0,"timestamp":1546213277,"path_taken":["M","M","M","M","?","R","E","?","T","E","$","M","?","M","R","BOSS","M","$","?","?","?","E","R","?","T","R","?","M","?","M","R","BOSS","M","$","?","M","$","E","M","E"],"build_version":"2018-12-20","purchased_purges":0,"victory":false,"max_hp_per_floor":[80,80,80,80,80,80,80,80,80,85,85,85,85,85,85,85,85,85,85,85,85,85,85,85,85,85,85,90,90,63,63,63,63,63,63,63,63,63,63,63,63,63],"card_choices":[{"not_picked":["Twin Strike","Clash"],"picked":"Metallicize","floor":1},{"not_picked":["Twin Strike","Anger","Havoc"],"picked":"SKIP","floor":2},{"not_picked":["Sword Boomerang","Heavy Blade"],"picked":"Rupture","floor":3},{"not_picked":["Perfected Strike","Twin Strike"],"picked":"Impervious","floor":4},{"not_picked":["Iron Wave","Havoc"],"picked":"Ghostly Armor","floor":7},{"not_picked":["Bloodletting","Burning Pact"],"picked":"Barricade","floor":10},{"not_picked":["Clash","Sword Boomerang"],"picked":"Body Slam","floor":12},{"not_picked":["Pommel Strike","Warcry","Burning Pact"],"picked":"SKIP","floor":13},{"not_picked":["Flex","Perfected Strike"],"picked":"Seeing Red","floor":14},{"not_picked":["Dark Embrace","Brutality"],"picked":"Fiend Fire","floor":16},{"not_picked":[],"picked":"Iron Wave","floor":18},{"not_picked":[],"picked":"Headbutt","floor":21},{"not_picked":[],"picked":"Shrug It Off+1","floor":22},{"not_picked":[],"picked":"Whirlwind+1","floor":23},{"not_picked":[],"picked":"Shockwave","floor":25},{"not_picked":[],"picked":"Combust+1","floor":29},{"not_picked":["Second Wind"],"picked":"SKIP","floor":31},{"not_picked":[],"picked":"Fiend Fire","floor":33},{"not_picked":[],"picked":"Uppercut","floor":35},{"not_picked":["Sentinel+1"],"picked":"SKIP","floor":38},{"not_picked":[],"picked":"Clothesline+1","floor":40},{"not_picked":["True Grit"],"picked":"SKIP","floor":41}],"player_experience":408797,"relics_obtained":[{"floor":7,"key":"Omamori"},{"floor":9,"key":"Blue Candle"},{"floor":10,"key":"Mercury Hourglass"},{"floor":23,"key":"StoneCalendar"},{"floor":26,"key":"Juzu Bracelet"},{"floor":40,"key":"Torii"}],"event_choices":[{"damage_healed":0,"gold_gain":0,"player_choice":"Entered Light","damage_taken":16,"max_hp_gain":0,"max_hp_loss":0,"event_name":"Shining Light","floor":5,"gold_loss":0,"cards_upgraded":["Defend_R","Bash"]},{"damage_healed":0,"gold_gain":0,"player_choice":"0 cards matched","damage_taken":0,"max_hp_gain":0,"max_hp_loss":0,"event_name":"Match and Keep!","floor":8,"gold_loss":0,"cards_obtained":[]},{"cards_removed":["Strike_R"],"damage_healed":0,"gold_gain":0,"player_choice":"Purged","damage_taken":0,"max_hp_gain":0,"max_hp_loss":0,"event_name":"Purifier","floor":20,"gold_loss":0},{"damage_healed":0,"gold_gain":0,"player_choice":"Shed Blood","damage_taken":21,"max_hp_gain":5,"max_hp_loss":0,"event_name":"Forgotten Altar","floor":28,"gold_loss":0},{"damage_healed":0,"gold_gain":0,"player_choice":"Became a vampire","damage_taken":0,"max_hp_gain":0,"max_hp_loss":27,"event_name":"Vampires","floor":30,"gold_loss":0,"cards_obtained":["Bite","Bite","Bite","Bite","Bite"]},{"cards_removed":["Defend_R"],"damage_healed":0,"gold_gain":0,"player_choice":"Removed Skill","damage_taken":0,"max_hp_gain":0,"max_hp_loss":0,"event_name":"Falling","floor":37,"gold_loss":0}],"is_beta":false,"boss_relics":[{"not_picked":["Snecko Eye","Black Blood"],"picked":"Busted Crown"},{"not_picked":["Philosopher\u0027s Stone","White Beast Statue"],"picked":"Mark of Pain"}],"items_purged_floors":[],"is_endless":false,"potions_floor_spawned":[2,4,7,10,12,22,25,33,38,40],"killed_by":"Giant Head","ascension_level":2}