{"gold_per_floor":[111,36,36,36,36,74,74,94,94,94,134,134,152,152,152,245,245,261,261,161,176,189,189,233,233,233,253,253,266,141,141,141,141],"floor_reached":33,"playtime":877,"items_purged":["Strike_R","Strike_R","Strike_R"],"score":548,"play_id":"b6594cc4-00b2-429a-ad04-1bfe7cf0b4de","local_time":"20190227234631","is_ascension_mode":true,"campfire_choices":[{"data":"Anger","floor":7,"key":"SMITH"},{"data":"Inflame","floor":10,"key":"SMITH"},{"data":"Whirlwind","floor":12,"key":"SMITH"},{"data":"Inflame","floor":15,"key":"SMITH"},{"data":"Demon Form","floor":23,"key":"SMITH"},{"data":"Bash","floor":25,"key":"SMITH"},{"data":"Sword Boomerang","floor":32,"key":"SMITH"}],"neow_cost":"NONE","seed_source_timestamp":13438938845919,"circlet_count":0,"master_deck":["AscendersBane","Defend_R","Defend_R","Defend_R","Bash+1","Anger+1","Thunderclap","Inflame+1","Whirlwind+1","Inflame+1","Demon Form+1","Sword Boomerang+1","Wild Strike","Cleave"],"relics":["Burning Blood","NeowsBlessing","Golden Idol","Bag of Preparation","Self Forming Clay","Boot","Centennial Puzzle","Coffee Dripper","Ornamental Fan","Bag of Marbles"],"potions_floor_usage":[18,21,22,29],"damage_taken":[{"damage":0,"enemies":"Cultist","floor":1,"turns":1},{"damage":0,"enemies":"3 Sentries","floor":6,"turns":2},{"damage":0,"enemies":"2 Louse","floor":8,"turns":1},{"damage":22,"enemies":"Lagavulin","floor":11,"turns":6},{"damage":2,"enemies":"Jaw Worm","floor":13,"turns":3},{"damage":38,"enemies":"The Guardian","floor":16,"turns":7},{"damage":0,"enemies":"Chosen","floor":18,"turns":2},{"damage":0,"enemies":"Shell Parasite","floor":21,"turns":2},{"damage":11,"enemies":"Centurion and Healer","floor":22,"turns":3},{"damage":35,"enemies":"Book of Stabbing","floor":24,"turns":4},{"damage":10,"enemies":"Chosen and Byrds","floor":27,"turns":5},{"damage":7,"enemies":"Snake Plant","floor":29,"turns":3},{"damage":75,"enemies":"Automaton","floor":33,"turns":6}],"seed_played":"-437881618929988068","potions_obtained":[{"floor":6,"key":"SkillPotion"},{"floor":11,"key":"SteroidPotion"},{"floor":18,"key":"SpeedPotion"},{"floor":27,"key":"Block Potion"},{"floor":29,"key":"Poison Potion"}],"is_trial":false,"path_per_floor":["M","$","?","?","$","E","R","M","T","R","E","R","M","?","R","B",null,"M","?","$","M","M","R","E","R","T","M","?","M","$","?","R","B"],"character_chosen":"IRONCLAD","items_purchased":[],"campfire_rested":0,"item_purchase_floors":[],"current_hp_per_floor":[74,74,48,53,53,59,59,65,65,65,49,49,53,42,42,10,63,69,69,69,75,70,70,41,41,41,37,53,52,52,52,52,0],"gold":141,"neow_bonus":"THREE_ENEMY_KILL","is_prod":false,"is_daily":false,"chose_seed":false,"campfire_upgraded":7,"win_rate":0,"timestamp":1551278791,"path_taken":["M","?","?","?","$","E","R","M","T","R","E","R","M","?","R","BOSS","M","?","$","?","M","R","E","R","T","M","?","M","$","?","R","BOSS"],"build_version":"2019-01-23","purchased_purges":3,"victory":false,"max_hp_per_floor":[75,75,75,80,80,80,80,80,80,80,80,80,80,80,80,80,80,80,80,80,80,80,80,80,80,80,80,80,80,80,80,80,80],"card_choices":[{"not_picked":["Sword Boomerang","Armaments"],"picked":"Anger","floor":1},{"not_picked":["Sword Boomerang","Uppercut"],"picked":"Thunderclap","floor":6},{"not_picked":["Body Slam","Entrench"],"picked":"Inflame","floor":8},{"not_picked":["Body Slam","Blood for Blood"],"picked":"Whirlwind","floor":11},{"not_picked":["True Grit","Combust"],"picked":"Inflame","floor":13},{"not_picked":["Immolate","Berserk"],"picked":"Demon Form","floor":16},{"not_picked":["Carnage","Headbutt","Anger"],"picked":"SKIP","floor":18},{"not_picked":["Sentinel","Feel No Pain","Dual Wield"],"picked":"SKIP","floor":21},{"not_picked":["Wild Strike","Cleave","Combust"],"picked":"SKIP","floor":22},{"not_picked":["Armaments","True Grit","Sever Soul+1"],"picked":"SKIP","floor":24},{"not_picked":["Second Wind","Fire Breathing+1"],"picked":"Sword Boomerang","floor":27},{"not_picked":["Offering","Headbutt+1","Disarm"],"picked":"SKIP","floor":29}],"player_experience":947243,"relics_obtained":[{"floor":6,"key":"Bag of Preparation"},{"floor":9,"key":"Self Forming Clay"},{"floor":11,"key":"Boot"},{"floor":24,"key":"Ornamental Fan"},{"floor":26,"key":"Bag of Marbles"}],"event_choices":[{"damage_healed":0,"gold_gain":0,"player_choice":"Take Damage","damage_taken":26,"relics_obtained":["Golden Idol"],"max_hp_gain":0,"max_hp_loss":0,"event_name":"Golden Idol","floor":3,"gold_loss":0},{"damage_healed":0,"gold_gain":0,"player_choice":"Donut","damage_taken":0,"max_hp_gain":5,"max_hp_loss":0,"event_name":"Big Fish","floor":4,"gold_loss":0},{"damage_healed":0,"gold_gain":0,"player_choice":"Success","damage_taken":11,"relics_obtained":["Centennial Puzzle"],"max_hp_gain":0,"max_hp_loss":0,"event_name":"Scrap Ooze","floor":14,"gold_loss":0},{"cards_removed":["Strike_R"],"damage_healed":0,"gold_gain":0,"player_choice":"Offered Basic","damage_taken":0,"max_hp_gain":0,"max_hp_loss":0,"event_name":"Bonfire Elementals","floor":19,"gold_loss":0},{"damage_healed":16,"gold_gain":0,"player_choice":"Heal","damage_taken":0,"max_hp_gain":0,"max_hp_loss":0,"event_name":"The Library","floor":28,"gold_loss":0},{"damage_healed":0,"gold_gain":0,"cards_transformed":["Defend_R","Strike_R"],"player_choice":"Became Test Subject","damage_taken":0,"max_hp_gain":0,"max_hp_loss":0,"event_name":"Drug Dealer","floor":31,"gold_loss":0,"cards_obtained":["Wild Strike","Cleave"]}],"is_beta":false,"boss_relics":[{"not_picked":["Eternal Feather","Runic Cube"],"picked":"Coffee Dripper"}],"items_purged_floors":[2,20,30],"is_endless":false,"potions_floor_spawned":[6,11,18,27,29],"killed_by":"Automaton","ascension_level":17}