{"gold_per_floor":[119,269,269,286,33,64,64,64,91,124,74,88,88,107,107,107],"floor_reached":16,"playtime":367,"items_purged":["Doubt","Strike_R"],"score":259,"play_id":"a680975b-ddce-4f82-a175-a8e01a732701","local_time":"20190303011319","is_ascension_mode":true,"campfire_choices":[{"data":"Bash","floor":7,"key":"SMITH"},{"data":"Intimidate","floor":13,"key":"SMITH"},{"data":"Shrug It Off","floor":15,"key":"SMITH"}],"neow_cost":"NONE","seed_source_timestamp":100626920129369,"circlet_count":0,"master_deck":["AscendersBane","Strike_R","Strike_R+1","Strike_R","Strike_R","Defend_R","Defend_R+1","Defend_R+1","Defend_R+1","Bash+1","Intimidate+1","Shrug It Off+1"],"relics":["Burning Blood","NeowsBlessing","Membership Card","Regal Pillow","Ornamental Fan","Smiling Mask","War Paint"],"potions_floor_usage":[],"damage_taken":[{"damage":0,"enemies":"Jaw Worm","floor":1,"turns":1},{"damage":0,"enemies":"2 Louse","floor":4,"turns":1},{"damage":0,"enemies":"Gremlin Nob","floor":6,"turns":1},{"damage":49,"enemies":"3 Sentries","floor":10,"turns":10},{"damage":0,"enemies":"Small Slimes","floor":12,"turns":3},{"damage":6,"enemies":"Looter","floor":14,"turns":4},{"damage":0,"enemies":"Hexaghost","floor":16,"turns":3}],"seed_played":"-7069975130070864494","potions_obtained":[{"floor":1,"key":"SpeedPotion"},{"floor":6,"key":"PowerPotion"},{"floor":10,"key":"SneckoOil"}],"is_trial":false,"path_per_floor":["M","?","?","M","$","E","R","T","T","E","$","M","R","M","R","B"],"character_chosen":"IRONCLAD","items_purchased":["Membership Card"],"campfire_rested":0,"item_purchase_floors":[5],"current_hp_per_floor":[74,74,51,57,57,63,63,63,63,20,20,26,26,26,26,26],"gold":107,"neow_bonus":"THREE_ENEMY_KILL","is_prod":false,"is_daily":false,"chose_seed":false,"campfire_upgraded":3,"win_rate":0,"timestamp":1551543199,"path_taken":["M","?","?","M","$","E","R","?","T","E","$","M","R","M","R","BOSS"],"build_version":"2019-01-23","purchased_purges":2,"victory":false,"max_hp_per_floor":[75,75,75,75,75,75,75,75,75,75,75,75,75,75,75,75],"card_choices":[{"not_picked":["Uppercut","True Grit"],"picked":"Intimidate","floor":1},{"not_picked":["Iron Wave","Armaments","Anger"],"picked":"SKIP","floor":4},{"not_picked":["Heavy Blade","Flex","True Grit"],"picked":"SKIP","floor":6},{"not_picked":["Hemokinesis","Feel No Pain","Body Slam"],"picked":"SKIP","floor":10},{"not_picked":["Shrug It Off","Clash","Feel No Pain"],"picked":"SKIP","floor":12},{"not_picked":["Cleave","Dark Embrace"],"picked":"Shrug It Off","floor":14}],"player_experience":1018428,"relics_obtained":[{"floor":6,"key":"Regal Pillow"},{"floor":8,"key":"Ornamental Fan"},{"floor":9,"key":"Smiling Mask"},{"floor":10,"key":"War Paint"}],"event_choices":[{"damage_healed":0,"gold_gain":150,"player_choice":"AGREE","damage_taken":0,"max_hp_gain":0,"max_hp_loss":0,"event_name":"Liars Game","floor":2,"gold_loss":0,"cards_obtained":["Doubt"]},{"damage_healed":0,"gold_gain":0,"player_choice":"Entered Light","damage_taken":23,"max_hp_gain":0,"max_hp_loss":0,"event_name":"Shining Light","floor":3,"gold_loss":0,"cards_upgraded":["Strike_R","Defend_R"]}],"is_beta":false,"boss_relics":[],"items_purged_floors":[5,11],"is_endless":false,"potions_floor_spawned":[1,6,10],"killed_by":"Hexaghost","ascension_level":19}