{"gold_per_floor":[359,284,234,234,252,252,272,272,272,300,300,200,220,230,230,230],"floor_reached":16,"playtime":1532,"items_purged":["Strike_R","Strike_R"],"score":100,"play_id":"60955fb0-fd42-449a-8cde-a3421dee4786","local_time":"20190224132902","is_ascension_mode":false,"campfire_choices":[{"data":"Bash","floor":6,"key":"SMITH"},{"data":"Defend_R","floor":8,"key":"SMITH"},{"data":"Strike_R","floor":15,"key":"SMITH"}],"neow_cost":"PERCENT_DAMAGE","seed_source_timestamp":756348404566000,"circlet_count":0,"master_deck":["Strike_R+1","Strike_R+1","Defend_R+1","Defend_R","Defend_R+1","Bash+1"],"relics":["Burning Blood","Gremlin Horn","Anchor"],"potions_floor_usage":[],"damage_taken":[{"damage":0,"enemies":"2 Louse","floor":1,"turns":3},{"damage":8,"enemies":"Jaw Worm","floor":5,"turns":4},{"damage":4,"enemies":"Small Slimes","floor":7,"turns":3},{"damage":42,"enemies":"Lagavulin","floor":10,"turns":7},{"damage":4,"enemies":"Blue Slaver","floor":13,"turns":3},{"damage":0,"enemies":"Exordium Thugs","floor":14,"turns":4},{"damage":18,"enemies":"Slime Boss","floor":16,"turns":6}],"seed_played":"-7258731863219927831","potions_obtained":[{"floor":13,"key":"SpeedPotion"}],"is_trial":false,"path_per_floor":["M","$","?","?","M","R","M","R","T","E","?","$","M","M","R","B"],"character_chosen":"IRONCLAD","items_purchased":[],"campfire_rested":0,"item_purchase_floors":[],"current_hp_per_floor":[62,62,62,62,60,60,62,62,62,26,10,10,12,18,18,0],"gold":230,"neow_bonus":"TWO_FIFTY_GOLD","is_prod":false,"is_daily":false,"chose_seed":false,"campfire_upgraded":3,"win_rate":0,"timestamp":1550982542,"path_taken":["M","$","?","?","M","R","M","R","T","E","?","$","M","?","R","BOSS"],"build_version":"2019-01-23","purchased_purges":2,"victory":false,"max_hp_per_floor":[80,80,80,80,80,80,80,80,80,80,80,80,80,80,80,80],"card_choices":[{"not_picked":["Shrug It Off","Heavy Blade","Flex"],"picked":"SKIP","floor":1},{"not_picked":["Shrug It Off","Warcry","Rage"],"picked":"SKIP","floor":5},{"not_picked":["Sword Boomerang","Cleave","Perfected Strike"],"picked":"SKIP","floor":7},{"not_picked":["Thunderclap","Berserk","Feel No Pain"],"picked":"SKIP","floor":10},{"not_picked":["Headbutt","Perfected Strike","Body Slam"],"picked":"SKIP","floor":13},{"not_picked":["Immolate","Cleave","Flame Barrier"],"picked":"SKIP","floor":14}],"player_experience":900853,"relics_obtained":[{"floor":9,"key":"Gremlin Horn"},{"floor":10,"key":"Anchor"}],"event_choices":[{"cards_removed":["Defend_R"],"damage_healed":0,"gold_gain":0,"player_choice":"Card Removal","damage_taken":0,"max_hp_gain":0,"max_hp_loss":0,"event_name":"The Cleric","floor":3,"gold_loss":50},{"cards_removed":["Strike_R"],"damage_healed":0,"gold_gain":0,"player_choice":"Forget","damage_taken":0,"max_hp_gain":0,"max_hp_loss":0,"event_name":"Living Wall","floor":4,"gold_loss":0},{"damage_healed":0,"gold_gain":0,"player_choice":"Entered Light","damage_taken":16,"max_hp_gain":0,"max_hp_loss":0,"event_name":"Shining Light","floor":11,"gold_loss":0,"cards_upgraded":["Defend_R","Strike_R"]}],"is_beta":false,"boss_relics":[],"items_purged_floors":[2,12],"is_endless":false,"potions_floor_spawned":[13],"killed_by":"Slime Boss","ascension_level":0}