{"path_per_floor":["M","M","M","M","?","R","$","M","T","R","E","R"],"character_chosen":"THE_SILENT","items_purchased":["Omamori"],"gold_per_floor":[114,134,151,121,196,196,44,63,88,88,114,114,114],"floor_reached":13,"campfire_rested":0,"playtime":343,"item_purchase_floors":[7],"current_hp_per_floor":[54,51,51,47,36,36,36,26,26,26,5,5,0],"items_purged":[],"gold":114,"score":141,"play_id":"e3273595-1dea-4478-bbd8-e08f3330248e","local_time":"20180615155756","is_prod":false,"is_daily":false,"chose_seed":false,"is_ascension_mode":true,"campfire_upgraded":3,"win_rate":0,"timestamp":1529045876,"campfire_choices":[{"data":"Neutralize","floor":6,"key":"SMITH"},{"data":"Survivor","floor":10,"key":"SMITH"},{"data":"Dagger Spray","floor":12,"key":"SMITH"}],"path_taken":["M","M","?","M","?","R","$","M","T","R","E","R","?"],"build_version":"2018-06-14v2","seed_source_timestamp":57990491009003,"purchased_purges":0,"victory":false,"master_deck":["Defend_G","Defend_G","Defend_G","Defend_G","Defend_G","Strike_G","Strike_G","Strike_G","Strike_G","Strike_G","Survivor+1","Neutralize+1","AscendersBane","Heel Hook","Calculated Gamble","Dagger Spray+1"],"max_hp_per_floor":[66,66,66,66,66,66,66,66,66,66,66,66,66],"relics":["Ring of the Snake","Omamori","Boot","Anchor"],"card_choices":[{"not_picked":["Deadly Poison","Expertise"],"picked":"Heel Hook","floor":1},{"not_picked":["Masterful Stab","Bane","Catalyst"],"picked":"SKIP","floor":2},{"not_picked":["Finisher","Quick Slash","Prepared"],"picked":"SKIP","floor":3},{"not_picked":["Endless Agony","Bane"],"picked":"Calculated Gamble","floor":4},{"not_picked":["Acrobatics","Dagger Spray","Flying Knee"],"picked":"SKIP","floor":8},{"not_picked":["PiercingWail","Poisoned Stab"],"picked":"Dagger Spray","floor":11}],"player_experience":795549,"potions_floor_usage":[11],"damage_taken":[{"damage":5,"enemies":"Cultist","floor":1,"turns":5},{"damage":3,"enemies":"2 Louse","floor":2,"turns":5},{"damage":0,"enemies":"Small Slimes","floor":3,"turns":3},{"damage":4,"enemies":"Looter","floor":4,"turns":4},{"damage":10,"enemies":"2 Fungi Beasts","floor":8,"turns":5},{"damage":21,"enemies":"Gremlin Nob","floor":11,"turns":5},{"damage":9,"enemies":"Large Slime","floor":13,"turns":3}],"relics_obtained":[{"floor":9,"key":"Boot"},{"floor":11,"key":"Anchor"}],"event_choices":[{"event_name":"World of Goop","player_choice":"Gather Gold","floor":5,"damage_taken":0}],"boss_relics":[],"items_purged_floors":[],"is_endless":false,"potions_floor_spawned":[2,3,8],"seed_played":"8609300560669949593","killed_by":"Large Slime","ascension_level":14,"potions_obtained":[{"floor":2,"key":"Energy Potion"},{"floor":3,"key":"Poison Potion"}],"is_trial":false}