{"gold_per_floor":[116,191,141,141,160,185,185,110,110,10,29,29,49,63,63,63],"floor_reached":16,"playtime":801,"items_purged":["Defend_G","Defend_G"],"score":170,"play_id":"aca7a052-91ed-4778-9291-18f602764b17","local_time":"20180804220125","is_ascension_mode":true,"campfire_choices":[{"data":"Dagger Spray","floor":7,"key":"SMITH"},{"data":"Deflect","floor":12,"key":"SMITH"},{"data":"After Image","floor":15,"key":"SMITH"}],"neow_cost":"NONE","seed_source_timestamp":33834849324926,"circlet_count":0,"master_deck":["Defend_G","Defend_G","Strike_G","Strike_G","Strike_G","Strike_G","Survivor","Neutralize","AscendersBane","Cloak And Dagger","Dagger Spray+1","After Image+1","Deflect+1","Escape Plan","Backstab"],"relics":["Ring of the Snake","Mummified Hand","Pantograph","Dodecahedron"],"potions_floor_usage":[16,16],"damage_taken":[{"damage":1,"enemies":"Jaw Worm","floor":1,"turns":4},{"damage":1,"enemies":"Small Slimes","floor":5,"turns":3},{"damage":31,"enemies":"Gremlin Nob","floor":6,"turns":6},{"damage":0,"enemies":"2 Louse","floor":11,"turns":2},{"damage":2,"enemies":"Exordium Wildlife","floor":13,"turns":4},{"damage":7,"enemies":"Large Slime","floor":14,"turns":8},{"damage":35,"enemies":"The Guardian","floor":16,"turns":12}],"seed_played":"9113659117604649293","potions_obtained":[{"floor":11,"key":"Poison Potion"},{"floor":13,"key":"Poison Potion"}],"is_trial":false,"path_per_floor":["M","?","?","T","M","E","R","$","T","$","M","R","M","M","R"],"character_chosen":"THE_SILENT","items_purchased":[],"campfire_rested":0,"item_purchase_floors":[],"current_hp_per_floor":[58,47,47,47,46,15,15,15,15,15,15,15,13,6,6,0],"gold":63,"neow_bonus":"REMOVE_CARD","is_prod":false,"is_daily":false,"chose_seed":false,"campfire_upgraded":3,"win_rate":0,"timestamp":1533387685,"path_taken":["M","?","?","?","M","E","R","$","T","?","M","R","M","M","R","BOSS"],"build_version":"2018-08-02","purchased_purges":2,"victory":false,"max_hp_per_floor":[66,66,66,66,66,66,66,66,66,66,66,66,66,66,66,66],"card_choices":[{"not_picked":["Prepared","Bane"],"picked":"Cloak And Dagger","floor":1},{"not_picked":["PiercingWail","Dodge and Roll"],"picked":"Dagger Spray","floor":5},{"not_picked":["Prepared","Distraction"],"picked":"After Image","floor":6},{"not_picked":["PiercingWail","Eviscerate"],"picked":"Deflect","floor":11},{"not_picked":["Prepared","Underhanded Strike"],"picked":"Escape Plan","floor":13},{"not_picked":["Venomology","Prepared"],"picked":"Backstab","floor":14}],"player_experience":810405,"relics_obtained":[{"floor":4,"key":"Mummified Hand"},{"floor":6,"key":"Pantograph"},{"floor":9,"key":"Dodecahedron"}],"event_choices":[{"event_name":"World of Goop","player_choice":"Gather Gold","floor":2,"damage_taken":0},{"event_name":"The Cleric","player_choice":"Card Removal","floor":3,"damage_taken":0}],"is_beta":false,"boss_relics":[],"items_purged_floors":[8,10],"is_endless":false,"potions_floor_spawned":[11,13,14],"killed_by":"The Guardian","ascension_level":14}