{"gold_per_floor":[116,135,135,210,210,226,245,259,259,225,236,30,30,30],"floor_reached":14,"playtime":570,"items_purged":[],"score":86,"play_id":"e839344c-e0c3-41a7-ac62-832b5155ad9e","local_time":"20181215151919","is_ascension_mode":true,"campfire_choices":[{"data":"Apotheosis","floor":13,"key":"SMITH"}],"neow_cost":"NONE","seed_source_timestamp":251248306054021,"circlet_count":0,"master_deck":["Strike_B","Strike_B+1","Strike_B","Strike_B","Defend_B","Defend_B+1","Defend_B","Zap","Dualcast","Steam","Steam","Conserve Battery","Rainbow","Defragment","Conserve Battery","Static Discharge","Apotheosis+1"],"relics":["Cracked Core","NeowsBlessing","Omamori"],"potions_floor_usage":[11,14],"damage_taken":[{"damage":0,"enemies":"2 Louse","floor":1,"turns":1},{"damage":0,"enemies":"Small Slimes","floor":2,"turns":1},{"damage":0,"enemies":"Cultist","floor":6,"turns":1},{"damage":37,"enemies":"Gremlin Gang","floor":7,"turns":4},{"damage":5,"enemies":"Red Slaver","floor":8,"turns":4},{"damage":0,"enemies":"Exordium Wildlife","floor":11,"turns":5},{"damage":13,"enemies":"Gremlin Nob","floor":14,"turns":2}],"seed_played":"7662417196496902897","potions_obtained":[{"floor":2,"key":"GamblersBrew"},{"floor":8,"key":"Fire Potion"},{"floor":11,"key":"Ancient Potion"}],"is_trial":false,"path_per_floor":["M","M","?","?","?","M","M","M","T","$","M","$","R","E"],"character_chosen":"DEFECT","items_purchased":["Defragment","Static Discharge","Apotheosis"],"campfire_rested":0,"item_purchase_floors":[10,12,12],"current_hp_per_floor":[75,75,60,49,49,49,12,7,7,7,7,7,7,0],"gold":30,"neow_bonus":"THREE_ENEMY_KILL","is_prod":false,"is_daily":false,"chose_seed":false,"campfire_upgraded":1,"win_rate":0,"timestamp":1544905159,"path_taken":["M","M","?","?","?","M","?","?","T","$","M","$","R","E"],"build_version":"2018-12-13","purchased_purges":0,"victory":false,"max_hp_per_floor":[75,75,75,75,75,75,75,75,75,75,75,75,75,75],"card_choices":[{"not_picked":["Go for the Eyes","Cold Snap"],"picked":"Steam","floor":1},{"not_picked":["Stack","Steam Power","Barrage"],"picked":"SKIP","floor":2},{"not_picked":["Gash","Leap"],"picked":"Steam","floor":6},{"not_picked":["Darkness","Beam Cell"],"picked":"Conserve Battery","floor":7},{"not_picked":["Consume","Coolheaded"],"picked":"Rainbow","floor":8},{"not_picked":["Cold Snap","Hologram"],"picked":"Conserve Battery","floor":11}],"player_experience":323948,"relics_obtained":[{"floor":9,"key":"Omamori"}],"event_choices":[{"damage_healed":0,"gold_gain":0,"player_choice":"Entered Light","damage_taken":15,"max_hp_gain":0,"max_hp_loss":0,"event_name":"Shining Light","floor":3,"gold_loss":0,"cards_upgraded":["Strike_B","Defend_B"]},{"damage_healed":0,"gold_gain":75,"player_choice":"Gather Gold","damage_taken":11,"max_hp_gain":0,"max_hp_loss":0,"event_name":"World of Goop","floor":4,"gold_loss":0},{"cards_removed":["Defend_B"],"damage_healed":0,"gold_gain":0,"player_choice":"Offered Basic","damage_taken":0,"max_hp_gain":0,"max_hp_loss":0,"event_name":"Bonfire Elementals","floor":5,"gold_loss":0}],"is_beta":false,"boss_relics":[],"items_purged_floors":[],"is_endless":false,"potions_floor_spawned":[2,8,11],"killed_by":"Gremlin Nob","ascension_level":1}