{"gold_per_floor":[216,141,153,153,168,168,186,186,233,233,233,69,69,84,84,158,158,169,182,182,199,99,99,118,133,181,181],"floor_reached":27,"playtime":701,"items_purged":["Strike_R","Defend_R"],"score":410,"play_id":"a76cfabe-d42e-4316-b10b-6da4c0212206","local_time":"20190303174531","is_ascension_mode":true,"campfire_choices":[{"data":"Thunderclap","floor":6,"key":"SMITH"},{"data":"Cleave","floor":8,"key":"SMITH"},{"data":"Bash","floor":10,"key":"SMITH"},{"data":"Flex","floor":13,"key":"SMITH"},{"data":"Defend_R","floor":15,"key":"SMITH"},{"data":"Strike_R","floor":23,"key":"SMITH"}],"neow_cost":"NONE","seed_source_timestamp":159825921219080,"circlet_count":0,"master_deck":["AscendersBane","Strike_R","Strike_R","Strike_R+1","Defend_R+1","Defend_R+1","Defend_R+1","Bash+1","Thunderclap+1","Cleave+1","Flex+1","Reaper"],"relics":["Burning Blood","Red Skull","Dream Catcher","War Paint","Velvet Choker","Bag of Marbles"],"potions_floor_usage":[16,18,19,19,24],"damage_taken":[{"damage":11,"enemies":"Small Slimes","floor":1,"turns":5},{"damage":4,"enemies":"Jaw Worm","floor":3,"turns":5},{"damage":9,"enemies":"2 Louse","floor":5,"turns":2},{"damage":7,"enemies":"Lots of Slimes","floor":7,"turns":2},{"damage":0,"enemies":"Exordium Wildlife","floor":14,"turns":2},{"damage":44,"enemies":"Slime Boss","floor":16,"turns":7},{"damage":21,"enemies":"Shell Parasite","floor":18,"turns":2},{"damage":0,"enemies":"Chosen","floor":19,"turns":2},{"damage":29,"enemies":"Snecko","floor":21,"turns":6},{"damage":9,"enemies":"Shelled Parasite and Fungi","floor":24,"turns":3},{"damage":8,"enemies":"Snake Plant","floor":25,"turns":3},{"damage":42,"enemies":"Book of Stabbing","floor":27,"turns":3}],"seed_played":"2340393060979471178","potions_obtained":[{"floor":3,"key":"AttackPotion"},{"floor":5,"key":"SteroidPotion"},{"floor":7,"key":"PowerPotion"},{"floor":16,"key":"Fire Potion"},{"floor":18,"key":"Ancient Potion"},{"floor":21,"key":"Block Potion"}],"is_trial":false,"path_per_floor":["M","$","M","?","M","R","M","R","T","R","?","$","R","M","R","B",null,"M","M","?","M","$","R","M","M","T","E"],"character_chosen":"IRONCLAD","items_purchased":["War Paint"],"campfire_rested":0,"item_purchase_floors":[12],"current_hp_per_floor":[63,63,65,65,62,62,61,61,61,61,56,56,56,62,62,24,62,47,53,53,30,30,30,27,25,25,0],"gold":181,"neow_bonus":"HUNDRED_GOLD","is_prod":false,"is_daily":false,"chose_seed":false,"campfire_upgraded":6,"win_rate":0,"timestamp":1551602731,"path_taken":["M","$","M","?","M","R","M","R","T","R","?","?","R","M","R","BOSS","M","M","?","M","$","R","M","M","T","E"],"build_version":"2019-01-23","purchased_purges":2,"victory":false,"max_hp_per_floor":[75,75,75,75,75,75,75,75,75,75,75,75,75,75,75,75,75,75,75,75,75,75,75,75,75,75,75],"card_choices":[{"not_picked":["Ghostly Armor","Headbutt"],"picked":"Thunderclap","floor":1},{"not_picked":["Ghostly Armor","Havoc"],"picked":"Cleave","floor":3},{"not_picked":["Cleave","Barricade","Combust"],"picked":"SKIP","floor":5},{"not_picked":["Bloodletting","Havoc"],"picked":"Flex","floor":7},{"not_picked":["True Grit","Entrench","Clash"],"picked":"SKIP","floor":14},{"not_picked":["Thunderclap","Headbutt","Wild Strike"],"picked":"SKIP","floor":18},{"not_picked":["Ghostly Armor","Body Slam","Wild Strike"],"picked":"SKIP","floor":19},{"not_picked":["Twin Strike","Armaments","Searing Blow"],"picked":"SKIP","floor":21},{"not_picked":["Twin Strike","Armaments","Searing Blow"],"picked":"SKIP","floor":21},{"not_picked":["Cleave+1","Flex","True Grit"],"picked":"SKIP","floor":24},{"not_picked":["Twin Strike+1","Heavy Blade"],"picked":"Reaper","floor":25}],"player_experience":1044184,"relics_obtained":[{"floor":9,"key":"Red Skull"},{"floor":26,"key":"Bag of Marbles"}],"event_choices":[{"damage_healed":0,"gold_gain":0,"player_choice":"Ignored","damage_taken":0,"max_hp_gain":0,"max_hp_loss":0,"event_name":"Shining Light","floor":4,"gold_loss":0},{"damage_healed":0,"gold_gain":0,"player_choice":"Success","damage_taken":5,"relics_obtained":["Dream Catcher"],"max_hp_gain":0,"max_hp_loss":0,"event_name":"Scrap Ooze","floor":11,"gold_loss":0},{"cards_removed":["Strike_R"],"damage_healed":0,"gold_gain":0,"player_choice":"Offered Basic","damage_taken":0,"max_hp_gain":0,"max_hp_loss":0,"event_name":"Bonfire Elementals","floor":20,"gold_loss":0}],"is_beta":false,"boss_relics":[{"not_picked":["Calling Bell","Runic Pyramid"],"picked":"Velvet Choker"}],"items_purged_floors":[2,22],"is_endless":false,"potions_floor_spawned":[3,5,7,16,18,21],"killed_by":"Book of Stabbing","ascension_level":20}