{"path_per_floor":["M","M","?","?","$","R","?","R","T","M","E","?","$","M","R","B",null,"M","M","$","M","M","M","R","?","T","R","E","?","?","M","R"],"character_chosen":"IRONCLAD","items_purchased":["Clash","Battle Trance","Bag of Preparation","Rampage","Limit Break","Flex"],"gold_per_floor":[369,379,379,554,384,384,384,384,408,428,460,460,130,148,148,247,247,265,282,75,86,100,110,110,35,35,35,60,60,160,179,179],"floor_reached":33,"campfire_rested":2,"playtime":1047,"current_hp_per_floor":[30,35,28,28,28,52,52,52,59,65,60,60,60,51,51,11,87,78,76,76,47,32,12,12,12,12,38,26,89,89,53,53],"items_purged":["Doubt","Normality"],"gold":179,"score":265,"play_id":"11a91713-a914-4231-81d1-1f7c23d05658","is_prod":false,"is_daily":false,"is_ascension_mode":false,"campfire_upgraded":4,"path_taken":["M","?","?","?","$","R","?","R","T","M","E","?","?","M","R","BOSS","M","M","$","M","?","M","R","?","T","R","E","?","?","M","R","BOSS"],"build_version":"2018-02-12-PROD1","purchased_purges":2,"victory":false,"master_deck":["Strike_R","Strike_R","Strike_R","Strike_R","Strike_R","Defend_R","Defend_R","Bash","Pommel Strike+1","Clash","Battle Trance","Whirlwind+1","Seeing Red","Rampage+1","Thunderclap","Headbutt","Limit Break+1","Flex","Offering"],"max_hp_per_floor":[80,80,80,80,80,80,80,80,87,87,87,87,87,87,87,87,87,87,87,87,87,87,87,87,87,87,87,89,89,89,89,89],"relics":["Burning Blood","Strawberry","Lantern","Frozen Egg 2","Bag of Preparation","Question Card","Ice Cream","Singing Bowl"],"card_choices":[{"not_picked":["Sentinel","Body Slam"],"picked":"Pommel Strike"},{"not_picked":["Perfected Strike","Iron Wave"],"picked":"Whirlwind"},{"not_picked":["Flame Barrier","Sword Boomerang"],"picked":"Seeing Red"},{"not_picked":["Rupture","Whirlwind"],"picked":"Thunderclap"},{"not_picked":["Twin Strike","Pommel Strike","Burning Pact"],"picked":"Headbutt"},{"not_picked":["Sword Boomerang","Rampage","Body Slam"],"picked":"Seeing Red"},{"not_picked":["Thunderclap","Dropkick","Cleave"],"picked":"Offering"}],"player_experience":259574,"potions_floor_usage":[16,16,21,23,28],"damage_taken":[{"damage":16,"enemies":"Blue Slaver","floor":1,"turns":4},{"damage":1,"enemies":"Cultist","floor":2,"turns":4},{"damage":0,"enemies":"Jaw Worm","floor":10,"turns":1},{"damage":11,"enemies":"3 Sentries","floor":11,"turns":5},{"damage":15,"enemies":"Exordium Thugs","floor":14,"turns":3},{"damage":46,"enemies":"Hexaghost","floor":16,"turns":8},{"damage":15,"enemies":"Shell Parasite","floor":18,"turns":3},{"damage":8,"enemies":"Chosen","floor":19,"turns":5},{"damage":35,"enemies":"Centurion and Healer","floor":21,"turns":5},{"damage":21,"enemies":"3 Cultists","floor":22,"turns":4},{"damage":26,"enemies":"Chosen and Byrds","floor":23,"turns":4},{"damage":20,"enemies":"Slavers","floor":28,"turns":5},{"damage":42,"enemies":"Snake Plant","floor":31,"turns":3},{"damage":82,"enemies":"Collector","floor":33,"turns":6}],"event_choices":[{"event_name":"Golden Wing","player_choice":"Card Removal","floor":3,"damage_taken":0},{"event_name":"Liars Game","player_choice":"agreed","floor":4,"damage_taken":0},{"event_name":"Match and Keep!","player_choice":"0 cards matched","floor":7,"damage_taken":0},{"event_name":"Accursed Blacksmith","player_choice":"Rummage","floor":12,"damage_taken":0},{"event_name":"Beggar","player_choice":"Gave Gold","floor":25,"damage_taken":0},{"event_name":"Bonfire Elementals","player_choice":"UNCOMMON","floor":29,"damage_taken":0},{"event_name":"Golden Shrine","player_choice":"Pray","floor":30,"damage_taken":0}],"boss_relics":[{"not_picked":["Mark of Pain","White Beast Statue"],"picked":"Question Card"}],"potions_floor_spawned":[1,2,10,14,21,23,28],"seed_played":"6029375246847895042","killed_by":"Collector","ascension_level":0,"is_trial":false}