{"path_per_floor":["M","M","M","?","$","E","R","E","T","R","M","R","?","M","R","B",null,"M","?","?","M","M","R","E","?","T","R","M","E","$","?","R","B",null,"M","?","M","?","$","E","M","R","T","R","E","M","?","E","R","B"],"character_chosen":"THE_SILENT","items_purchased":["Anchor","Bronze Scales","Tough Bandages","Mercury Hourglass","Pear","Bag of Marbles"],"gold_per_floor":[118,133,143,93,18,50,50,79,79,79,89,89,152,164,164,260,260,278,201,651,662,680,680,1011,936,963,963,982,1015,78,78,78,182,182,202,257,276,276,75,109,123,123,148,148,174,188,0,26,26,26],"floor_reached":51,"campfire_rested":2,"playtime":2614,"item_purchase_floors":[30,30,30,30,30,39],"current_hp_per_floor":[61,61,60,60,60,35,35,19,19,19,12,12,7,7,7,7,54,53,53,11,11,8,29,26,26,26,26,26,23,33,80,80,41,70,67,76,69,69,69,80,65,65,65,65,45,50,50,59,87,49],"items_purged":["Defend_G","Envenom"],"gold":26,"score":1422,"play_id":"449ccc82-c766-4266-bb03-ce4f1f7d7430","local_time":"20180604035029","is_prod":false,"is_daily":false,"chose_seed":false,"is_ascension_mode":true,"campfire_upgraded":8,"win_rate":0,"timestamp":1528051829,"campfire_choices":[{"data":"Cloak And Dagger","floor":7,"key":"SMITH"},{"data":"Terror","floor":10,"key":"SMITH"},{"data":"Cloak And Dagger","floor":12,"key":"SMITH"},{"data":"Prepared","floor":15,"key":"SMITH"},{"floor":23,"key":"REST"},{"data":"J.A.X.","floor":27,"key":"SMITH"},{"data":"Adrenaline","floor":32,"key":"SMITH"},{"data":"Tools of the Trade","floor":42,"key":"SMITH"},{"data":"Dagger Spray","floor":44,"key":"SMITH"},{"floor":49,"key":"REST"}],"path_taken":["M","M","M","?","?","E","R","E","T","R","M","R","?","M","R","BOSS","M","?","?","?","M","R","E","?","T","R","M","E","$","?","R","BOSS","M","?","M","?","?","E","?","R","T","R","E","M","?","E","R","BOSS"],"build_version":"2018-05-31","seed_source_timestamp":971589978300808,"purchased_purges":2,"victory":true,"master_deck":["Survivor","Neutralize+1","AscendersBane","Cloak And Dagger+1","Dagger Spray+1","Escape Plan","Cloak And Dagger+1","Terror+1","Prepared+1","Dagger Throw+1","Flying Knee+1","Underhanded Strike+1","Sucker Punch+1","J.A.X.+1","Riddle With Holes+1","Adrenaline+1","Tools of the Trade+1","A Thousand Cuts+1","Quick Slash+1","Bane+1","Underhanded Strike+1","Finesse","Accuracy+1","Accuracy"],"max_hp_per_floor":[70,70,70,70,70,70,70,70,70,70,70,70,70,70,70,70,70,70,70,70,70,70,70,70,70,70,70,70,70,80,80,80,80,80,80,94,94,94,94,94,94,94,94,94,94,94,94,94,94,94],"relics":["Ring of the Snake","Shuriken","The Courier","Molten Egg 2","Gremlin Horn","Pandora\u0027s Box","Old Coin","Pen Nib","Kunai","Anchor","Bronze Scales","Tough Bandages","Mercury Hourglass","Pear","Astrolabe","Mango","Bag of Marbles","Art of War","Happy Flower","Meat on the Bone","Red Mask","Question Card"],"card_choices":[{"not_picked":["PiercingWail","Underhanded Strike"],"picked":"Cloak And Dagger","floor":1},{"not_picked":["Backflip","Finisher"],"picked":"Dagger Spray","floor":2},{"not_picked":["Dagger Throw","Endless Agony"],"picked":"Escape Plan","floor":3},{"not_picked":["Grand Finale","Quick Slash"],"picked":"Cloak And Dagger","floor":6},{"not_picked":["Dagger Throw","Cloak And Dagger"],"picked":"Terror","floor":8},{"not_picked":["Acrobatics","Cloak And Dagger"],"picked":"Prepared","floor":11},{"not_picked":["Flying Knee+1","All Out Attack+1"],"picked":"Dagger Throw+1","floor":14},{"not_picked":["Footwork","Setup","Sucker Punch+1"],"picked":"SKIP","floor":18},{"not_picked":["Catalyst","Prepared"],"picked":"Riddle With Holes+1","floor":21},{"not_picked":["Dash+1","Slice+1"],"picked":"Adrenaline","floor":22},{"not_picked":["Dodge and Roll","Cloak And Dagger","Acrobatics"],"picked":"SKIP","floor":24},{"not_picked":["All Out Attack+1","Prepared","Caltrops"],"picked":"SKIP","floor":28},{"not_picked":["Flying Knee+1","Deflect","All Out Attack+1"],"picked":"SKIP","floor":29},{"not_picked":["Glass Knife+1","Wraith Form v2"],"picked":"Tools of the Trade","floor":33},{"not_picked":["Dagger Spray+1","Poisoned Stab+1","Deadly Poison+1"],"picked":"SKIP","floor":35},{"not_picked":["Prepared+1","Poisoned Stab+1"],"picked":"Underhanded Strike+1","floor":37},{"not_picked":["Flechettes+1","Footwork+1","PiercingWail+1"],"picked":"SKIP","floor":40},{"not_picked":["Poisoned Stab+1","PiercingWail+1"],"picked":"Accuracy+1","floor":41},{"not_picked":["Masterful Stab+1","Bullet Time","Finisher+1"],"picked":"SKIP","floor":45},{"not_picked":["Deadly Poison+1","Infinite Blades"],"picked":"Accuracy","floor":46},{"not_picked":["Expertise+1","Dagger Spray+1","Masterful Stab+1"],"picked":"SKIP","floor":48}],"player_experience":765311,"potions_floor_usage":[8,13,22,40,50],"damage_taken":[{"damage":2,"enemies":"Small Slimes","floor":1,"turns":5},{"damage":0,"enemies":"2 Louse","floor":2,"turns":4},{"damage":1,"enemies":"Jaw Worm","floor":3,"turns":5},{"damage":25,"enemies":"Gremlin Nob","floor":6,"turns":5},{"damage":16,"enemies":"Lagavulin","floor":8,"turns":5},{"damage":7,"enemies":"Exordium Thugs","floor":11,"turns":4},{"damage":5,"enemies":"Gremlin Nob","floor":13,"turns":4},{"damage":0,"enemies":"Looter","floor":14,"turns":3},{"damage":0,"enemies":"Slime Boss","floor":16,"turns":6},{"damage":1,"enemies":"Spheric Guardian","floor":18,"turns":3},{"damage":0,"enemies":"Chosen","floor":21,"turns":2},{"damage":3,"enemies":"Snake Plant","floor":22,"turns":2},{"damage":3,"enemies":"Gremlin Leader","floor":24,"turns":2},{"damage":0,"enemies":"Centurion and Healer","floor":28,"turns":2},{"damage":3,"enemies":"Slavers","floor":29,"turns":2},{"damage":39,"enemies":"Champ","floor":33,"turns":5},{"damage":3,"enemies":"Orb Walker","floor":35,"turns":3},{"damage":5,"enemies":"Mysterious Sphere","floor":36,"turns":2},{"damage":7,"enemies":"3 Shapes","floor":37,"turns":2},{"damage":3,"enemies":"Giant Head","floor":40,"turns":5},{"damage":15,"enemies":"Maw","floor":41,"turns":4},{"damage":20,"enemies":"Nemesis","floor":45,"turns":3},{"damage":7,"enemies":"4 Shapes","floor":46,"turns":1},{"damage":3,"enemies":"Giant Head","floor":48,"turns":4},{"damage":38,"enemies":"Donu and Deca","floor":50,"turns":5}],"relics_obtained":[{"floor":6,"key":"Shuriken"},{"floor":8,"key":"The Courier"},{"floor":9,"key":"Molten Egg 2"},{"floor":13,"key":"Gremlin Horn"},{"floor":24,"key":"Old Coin"},{"floor":26,"key":"Pen Nib"},{"floor":29,"key":"Kunai"},{"floor":36,"key":"Mango"},{"floor":40,"key":"Art of War"},{"floor":43,"key":"Happy Flower"},{"floor":45,"key":"Meat on the Bone"},{"floor":48,"key":"Question Card"}],"event_choices":[{"event_name":"The Cleric","player_choice":"Card Removal","floor":4,"damage_taken":0},{"event_name":"Dead Adventurer","player_choice":"Searched \u00273\u0027 times","floor":13,"damage_taken":0},{"event_name":"Drug Dealer","player_choice":"Got JAXXED","floor":19,"damage_taken":0},{"event_name":"Knowing Skull","player_choice":"GOLD GOLD GOLD GOLD GOLD ","floor":20,"damage_taken":0},{"event_name":"Beggar","player_choice":"Gave Gold","floor":25,"damage_taken":0},{"event_name":"Bonfire Elementals","player_choice":"UNCOMMON","floor":31,"damage_taken":0},{"event_name":"Mysterious Sphere","player_choice":"Fight","floor":36,"damage_taken":0},{"event_name":"Match and Keep!","player_choice":"2 cards matched","floor":38,"damage_taken":0},{"event_name":"Tomb of Lord Red Mask","player_choice":"Paid","floor":47,"damage_taken":0}],"boss_relics":[{"not_picked":["Ectoplasm","Eternal Feather"],"picked":"Pandora\u0027s Box"},{"not_picked":["Runic Dome","Runic Pyramid"],"picked":"Astrolabe"}],"items_purged_floors":[5,39],"potions_floor_spawned":[1,6,8,16,21,28,33,35,45,46],"seed_played":"-5237533353521536344","ascension_level":10,"potions_obtained":[{"floor":1,"key":"SkillPotion"},{"floor":6,"key":"SpeedPotion"},{"floor":8,"key":"SmokeBomb"},{"floor":16,"key":"Dexterity Potion"},{"floor":21,"key":"Poison Potion"},{"floor":28,"key":"PowerPotion"},{"floor":33,"key":"GhostInAJar"},{"floor":35,"key":"Regen Potion"},{"floor":45,"key":"FairyPotion"}],"is_trial":false}