{"path_per_floor":["M","?","M","?","M","R","M","M","T","M","M","R","M","$","R","B",null,"M","?","M","$","?","R","M","R","T","$"],"character_chosen":"THE_SILENT","items_purchased":["Dodge and Roll","Prepared","Calculated Gamble","Caltrops"],"gold_per_floor":[118,118,131,131,149,149,119,132,132,149,161,161,179,31,31,132,162,175,175,189,16,16,16,27,27,54,18,18],"floor_reached":28,"campfire_rested":2,"playtime":1986,"current_hp_per_floor":[62,62,58,44,27,27,27,25,25,13,2,23,6,6,27,10,60,51,51,46,46,46,46,42,42,42,42,0],"items_purged":["Decay","Strike_G"],"gold":18,"score":273,"play_id":"0646562e-de0e-40e7-8ea4-d37ea62986b2","local_time":"20180425232826","is_prod":false,"is_daily":false,"chose_seed":false,"is_ascension_mode":true,"campfire_upgraded":3,"timestamp":1524713306,"path_taken":["M","?","M","?","M","R","?","M","T","M","M","R","M","$","R","BOSS","M","?","?","$","?","R","M","R","T","$","M"],"build_version":"2018-04-19","seed_source_timestamp":0,"purchased_purges":2,"victory":false,"master_deck":["Defend_G+1","Defend_G","Defend_G+1","Defend_G","Defend_G","Strike_G","Strike_G","Strike_G","Survivor","Neutralize","Footwork+1","Caltrops+1","PiercingWail","Venomology","Prepared","Calculated Gamble","Dodge and Roll","Prepared","Malaise+1","Adrenaline","Backflip","Backflip","Acrobatics+1","Calculated Gamble+1","Prepared","Caltrops"],"max_hp_per_floor":[70,70,70,70,70,70,70,70,70,70,70,70,70,70,70,70,75,75,75,75,75,75,75,75,75,75,75,75],"relics":["Ring of the Snake","Dream Catcher","Molten Egg 2","Tiny House","Blood Vial"],"card_choices":[{"not_picked":["Deadly Poison","Choke"],"picked":"Footwork","floor":1.0},{"not_picked":["Setup","Reflex"],"picked":"Caltrops","floor":3.0},{"not_picked":["Quick Slash","Riddle With Holes"],"picked":"PiercingWail","floor":5.0},{"not_picked":["Calculated Gamble","Deadly Poison"],"picked":"Venomology","floor":11.0},{"not_picked":["Poisoned Stab","Well Laid Plans"],"picked":"Prepared","floor":12.0},{"not_picked":["Flying Knee","PiercingWail"],"picked":"Calculated Gamble","floor":13.0},{"not_picked":["Quick Slash","Distraction"],"picked":"Malaise","floor":15.0},{"not_picked":["Burst","Glass Knife"],"picked":"Adrenaline","floor":16.0},{"not_picked":["Flying Knee","Flechettes"],"picked":"Backflip","floor":17},{"not_picked":["Bane","PiercingWail"],"picked":"Backflip","floor":18},{"not_picked":["Dagger Spray","Dodge and Roll"],"picked":"Acrobatics","floor":20},{"not_picked":["Underhanded Strike","Sucker Punch"],"picked":"Prepared","floor":24}],"player_experience":499712,"potions_floor_usage":[28],"damage_taken":[{"damage":1.0,"enemies":"Small Slimes","floor":1.0,"turns":4.0},{"damage":4.0,"enemies":"Cultist","floor":3.0,"turns":5.0},{"damage":17.0,"enemies":"Jaw Worm","floor":5.0,"turns":5.0},{"damage":0.0,"enemies":"Looter","floor":7.0,"turns":4.0},{"damage":2.0,"enemies":"Exordium Wildlife","floor":8.0,"turns":4.0},{"damage":12.0,"enemies":"2 Fungi Beasts","floor":10.0,"turns":5.0},{"damage":11.0,"enemies":"Large Slime","floor":11.0,"turns":9.0},{"damage":17.0,"enemies":"Lots of Slimes","floor":13.0,"turns":6.0},{"damage":17.0,"enemies":"The Guardian","floor":16.0,"turns":18.0},{"damage":9,"enemies":"Shell Parasite","floor":18,"turns":12},{"damage":5,"enemies":"3 Byrds","floor":20,"turns":2},{"damage":4,"enemies":"Snake Plant","floor":24,"turns":6},{"damage":62,"enemies":"3 Cultists","floor":28,"turns":7}],"event_choices":[{"event_name":"Wheel of Change","player_choice":"Curse","floor":2.0,"damage_taken":0.0},{"event_name":"Shining Light","player_choice":"Entered Light","floor":4.0,"damage_taken":0.0},{"event_name":"Back to Basics","player_choice":"Elegance","floor":19,"damage_taken":0},{"event_name":"Vampires","player_choice":"Ignored","floor":22,"damage_taken":0}],"boss_relics":[{"not_picked":["Pandora\u0027s Box","Black Star"],"picked":"Tiny House"}],"potions_floor_spawned":[5,11,13,16,18,20,24],"seed_played":"-6396792614391371817","killed_by":"3 Cultists","ascension_level":6,"is_trial":false}