{"gold_per_floor":[118,134,209,55,355,355,373,386,386,386],"floor_reached":10,"playtime":467,"items_purged":["Strike_R"],"score":110,"play_id":"f59e03f4-07a6-428c-a183-1bb60fcf4856","local_time":"20190228222946","is_ascension_mode":true,"campfire_choices":[{"data":"Searing Blow","floor":6,"key":"SMITH"}],"neow_cost":"TEN_PERCENT_HP_LOSS","seed_source_timestamp":95647162659179,"circlet_count":0,"master_deck":["AscendersBane","Strike_R","Strike_R","Strike_R","Defend_R","Defend_R","Defend_R","Bash","Dropkick","Thunderclap","Searing Blow+1"],"relics":["Burning Blood","Old Coin","Sundial"],"potions_floor_usage":[8,10],"damage_taken":[{"damage":14,"enemies":"Jaw Worm","floor":1,"turns":4},{"damage":17,"enemies":"Small Slimes","floor":2,"turns":4},{"damage":0,"enemies":"Cultist","floor":7,"turns":2},{"damage":12,"enemies":"Gremlin Gang","floor":8,"turns":6},{"damage":24,"enemies":"Gremlin Nob","floor":10,"turns":3}],"seed_played":"-7391205214742133503","potions_obtained":[{"floor":1,"key":"SteroidPotion"},{"floor":7,"key":"Ancient Potion"}],"is_trial":false,"path_per_floor":["M","M","?","$","?","R","M","M","T","E"],"character_chosen":"IRONCLAD","items_purchased":["Searing Blow"],"campfire_rested":0,"item_purchase_floors":[4],"current_hp_per_floor":[60,49,38,38,20,20,26,20,20,0],"gold":386,"neow_bonus":"REMOVE_TWO","is_prod":false,"is_daily":false,"chose_seed":false,"campfire_upgraded":1,"win_rate":0,"timestamp":1551360586,"path_taken":["M","M","?","$","?","R","M","M","T","E"],"build_version":"2019-01-23","purchased_purges":1,"victory":false,"max_hp_per_floor":[68,68,68,68,68,68,68,68,68,68],"card_choices":[{"not_picked":["Power Through","Carnage"],"picked":"Dropkick","floor":1},{"not_picked":["Flame Barrier","Power Through"],"picked":"Thunderclap","floor":2},{"not_picked":["Flex","Heavy Blade","Sword Boomerang"],"picked":"SKIP","floor":7},{"not_picked":["Whirlwind","Sword Boomerang","Evolve"],"picked":"SKIP","floor":8}],"player_experience":956346,"relics_obtained":[{"floor":9,"key":"Sundial"}],"event_choices":[{"damage_healed":0,"gold_gain":75,"player_choice":"Gather Gold","damage_taken":11,"max_hp_gain":0,"max_hp_loss":0,"event_name":"World of Goop","floor":3,"gold_loss":0},{"damage_healed":0,"gold_gain":0,"player_choice":"Success","damage_taken":18,"relics_obtained":["Old Coin"],"max_hp_gain":0,"max_hp_loss":0,"event_name":"Scrap Ooze","floor":5,"gold_loss":0}],"is_beta":false,"boss_relics":[],"items_purged_floors":[4],"is_endless":false,"potions_floor_spawned":[1,7],"killed_by":"Gremlin Nob","ascension_level":18}