{"gold_per_floor":[110,110,125,144,144,144,167,191,191,80,30,30,4,24,24,145,145,160,174,174,197,197,197,167,21,69,90,106,106,121,121,121,242,242,258,591,242,252,265,265,279,279,279,279,279,231,245,263,263,263],"floor_reached":51,"playtime":4559,"items_purged":["Injury"],"score":591,"play_id":"548b4e79-ef0b-4a45-8ca8-332707a1804c","local_time":"20190125231810","is_ascension_mode":false,"campfire_choices":[{"data":"Zap","floor":6,"key":"SMITH"},{"data":"Defragment","floor":12,"key":"SMITH"},{"data":"Capacitor","floor":15,"key":"SMITH"},{"data":"Double Energy","floor":23,"key":"SMITH"},{"data":"Redo","floor":29,"key":"SMITH"},{"data":"Blizzard","floor":32,"key":"SMITH"},{"data":"Chill","floor":40,"key":"SMITH"},{"data":"Machine Learning","floor":42,"key":"SMITH"},{"data":"Loop","floor":49,"key":"SMITH"}],"neow_cost":"NONE","seed_source_timestamp":471214871640438,"circlet_count":0,"master_deck":["Zap+1","Dualcast","Multi-Cast","Rip and Tear","Compile Driver","Cold Snap","Loop+1","Defragment+1","Self Repair","Cold Snap","Capacitor+1","Amplify","Melter","Double Energy+1","Steam","Chill+1","Conserve Battery","Ball Lightning","Auto Shields","Turbo","Steam+1","Double Energy+1","Redo+1","Conserve Battery+1","Blizzard+1","Sunder","Machine Learning+1","Coolheaded+1","Steam+1"],"relics":["Cracked Core","Centennial Puzzle","Blood Vial","Pandora\u0027s Box","MutagenicStrength","DataDisk","Lantern","Nuclear Battery","ClockworkSouvenir","Bronze Scales","Boot","Shuriken"],"potions_floor_usage":[8,14,16,21,33,33,33,39,41,50,50,50],"damage_taken":[{"damage":1,"enemies":"Jaw Worm","floor":1,"turns":3},{"damage":2,"enemies":"Small Slimes","floor":3,"turns":2},{"damage":6,"enemies":"2 Louse","floor":4,"turns":2},{"damage":0,"enemies":"Looter","floor":7,"turns":3},{"damage":17,"enemies":"Exordium Thugs","floor":8,"turns":4},{"damage":6,"enemies":"Exordium Wildlife","floor":14,"turns":3},{"damage":38,"enemies":"The Guardian","floor":16,"turns":11},{"damage":8,"enemies":"3 Byrds","floor":18,"turns":6},{"damage":1,"enemies":"Spheric Guardian","floor":19,"turns":3},{"damage":12,"enemies":"3 Cultists","floor":21,"turns":6},{"damage":16,"enemies":"Shelled Parasite and Fungi","floor":27,"turns":6},{"damage":5,"enemies":"Centurion and Healer","floor":28,"turns":6},{"damage":18,"enemies":"3 Cultists","floor":30,"turns":5},{"damage":16,"enemies":"Collector","floor":33,"turns":12},{"damage":13,"enemies":"Orb Walker","floor":35,"turns":4},{"damage":10,"enemies":"3 Darklings","floor":38,"turns":4},{"damage":1,"enemies":"Maw","floor":39,"turns":9},{"damage":16,"enemies":"Spire Growth","floor":41,"turns":7},{"damage":1,"enemies":"Sphere and 2 Shapes","floor":47,"turns":6},{"damage":8,"enemies":"Maw","floor":48,"turns":7},{"damage":22,"enemies":"Time Eater","floor":50,"turns":11}],"seed_played":"3031996696251984998","potions_obtained":[{"floor":1,"key":"AttackPotion"},{"floor":4,"key":"Block Potion"},{"floor":14,"key":"Weak Potion"},{"floor":18,"key":"Weak Potion"},{"floor":21,"key":"Poison Potion"},{"floor":24,"key":"EntropicBrew"},{"floor":24,"key":"FearPotion"},{"floor":41,"key":"SteroidPotion"}],"is_trial":false,"path_per_floor":["M","?","M","M","?","R","M","M","T","$","?","R","$","M","R","B",null,"M","M","?","M","?","R","?","$","T","M","M","R","M","?","R","B",null,"M","?","$","M","M","R","M","R","T","?","T","$","M","M","R","B",null],"character_chosen":"DEFECT","items_purchased":["Self Repair","Cold Snap","DataDisk","ClockworkSouvenir","Bronze Scales","AttackPotion"],"campfire_rested":0,"item_purchase_floors":[10,13,25,37,37,46],"current_hp_per_floor":[74,71,69,63,63,63,63,46,46,46,46,46,46,49,49,20,75,74,74,74,70,70,70,70,70,70,70,74,74,71,71,71,64,75,69,69,69,75,75,75,73,73,73,71,71,71,71,70,70,56],"gold":263,"neow_bonus":"ONE_RANDOM_RARE_CARD","is_prod":false,"is_daily":false,"chose_seed":false,"campfire_upgraded":9,"win_rate":0,"timestamp":1548458290,"path_taken":["M","?","M","M","?","R","M","M","T","$","?","R","?","M","R","BOSS","M","M","?","M","?","R","?","$","T","?","M","R","M","?","R","BOSS","M","?","$","M","M","R","M","R","T","?","?","$","M","M","R","BOSS"],"build_version":"2019-01-23","purchased_purges":1,"victory":true,"max_hp_per_floor":[75,75,75,75,75,75,75,75,75,75,75,75,75,75,75,75,75,75,75,75,75,75,75,75,75,75,75,75,75,75,75,75,75,75,75,75,75,75,75,75,75,75,75,71,71,71,71,71,71,71],"card_choices":[{"not_picked":["Recycle","Beam Cell"],"picked":"Rip and Tear","floor":1},{"not_picked":["Coolheaded","Barrage"],"picked":"Compile Driver","floor":3},{"not_picked":["Rebound","Leap"],"picked":"Cold Snap","floor":4},{"not_picked":["Cold Snap","Multi-Cast"],"picked":"Loop","floor":7},{"not_picked":["Heatsinks","Leap"],"picked":"Defragment","floor":8},{"not_picked":["Gash","FTL"],"picked":"Capacitor","floor":14},{"not_picked":["All For One","Multi-Cast"],"picked":"Amplify","floor":16},{"not_picked":["Coolheaded","Cold Snap"],"picked":"Turbo","floor":18},{"not_picked":["Cold Snap","Redo+1"],"picked":"Steam+1","floor":19},{"not_picked":["Beam Cell+1","Ball Lightning+1"],"picked":"Double Energy+1","floor":21},{"not_picked":["Gash","Genetic Algorithm"],"picked":"Redo","floor":27},{"not_picked":["Self Repair+1","Steam Power+1"],"picked":"Conserve Battery+1","floor":28},{"not_picked":["Undo+1","Reprogram"],"picked":"Blizzard","floor":30},{"not_picked":["Amplify","Thunder Strike"],"picked":"Machine Learning","floor":33},{"not_picked":["Lockon","Loop"],"picked":"Coolheaded+1","floor":35},{"not_picked":["Self Repair","Redo","Stack+1"],"picked":"SKIP","floor":38},{"not_picked":["Blizzard+1","Turbo+1","Stack"],"picked":"SKIP","floor":39},{"not_picked":["Blizzard","Turbo","Static Discharge"],"picked":"SKIP","floor":41},{"not_picked":["Auto Shields","Consume","Beam Cell"],"picked":"SKIP","floor":47},{"not_picked":["Turbo","Beam Cell"],"picked":"Steam+1","floor":48}],"player_experience":351801,"relics_obtained":[{"floor":9,"key":"Blood Vial"},{"floor":26,"key":"Lantern"},{"floor":43,"key":"Boot"},{"floor":45,"key":"Shuriken"}],"event_choices":[{"damage_healed":0,"gold_gain":0,"player_choice":"Success","damage_taken":3,"relics_obtained":["Centennial Puzzle"],"max_hp_gain":0,"max_hp_loss":0,"event_name":"Scrap Ooze","floor":2,"gold_loss":0},{"damage_healed":0,"gold_gain":0,"player_choice":"Take Wound","damage_taken":0,"relics_obtained":["Golden Idol"],"max_hp_gain":0,"max_hp_loss":0,"event_name":"Golden Idol","floor":5,"gold_loss":0,"cards_obtained":["Injury"]},{"cards_removed":["Strike_B"],"damage_healed":0,"gold_gain":0,"player_choice":"Card Removal","damage_taken":0,"max_hp_gain":0,"max_hp_loss":0,"event_name":"The Cleric","floor":11,"gold_loss":50},{"damage_healed":0,"gold_gain":0,"player_choice":"Ignored","damage_taken":0,"max_hp_gain":0,"max_hp_loss":0,"event_name":"Ghosts","floor":20,"gold_loss":0},{"damage_healed":0,"gold_gain":0,"player_choice":"Inject Mutagens","damage_taken":0,"relics_obtained":["MutagenicStrength"],"max_hp_gain":0,"max_hp_loss":0,"event_name":"Drug Dealer","floor":22,"gold_loss":0},{"damage_healed":0,"gold_gain":0,"player_choice":"Bought 2 Potions","damage_taken":0,"max_hp_gain":0,"max_hp_loss":0,"event_name":"The Woman in Blue","floor":24,"gold_loss":0},{"damage_healed":0,"gold_gain":0,"player_choice":"Read","damage_taken":0,"max_hp_gain":0,"max_hp_loss":0,"event_name":"The Library","floor":31,"gold_loss":0,"cards_obtained":["Sunder"]},{"damage_healed":0,"gold_gain":333,"player_choice":"Gave Idol","damage_taken":0,"max_hp_gain":0,"max_hp_loss":0,"event_name":"The Moai Head","floor":36,"relics_lost":["Golden Idol"],"gold_loss":0},{"damage_healed":0,"gold_gain":0,"player_choice":"Max HP","damage_taken":0,"max_hp_gain":0,"max_hp_loss":4,"event_name":"Winding Halls","floor":44,"gold_loss":0}],"is_beta":false,"boss_relics":[{"not_picked":["Snecko Eye","Empty Cage"],"picked":"Pandora\u0027s Box"},{"not_picked":["White Beast Statue","Sozu"],"picked":"Nuclear Battery"}],"items_purged_floors":[10],"is_endless":false,"potions_floor_spawned":[1,4,14,18,21,41],"ascension_level":0}