{"gold_per_floor":[10,10,10,35,54,54,68,68,92,92,110,110,136,136,136,136],"floor_reached":16,"playtime":449,"items_purged":[],"score":90,"play_id":"0174fa99-8c58-4e90-8e40-32adcbbd9d6d","local_time":"20190223191052","is_ascension_mode":false,"campfire_choices":[{"data":"Bash","floor":6,"key":"SMITH"},{"data":"Defend_R","floor":8,"key":"SMITH"},{"data":"Defend_R","floor":10,"key":"SMITH"},{"data":"Strike_R","floor":15,"key":"SMITH"}],"neow_cost":"NO_GOLD","seed_source_timestamp":691538566542544,"circlet_count":0,"master_deck":["Strike_R","Strike_R","Strike_R+1","Defend_R","Defend_R+1","Defend_R+1","Bash+1"],"relics":["Burning Blood","Golden Idol","Bag of Marbles","Odd Mushroom"],"potions_floor_usage":[13,16,16],"damage_taken":[{"damage":3,"enemies":"Small Slimes","floor":1,"turns":3},{"damage":2,"enemies":"2 Louse","floor":4,"turns":3},{"damage":8,"enemies":"Jaw Worm","floor":5,"turns":4},{"damage":11,"enemies":"Blue Slaver","floor":7,"turns":5},{"damage":4,"enemies":"Looter","floor":11,"turns":3},{"damage":19,"enemies":"The Mushroom Lair","floor":13,"turns":6},{"damage":66,"enemies":"Hexaghost","floor":16,"turns":11}],"seed_played":"3093793956457492529","potions_obtained":[{"floor":4,"key":"Block Potion"},{"floor":11,"key":"Regen Potion"},{"floor":13,"key":"Fire Potion"}],"is_trial":false,"path_per_floor":["M","?","$","M","M","R","M","R","T","R","M","?","?","?","R","B"],"character_chosen":"IRONCLAD","items_purchased":[],"campfire_rested":0,"item_purchase_floors":[],"current_hp_per_floor":[80,60,60,64,62,62,57,57,57,57,59,59,61,66,66,0],"gold":136,"neow_bonus":"REMOVE_TWO","is_prod":false,"is_daily":false,"chose_seed":false,"campfire_upgraded":4,"win_rate":0,"timestamp":1550916652,"path_taken":["M","?","$","M","M","R","M","R","T","R","M","?","?","?","R","BOSS"],"build_version":"2019-01-23","purchased_purges":0,"victory":false,"max_hp_per_floor":[80,80,80,80,80,80,80,80,80,80,80,80,80,85,85,85],"card_choices":[{"not_picked":["Clothesline","Metallicize","Blood for Blood"],"picked":"SKIP","floor":1},{"not_picked":["Burning Pact","Sword Boomerang","Power Through"],"picked":"SKIP","floor":4},{"not_picked":["Clash","Heavy Blade","Armaments"],"picked":"SKIP","floor":5},{"not_picked":["Heavy Blade","Intimidate","Shrug It Off"],"picked":"SKIP","floor":7},{"not_picked":["Corruption","Warcry","Armaments"],"picked":"SKIP","floor":11}],"player_experience":898618,"relics_obtained":[{"floor":9,"key":"Bag of Marbles"},{"floor":13,"key":"Odd Mushroom"}],"event_choices":[{"damage_healed":0,"gold_gain":0,"player_choice":"Take Damage","damage_taken":20,"relics_obtained":["Golden Idol"],"max_hp_gain":0,"max_hp_loss":0,"event_name":"Golden Idol","floor":2,"gold_loss":0},{"cards_removed":["Strike_R"],"damage_healed":0,"gold_gain":0,"player_choice":"Forget","damage_taken":0,"max_hp_gain":0,"max_hp_loss":0,"event_name":"Living Wall","floor":12,"gold_loss":0},{"damage_healed":0,"gold_gain":0,"player_choice":"Fought Mushrooms","damage_taken":0,"max_hp_gain":0,"max_hp_loss":0,"event_name":"Mushrooms","floor":13,"gold_loss":0},{"damage_healed":0,"gold_gain":0,"player_choice":"Donut","damage_taken":0,"max_hp_gain":5,"max_hp_loss":0,"event_name":"Big Fish","floor":14,"gold_loss":0}],"is_beta":false,"boss_relics":[],"items_purged_floors":[],"is_endless":false,"potions_floor_spawned":[4,11,13],"killed_by":"Hexaghost","ascension_level":0}