{"gold_per_floor":[110,126,138,138,154,154,254,254,279,279,293,311,322,352,352,453,453,440,440,457,457,457,492,492,511,511,537,557,590,364,378,378,482,482,501,601,601,601,601,601,33,52,75,93,122,122,142,159,159,159],"floor_reached":50,"playtime":3905,"items_purged":["Defend_G","Defend_G"],"score":559,"play_id":"2f503025-3d14-457a-a9ff-15b67aa41fcb","local_time":"20190120134010","is_ascension_mode":false,"campfire_choices":[{"data":"Neutralize","floor":6,"key":"SMITH"},{"data":"All Out Attack","floor":8,"key":"SMITH"},{"data":"Dodge and Roll","floor":10,"key":"SMITH"},{"data":"Terror","floor":15,"key":"SMITH"},{"data":"Adrenaline","floor":24,"key":"SMITH"},{"data":"Footwork","floor":32,"key":"SMITH"},{"data":"Storm of Steel","floor":40,"key":"SMITH"},{"data":"Backflip","floor":46,"key":"SMITH"},{"data":"Impatience","floor":49,"key":"SMITH"}],"neow_cost":"NONE","seed_source_timestamp":758445045545639,"circlet_count":0,"master_deck":["Defend_G","Defend_G","Survivor","Neutralize+1","Flying Knee","All Out Attack+1","Expertise","Dodge and Roll+1","Terror+1","Adrenaline+1","Dagger Spray","Bite","Bite+1","Bite","Bite","Bite","Underhanded Strike+1","Flying Knee+1","Accuracy","Outmaneuver+1","Flying Knee+1","Backstab+1","Footwork+1","Storm of Steel+1","Escape Plan","Enlightenment","Bandage Up","Impatience+1","Adrenaline+1","Backflip+1","Deadly Poison+1","Escape Plan+1","Footwork+1"],"relics":["Ring of the Snake","Happy Flower","Omamori","Runic Pyramid","Nunchaku","Dream Catcher","Whetstone","Bronze Scales","Anchor","Cursed Key","Incense Burner","FossilizedHelix","Orichalcum","Vajra","Boot"],"potions_floor_usage":[11,16,23,27,29,50,50,50],"damage_taken":[{"damage":2,"enemies":"2 Louse","floor":1,"turns":3},{"damage":1,"enemies":"Cultist","floor":2,"turns":3},{"damage":1,"enemies":"Jaw Worm","floor":3,"turns":3},{"damage":0,"enemies":"Red Slaver","floor":5,"turns":4},{"damage":0,"enemies":"Looter","floor":11,"turns":2},{"damage":0,"enemies":"2 Fungi Beasts","floor":12,"turns":2},{"damage":0,"enemies":"Large Slime","floor":13,"turns":4},{"damage":6,"enemies":"Lagavulin","floor":14,"turns":5},{"damage":45,"enemies":"Slime Boss","floor":16,"turns":11},{"damage":16,"enemies":"2 Thieves","floor":18,"turns":4},{"damage":0,"enemies":"Chosen","floor":20,"turns":4},{"damage":11,"enemies":"Gremlin Leader","floor":23,"turns":6},{"damage":12,"enemies":"Snecko","floor":25,"turns":5},{"damage":21,"enemies":"Slavers","floor":27,"turns":5},{"damage":10,"enemies":"Cultist and Chosen","floor":28,"turns":6},{"damage":21,"enemies":"Book of Stabbing","floor":29,"turns":4},{"damage":9,"enemies":"Sentry and Sphere","floor":31,"turns":4},{"damage":41,"enemies":"Champ","floor":33,"turns":11},{"damage":20,"enemies":"3 Darklings","floor":35,"turns":4},{"damage":0,"enemies":"Mind Bloom Boss Battle","floor":36,"turns":5},{"damage":0,"enemies":"3 Shapes","floor":42,"turns":2},{"damage":0,"enemies":"Writhing Mass","floor":44,"turns":4},{"damage":20,"enemies":"Reptomancer","floor":45,"turns":5},{"damage":0,"enemies":"Transient","floor":47,"turns":5},{"damage":0,"enemies":"Spire Growth","floor":48,"turns":4},{"damage":78,"enemies":"Donu and Deca","floor":50,"turns":8}],"seed_played":"3407187020274294939","potions_obtained":[{"floor":2,"key":"FearPotion"},{"floor":3,"key":"AttackPotion"},{"floor":5,"key":"Fire Potion"},{"floor":11,"key":"Weak Potion"},{"floor":12,"key":"Block Potion"},{"floor":18,"key":"Block Potion"},{"floor":22,"key":"Strength Potion"},{"floor":23,"key":"Dexterity Potion"},{"floor":31,"key":"Ancient Potion"},{"floor":35,"key":"SpeedPotion"},{"floor":45,"key":"Block Potion"}],"is_trial":false,"path_per_floor":["M","M","M","?","M","R","?","R","T","R","M","M","M","E","R","B",null,"M","?","M","?","?","E","R","M","T","E","M","E","$","M","R","B",null,"M","?","?","?","?","R","$","M","T","M","E","R","M","M","R","B"],"character_chosen":"THE_SILENT","items_purchased":["Anchor","FossilizedHelix","Orichalcum"],"campfire_rested":0,"item_purchase_floors":[30,41,41],"current_hp_per_floor":[68,67,66,66,66,66,66,66,66,66,66,66,66,60,60,15,70,54,49,49,42,42,51,51,42,42,35,44,38,38,42,42,39,54,34,45,35,35,35,35,35,40,40,54,39,39,54,54,54,0],"gold":159,"neow_bonus":"REMOVE_CARD","is_prod":false,"is_daily":false,"chose_seed":false,"campfire_upgraded":9,"win_rate":0,"timestamp":1547959210,"path_taken":["M","M","M","?","?","R","?","R","T","R","M","M","?","E","R","BOSS","M","?","M","?","?","E","R","M","T","E","M","E","$","?","R","BOSS","M","?","?","?","?","R","$","M","T","M","E","R","M","M","R","BOSS"],"build_version":"2019-01-17v2","purchased_purges":2,"victory":false,"max_hp_per_floor":[70,70,70,70,70,70,70,70,70,70,70,70,70,70,70,70,70,70,49,49,54,54,54,54,54,54,54,54,54,54,54,54,54,54,54,54,54,54,54,54,54,54,54,54,54,54,54,54,54,54],"card_choices":[{"not_picked":["Prepared","Blur"],"picked":"Flying Knee","floor":1},{"not_picked":["Terror","Blur"],"picked":"All Out Attack","floor":2},{"not_picked":["Expertise","Reflex","Leg Sweep"],"picked":"SKIP","floor":3},{"not_picked":["Prepared","Dash"],"picked":"Dodge and Roll","floor":5},{"not_picked":["Acrobatics","Prepared","Eviscerate"],"picked":"SKIP","floor":11},{"not_picked":["Flying Knee","Underhanded Strike","Backflip"],"picked":"SKIP","floor":12},{"not_picked":["Acrobatics","Dagger Throw"],"picked":"Terror","floor":13},{"not_picked":["Underhanded Strike","Corpse Explosion","Backflip"],"picked":"SKIP","floor":14},{"not_picked":["Unload","Doppelganger"],"picked":"Adrenaline","floor":16},{"not_picked":["Underhanded Strike+1","Dagger Throw"],"picked":"Dagger Spray","floor":18},{"not_picked":["Slice","Cloak And Dagger"],"picked":"Underhanded Strike+1","floor":20},{"not_picked":["Crippling Poison","Cloak And Dagger"],"picked":"Flying Knee","floor":23},{"not_picked":["Cloak And Dagger","PiercingWail+1"],"picked":"Accuracy","floor":25},{"not_picked":["Sucker Punch","Bouncing Flask"],"picked":"Outmaneuver+1","floor":27},{"not_picked":["Poisoned Stab","Quick Slash"],"picked":"Flying Knee+1","floor":28},{"not_picked":["Choke","Cloak And Dagger"],"picked":"Backstab+1","floor":29},{"not_picked":["Deflect","Choke"],"picked":"Footwork","floor":31},{"not_picked":["Envenom","Adrenaline"],"picked":"Storm of Steel","floor":33},{"not_picked":["Outmaneuver","Masterful Stab","Tactician"],"picked":"SKIP","floor":35},{"not_picked":["Acrobatics+1","Underhanded Strike+1"],"picked":"Escape Plan","floor":36},{"not_picked":["Impatience","Trip"],"picked":"Enlightenment","floor":37},{"not_picked":["PanicButton","Impatience"],"picked":"Bandage Up","floor":37},{"not_picked":["Bandage Up","Jack Of All Trades"],"picked":"Impatience","floor":37},{"not_picked":["Noxious Fumes+1","Finisher"],"picked":"Backflip","floor":42},{"not_picked":["Distraction+1","Flying Knee"],"picked":"Deadly Poison+1","floor":44},{"not_picked":["Prepared","Slice","Finisher"],"picked":"SKIP","floor":45},{"not_picked":["Eviscerate","All Out Attack"],"picked":"Escape Plan+1","floor":47},{"not_picked":["Flying Knee","Quick Slash"],"picked":"Footwork+1","floor":48}],"player_experience":845446,"relics_obtained":[{"floor":9,"key":"Happy Flower"},{"floor":14,"key":"Omamori"},{"floor":23,"key":"Nunchaku"},{"floor":26,"key":"Dream Catcher"},{"floor":27,"key":"Whetstone"},{"floor":29,"key":"Bronze Scales"},{"floor":36,"key":"Incense Burner"},{"floor":43,"key":"Vajra"},{"floor":45,"key":"Boot"}],"event_choices":[{"damage_healed":0,"gold_gain":0,"cards_transformed":["Strike_G"],"player_choice":"Transformed","damage_taken":0,"max_hp_gain":0,"max_hp_loss":0,"event_name":"Transmorgrifier","floor":4,"gold_loss":0,"cards_obtained":["Expertise"]},{"damage_healed":0,"gold_gain":100,"player_choice":"Gold","damage_taken":0,"max_hp_gain":0,"max_hp_loss":0,"event_name":"Wheel of Change","floor":7,"gold_loss":0},{"damage_healed":0,"gold_gain":0,"player_choice":"Became a vampire","damage_taken":0,"max_hp_gain":0,"max_hp_loss":21,"event_name":"Vampires","floor":19,"gold_loss":0,"cards_obtained":["Bite","Bite","Bite","Bite","Bite"]},{"damage_healed":0,"gold_gain":0,"player_choice":"Shed Blood","damage_taken":12,"max_hp_gain":5,"max_hp_loss":0,"event_name":"Forgotten Altar","floor":21,"gold_loss":0},{"damage_healed":0,"gold_gain":0,"player_choice":"Got Potions","damage_taken":0,"max_hp_gain":0,"max_hp_loss":0,"event_name":"Lab","floor":22,"gold_loss":0},{"damage_healed":0,"gold_gain":0,"player_choice":"Fight","damage_taken":0,"max_hp_gain":0,"max_hp_loss":0,"event_name":"MindBloom","floor":36,"gold_loss":0},{"damage_healed":0,"gold_gain":0,"player_choice":"Memory 3","damage_taken":10,"max_hp_gain":0,"max_hp_loss":0,"event_name":"SensoryStone","floor":37,"gold_loss":0},{"damage_healed":0,"gold_gain":0,"player_choice":"Ignored","damage_taken":0,"max_hp_gain":0,"max_hp_loss":0,"event_name":"Tomb of Lord Red Mask","floor":38,"gold_loss":0},{"damage_healed":0,"gold_gain":0,"player_choice":"Copied","damage_taken":0,"max_hp_gain":0,"max_hp_loss":0,"event_name":"Duplicator","floor":39,"gold_loss":0,"cards_obtained":["Adrenaline"]}],"is_beta":false,"boss_relics":[{"not_picked":["Fusion Hammer","Philosopher\u0027s Stone"],"picked":"Runic Pyramid"},{"not_picked":["Calling Bell","HoveringKite"],"picked":"Cursed Key"}],"items_purged_floors":[30,41],"is_endless":false,"potions_floor_spawned":[2,3,5,11,12,18,20,23,31,35,45,48],"killed_by":"Donu and Deca","ascension_level":0}