{"path_per_floor":["M","?","M","?","$","R","E","?","T","M","R","E","M","E","R"],"character_chosen":"THE_SILENT","items_purchased":["Orichalcum","Juzu Bracelet"],"gold_per_floor":[114,364,382,382,9,9,40,40,40,65,65,98,118,152,152,152],"floor_reached":16,"campfire_rested":0,"playtime":838,"item_purchase_floors":[5,5],"current_hp_per_floor":[57,57,51,34,34,34,24,24,24,24,24,25,25,23,23,0],"items_purged":["Regret"],"gold":152,"score":177,"play_id":"74b2d0b6-5837-470b-aa5c-bd9598d98a75","local_time":"20180531233207","is_prod":false,"is_daily":false,"chose_seed":false,"is_ascension_mode":true,"campfire_upgraded":3,"win_rate":0,"timestamp":1527777127,"campfire_choices":[{"data":"Noxious Fumes","floor":6,"key":"SMITH"},{"data":"Deadly Poison","floor":11,"key":"SMITH"},{"data":"Catalyst","floor":15,"key":"SMITH"}],"path_taken":["M","?","M","?","$","R","E","?","T","M","R","E","M","E","R","BOSS"],"build_version":"2018-05-24","seed_source_timestamp":698668123693836,"purchased_purges":1,"victory":false,"master_deck":["Defend_G","Defend_G","Defend_G","Defend_G","Strike_G","Strike_G","Strike_G","Strike_G","Strike_G","Survivor","Neutralize","AscendersBane","Backflip","Noxious Fumes+1","Deadly Poison+1","Catalyst+1"],"max_hp_per_floor":[70,70,70,70,70,70,70,70,70,70,70,70,70,70,70,70],"relics":["Ring of the Snake","Golden Idol","Orichalcum","Juzu Bracelet","Bag of Marbles","Kunai","Blood Vial","Shuriken"],"card_choices":[{"not_picked":["Dodge and Roll","Flying Knee"],"picked":"Backflip","floor":1},{"not_picked":["PiercingWail","Crippling Poison"],"picked":"Noxious Fumes","floor":3},{"not_picked":["Backflip","Dagger Throw","Acrobatics"],"picked":"SKIP","floor":7},{"not_picked":["Caltrops","Terror"],"picked":"Deadly Poison","floor":10},{"not_picked":["Slice","Acrobatics","Reflex"],"picked":"SKIP","floor":12},{"not_picked":["Concentrate","Poisoned Stab"],"picked":"Catalyst","floor":13},{"not_picked":["Outmaneuver","Bane","Flechettes"],"picked":"SKIP","floor":14}],"player_experience":716783,"potions_floor_usage":[12,16],"damage_taken":[{"damage":6,"enemies":"Cultist","floor":1,"turns":6},{"damage":6,"enemies":"Jaw Worm","floor":3,"turns":6},{"damage":10,"enemies":"3 Sentries","floor":7,"turns":7},{"damage":0,"enemies":"2 Louse","floor":10,"turns":3},{"damage":14,"enemies":"Lagavulin","floor":12,"turns":7},{"damage":2,"enemies":"Looter","floor":13,"turns":4},{"damage":4,"enemies":"3 Sentries","floor":14,"turns":6},{"damage":28,"enemies":"Slime Boss","floor":16,"turns":7}],"relics_obtained":[{"floor":7,"key":"Bag of Marbles"},{"floor":9,"key":"Kunai"},{"floor":12,"key":"Blood Vial"},{"floor":14,"key":"Shuriken"}],"event_choices":[{"event_name":"Golden Shrine","player_choice":"Desecrate","floor":2,"damage_taken":0},{"event_name":"Golden Idol","player_choice":"Take Damage","floor":4,"damage_taken":0},{"event_name":"Living Wall","player_choice":"Forget","floor":8,"damage_taken":0}],"boss_relics":[],"items_purged_floors":[5],"potions_floor_spawned":[3,12,14],"seed_played":"8552580252636917516","killed_by":"Slime Boss","ascension_level":10,"potions_obtained":[{"floor":3,"key":"Regen Potion"},{"floor":12,"key":"PowerPotion"},{"floor":14,"key":"Weak Potion"}],"is_trial":false}