{"gold_per_floor":[110,127,127,144,11,11,38,51,120,120,120,160,175,77,77,173,173,198,69,69,69,90,131,131,175,198,212,262,262,275,295,295,389,389,404,423,338,671,412,445,445,480,505,537,537,565,565,583,583,583,583,583,583,26,58,58],"floor_reached":57,"playtime":4228,"items_purged":["Pain","Strike_G","Strike_G"],"score":3067,"play_id":"1890469e-03a3-442d-b778-27bb02a48713","local_time":"20181222161958","is_ascension_mode":true,"campfire_choices":[{"data":"Noxious Fumes","floor":6,"key":"SMITH"},{"data":"Deadly Poison","floor":10,"key":"SMITH"},{"floor":15,"key":"REST"},{"floor":24,"key":"REST"},{"data":"Wraith Form v2","floor":29,"key":"SMITH"},{"data":"Noxious Fumes","floor":32,"key":"SMITH"},{"data":"Wraith Form v2","floor":41,"key":"SMITH"},{"floor":47,"key":"REST"},{"floor":49,"key":"RECALL"},{"floor":53,"key":"REST"}],"neow_cost":"NONE","seed_source_timestamp":73043849819211,"circlet_count":0,"master_deck":["AscendersBane","Defend_G","Defend_G","Defend_G","Defend_G","Defend_G+1","Strike_G+1","Strike_G","Strike_G+1","Survivor+1","Neutralize","Noxious Fumes+1","Dagger Throw","PiercingWail","Deadly Poison+1","Well Laid Plans","Wraith Form v2+1","Dodge and Roll","RitualDagger","Dodge and Roll","PiercingWail","Noxious Fumes+1","Wraith Form v2+1","Leg Sweep","Noxious Fumes","Catalyst+1","Bouncing Flask+1","Acrobatics"],"relics":["Ring of the Snake","WarpedTongs","Gambling Chip","Mummified Hand","Whetstone","Art of War","Philosopher\u0027s Stone","Calipers","Turnip","Bronze Scales","Snecko Eye","Unceasing Top","Kunai","War Paint","Incense Burner","Anchor","ClockworkSouvenir","Centennial Puzzle"],"potions_floor_usage":[7,12,23,23,30,54,56,56],"damage_taken":[{"damage":1,"enemies":"2 Louse","floor":1,"turns":3},{"damage":6,"enemies":"Cultist","floor":2,"turns":5},{"damage":5,"enemies":"Jaw Worm","floor":4,"turns":5},{"damage":2,"enemies":"3 Sentries","floor":7,"turns":7},{"damage":0,"enemies":"3 Louse","floor":8,"turns":3},{"damage":15,"enemies":"Gremlin Nob","floor":12,"turns":4},{"damage":0,"enemies":"Exordium Thugs","floor":13,"turns":5},{"damage":23,"enemies":"Slime Boss","floor":16,"turns":11},{"damage":0,"enemies":"3 Byrds","floor":18,"turns":5},{"damage":1,"enemies":"Spheric Guardian","floor":22,"turns":5},{"damage":22,"enemies":"Slavers","floor":23,"turns":6},{"damage":1,"enemies":"Gremlin Leader","floor":25,"turns":7},{"damage":0,"enemies":"Centurion and Healer","floor":27,"turns":6},{"damage":6,"enemies":"Sentry and Sphere","floor":30,"turns":5},{"damage":0,"enemies":"Snake Plant","floor":31,"turns":5},{"damage":19,"enemies":"Automaton","floor":33,"turns":10},{"damage":1,"enemies":"3 Shapes","floor":35,"turns":5},{"damage":0,"enemies":"Orb Walker","floor":36,"turns":4},{"damage":7,"enemies":"Nemesis","floor":40,"turns":9},{"damage":0,"enemies":"Reptomancer","floor":42,"turns":5},{"damage":15,"enemies":"Nemesis","floor":44,"turns":7},{"damage":10,"enemies":"Reptomancer","floor":46,"turns":5},{"damage":1,"enemies":"3 Darklings","floor":48,"turns":4},{"damage":0,"enemies":"Time Eater","floor":50,"turns":7},{"damage":5,"enemies":"Donu and Deca","floor":51,"turns":9},{"damage":0,"enemies":"Shield and Spear","floor":55,"turns":6},{"damage":17,"enemies":"The Heart","floor":56,"turns":7}],"seed_played":"7312357890476539352","potions_obtained":[{"floor":1,"key":"Poison Potion"},{"floor":2,"key":"SpeedPotion"},{"floor":4,"key":"GhostInAJar"},{"floor":16,"key":"Explosive Potion"},{"floor":18,"key":"Weak Potion"},{"floor":25,"key":"AttackPotion"},{"floor":27,"key":"Energy Potion"},{"floor":33,"key":"Weak Potion"},{"floor":35,"key":"Dexterity Potion"}],"is_trial":false,"path_per_floor":["M","M","?","M","$","R","E","M","T","R","?","E","M","?","R","B",null,"M","$","?","?","M","E","R","E","T","M","?","R","M","M","R","B",null,"M","M","$","?","$","E","R","E","T","E","?","E","R","M","R","B","B",null,"R","$","E","B",null],"character_chosen":"THE_SILENT","items_purchased":["PiercingWail","Dodge and Roll","Leg Sweep","Noxious Fumes","Poison Potion","Anchor","ClockworkSouvenir","Fruit Juice","PowerPotion"],"campfire_rested":4,"item_purchase_floors":[5,19,37,39,39,54,54,54,54],"current_hp_per_floor":[64,58,58,53,53,53,51,51,51,51,51,36,36,36,55,32,57,57,57,57,51,50,28,47,46,46,46,46,46,40,40,40,21,54,53,53,53,53,53,46,46,46,46,31,31,21,40,39,39,39,34,57,65,70,70,53],"gold":58,"neow_bonus":"TEN_PERCENT_HP_BONUS","is_prod":false,"is_daily":false,"chose_seed":false,"campfire_upgraded":5,"win_rate":0,"timestamp":1545524398,"path_taken":["M","M","?","M","$","R","E","?","T","R","?","E","M","?","R","BOSS","M","$","?","?","M","E","R","E","T","M","?","R","M","?","R","BOSS","M","M","$","?","$","E","R","E","T","E","?","E","R","M","R","BOSS","BOSS","R","$","E","BOSS"],"build_version":"2018-12-20","purchased_purges":3,"victory":true,"max_hp_per_floor":[72,72,72,72,72,72,72,72,72,72,65,65,65,65,65,65,65,65,65,65,65,65,65,65,65,65,65,65,65,65,65,65,65,65,65,65,65,65,65,65,65,65,65,65,65,65,65,65,65,65,65,65,65,70,70,70],"card_choices":[{"not_picked":["Backflip","Endless Agony"],"picked":"Noxious Fumes","floor":1},{"not_picked":["Deflect","Outmaneuver","Underhanded Strike"],"picked":"SKIP","floor":2},{"not_picked":["Heel Hook","Riddle With Holes"],"picked":"Dagger Throw","floor":4},{"not_picked":["Phantasmal Killer","Slice","Accuracy"],"picked":"SKIP","floor":7},{"not_picked":["Quick Slash","Outmaneuver"],"picked":"Deadly Poison","floor":8},{"not_picked":["Phantasmal Killer","Reflex","Underhanded Strike"],"picked":"SKIP","floor":12},{"not_picked":["Quick Slash","Endless Agony"],"picked":"Well Laid Plans","floor":13},{"not_picked":["Unload","Die Die Die"],"picked":"Wraith Form v2","floor":16},{"not_picked":["Prepared","Flying Knee+1","Sucker Punch"],"picked":"SKIP","floor":18},{"not_picked":["Setup","Deflect"],"picked":"Dodge and Roll","floor":22},{"not_picked":["Sucker Punch","Prepared","Envenom"],"picked":"SKIP","floor":23},{"not_picked":["Outmaneuver","Escape Plan"],"picked":"PiercingWail","floor":25},{"not_picked":["Dagger Throw","Eviscerate","Flying Knee"],"picked":"SKIP","floor":27},{"not_picked":["Heel Hook","Dodge and Roll","Sucker Punch"],"picked":"SKIP","floor":30},{"not_picked":["Poisoned Stab","Masterful Stab"],"picked":"Noxious Fumes","floor":31},{"not_picked":["Envenom","Phantasmal Killer"],"picked":"Wraith Form v2","floor":33},{"not_picked":["Sucker Punch+1","Quick Slash+1","Skewer"],"picked":"SKIP","floor":35},{"not_picked":["Bane","Deflect","All Out Attack+1"],"picked":"SKIP","floor":36},{"not_picked":["Predator","Expertise"],"picked":"Catalyst+1","floor":40},{"not_picked":["Riddle With Holes","Flying Knee","Accuracy+1"],"picked":"SKIP","floor":42},{"not_picked":["Calculated Gamble","Storm of Steel"],"picked":"Bouncing Flask+1","floor":44},{"not_picked":["Accuracy+1","Flying Knee+1"],"picked":"Acrobatics","floor":46},{"not_picked":["Concentrate","Quick Slash+1","Tactician"],"picked":"SKIP","floor":48},{"not_picked":["Dodge and Roll+1","Infinite Blades","Flying Knee"],"picked":"SKIP","floor":55}],"player_experience":3982131,"relics_obtained":[{"floor":7,"key":"Gambling Chip"},{"floor":9,"key":"Mummified Hand"},{"floor":12,"key":"Whetstone"},{"floor":23,"key":"Calipers"},{"floor":25,"key":"Turnip"},{"floor":26,"key":"Bronze Scales"},{"floor":40,"key":"Unceasing Top"},{"floor":42,"key":"Kunai"},{"floor":44,"key":"War Paint"},{"floor":46,"key":"Incense Burner"},{"floor":55,"key":"Centennial Puzzle"}],"event_choices":[{"damage_healed":0,"gold_gain":0,"player_choice":"Rummage","damage_taken":0,"relics_obtained":["WarpedTongs"],"max_hp_gain":0,"max_hp_loss":0,"event_name":"Accursed Blacksmith","floor":3,"gold_loss":0,"cards_obtained":["Pain"]},{"damage_healed":0,"gold_gain":0,"player_choice":"Lose Max HP","damage_taken":0,"relics_obtained":["Golden Idol"],"max_hp_gain":0,"max_hp_loss":7,"event_name":"Golden Idol","floor":11,"gold_loss":0},{"damage_healed":0,"gold_gain":0,"player_choice":"Paid Gold","damage_taken":0,"relics_obtained":["Art of War"],"max_hp_gain":0,"max_hp_loss":0,"event_name":"WeMeetAgain","floor":14,"gold_loss":98},{"damage_healed":0,"gold_gain":0,"player_choice":"Ignored","damage_taken":0,"max_hp_gain":0,"max_hp_loss":0,"event_name":"Beggar","floor":20,"gold_loss":0},{"damage_healed":0,"gold_gain":0,"player_choice":"Joined the Cult","damage_taken":6,"max_hp_gain":0,"max_hp_loss":0,"event_name":"Nest","floor":21,"gold_loss":0,"cards_obtained":["RitualDagger"]},{"damage_healed":0,"gold_gain":50,"player_choice":"Pray","damage_taken":0,"max_hp_gain":0,"max_hp_loss":0,"event_name":"Golden Shrine","floor":28,"gold_loss":0},{"damage_healed":0,"gold_gain":333,"player_choice":"Gave Idol","damage_taken":0,"max_hp_gain":0,"max_hp_loss":0,"event_name":"The Moai Head","floor":38,"relics_lost":["Golden Idol"],"gold_loss":0},{"damage_healed":0,"gold_gain":0,"player_choice":"Memory 1","damage_taken":0,"max_hp_gain":0,"max_hp_loss":0,"event_name":"SensoryStone","floor":45,"gold_loss":0}],"is_beta":true,"boss_relics":[{"not_picked":["Coffee Dripper","Runic Dome"],"picked":"Philosopher\u0027s Stone"},{"not_picked":["Astrolabe","Calling Bell"],"picked":"Snecko Eye"}],"items_purged_floors":[5,19,39],"is_endless":false,"potions_floor_spawned":[1,2,4,16,18,25,27,33,35,44,46,48,55],"ascension_level":20}