{"gold_per_floor":[118,118,131,131,101,120,120,132,132,147,220,220,73,73,73,73],"floor_reached":16,"playtime":665,"items_purged":[],"score":108,"play_id":"b271cf1c-994b-47ed-9bd9-4bbfabfab964","local_time":"20181208141022","is_ascension_mode":true,"campfire_choices":[{"data":"Backstab","floor":7,"key":"SMITH"},{"data":"Backstab","floor":12,"key":"SMITH"},{"data":"Phantasmal Killer","floor":15,"key":"SMITH"}],"neow_cost":"NONE","seed_source_timestamp":1267454870411659,"circlet_count":0,"master_deck":["Defend_G","Defend_G","Defend_G","Defend_G","Defend_G","Strike_G","Strike_G","Strike_G","Strike_G","Survivor","Neutralize+1","Poisoned Stab","Backstab+1","Blade Dance","Escape Plan","Backstab+1","Phantasmal Killer+1"],"relics":["HoveringKite","Darkstone Periapt","Sundial","Lantern"],"potions_floor_usage":[8,16],"damage_taken":[{"damage":1,"enemies":"Small Slimes","floor":1,"turns":5},{"damage":11,"enemies":"2 Louse","floor":3,"turns":3},{"damage":4,"enemies":"Cultist","floor":6,"turns":3},{"damage":4,"enemies":"Large Slime","floor":8,"turns":5},{"damage":3,"enemies":"Looter","floor":10,"turns":3},{"damage":45,"enemies":"Hexaghost","floor":16,"turns":11}],"seed_played":"-4069614441971105641","potions_obtained":[{"floor":5,"key":"SmokeBomb"},{"floor":5,"key":"Poison Potion"},{"floor":6,"key":"Swift Potion"}],"is_trial":false,"path_per_floor":["M","?","M","?","?","M","R","M","T","M","?","R","$","?","R","B"],"character_chosen":"THE_SILENT","items_purchased":["Lantern"],"campfire_rested":0,"item_purchase_floors":[13],"current_hp_per_floor":[69,69,58,55,55,51,51,47,47,44,44,44,44,44,44,0],"gold":73,"neow_bonus":"BOSS_RELIC","is_prod":false,"is_daily":false,"chose_seed":false,"campfire_upgraded":3,"win_rate":0,"timestamp":1544296222,"path_taken":["M","?","M","?","?","M","R","M","T","?","?","R","$","?","R","BOSS"],"build_version":"2018-12-06","purchased_purges":0,"victory":false,"max_hp_per_floor":[70,70,70,70,70,70,70,70,70,70,70,70,70,70,70,70],"card_choices":[{"not_picked":["Deflect","Outmaneuver"],"picked":"Poisoned Stab","floor":1},{"not_picked":["Backflip","Footwork"],"picked":"Backstab","floor":3},{"not_picked":["PiercingWail","Outmaneuver"],"picked":"Blade Dance","floor":6},{"not_picked":["Tactician","Deflect"],"picked":"Escape Plan","floor":8},{"not_picked":["Terror","Underhanded Strike"],"picked":"Backstab","floor":10}],"player_experience":251603,"relics_obtained":[{"floor":9,"key":"Sundial"}],"event_choices":[{"damage_healed":0,"gold_gain":0,"player_choice":"Grow","damage_taken":0,"max_hp_gain":0,"max_hp_loss":0,"event_name":"Living Wall","floor":2,"gold_loss":0,"cards_upgraded":["Neutralize"]},{"damage_healed":0,"gold_gain":0,"player_choice":"Success","damage_taken":3,"relics_obtained":["Darkstone Periapt"],"max_hp_gain":0,"max_hp_loss":0,"event_name":"Scrap Ooze","floor":4,"gold_loss":0},{"damage_healed":0,"gold_gain":0,"player_choice":"Bought 2 Potions","damage_taken":0,"max_hp_gain":0,"max_hp_loss":0,"event_name":"The Woman in Blue","floor":5,"gold_loss":0},{"damage_healed":0,"gold_gain":73,"player_choice":"Gained Gold","damage_taken":0,"max_hp_gain":0,"max_hp_loss":0,"event_name":"Golden Wing","floor":11,"gold_loss":0},{"damage_healed":0,"gold_gain":0,"cards_transformed":["Strike_G"],"player_choice":"Transformed","damage_taken":0,"max_hp_gain":0,"max_hp_loss":0,"event_name":"Transmorgrifier","floor":14,"gold_loss":0,"cards_obtained":["Phantasmal Killer"]}],"is_beta":false,"boss_relics":[],"items_purged_floors":[],"is_endless":false,"potions_floor_spawned":[6],"killed_by":"Hexaghost","ascension_level":4}