{"gold_per_floor":[117,192,192,142,163,194,214,214],"floor_reached":8,"playtime":394,"items_purged":[],"score":56,"play_id":"68f267da-32b0-493b-92f3-cb3c1d081512","local_time":"20181110165946","is_ascension_mode":false,"campfire_choices":[],"neow_cost":"NONE","seed_source_timestamp":429570734093694,"circlet_count":0,"master_deck":["Strike_B","Strike_B","Strike_B","Strike_B","Defend_B","Defend_B","Zap","Dualcast","Reinforced Body","Tempest","Undo","Chaos","Fusion"],"relics":["Cracked Core","Golden Idol","Question Card"],"potions_floor_usage":[6,8],"damage_taken":[{"damage":1,"enemies":"2 Louse","floor":1,"turns":3},{"damage":6,"enemies":"Jaw Worm","floor":5,"turns":3},{"damage":19,"enemies":"3 Sentries","floor":6,"turns":8},{"damage":0,"enemies":"Cultist","floor":7,"turns":2},{"damage":23,"enemies":"Lagavulin","floor":8,"turns":6}],"seed_played":"4141226912296335535","potions_obtained":[{"floor":5,"key":"EssenceOfSteel"},{"floor":6,"key":"PowerPotion"}],"is_trial":false,"path_per_floor":["M","?","?","?","M","E","M","E"],"character_chosen":"DEFECT","items_purchased":[],"campfire_rested":0,"item_purchase_floors":[],"current_hp_per_floor":[74,63,45,45,39,20,20,0],"gold":214,"neow_bonus":"TRANSFORM_CARD","is_prod":false,"is_daily":false,"chose_seed":false,"campfire_upgraded":0,"win_rate":0.0,"timestamp":1541887186,"path_taken":["M","?","?","?","?","E","M","E"],"build_version":"2018-11-08","purchased_purges":0,"victory":false,"max_hp_per_floor":[75,75,75,75,75,75,75,75],"card_choices":[{"not_picked":["Steam","Go for the Eyes"],"picked":"Tempest","floor":1},{"not_picked":["Barrage","Consume"],"picked":"Undo","floor":5},{"not_picked":["Skim","Conserve Battery"],"picked":"Chaos","floor":6},{"not_picked":["Sweeping Beam","Consume","Steam"],"picked":"Fusion","floor":7}],"player_experience":156979,"relics_obtained":[{"floor":6,"key":"Question Card"}],"event_choices":[{"damage_healed":0,"gold_gain":75,"player_choice":"Gather Gold","damage_taken":11,"max_hp_gain":0,"max_hp_loss":0,"event_name":"World of Goop","floor":2,"gold_loss":0},{"damage_healed":0,"gold_gain":0,"player_choice":"Take Damage","damage_taken":18,"relics_obtained":["Golden Idol"],"max_hp_gain":0,"max_hp_loss":0,"event_name":"Golden Idol","floor":3,"gold_loss":0},{"cards_removed":["Defend_B"],"damage_healed":0,"gold_gain":0,"player_choice":"Card Removal","damage_taken":0,"max_hp_gain":0,"max_hp_loss":0,"event_name":"The Cleric","floor":4,"gold_loss":50}],"is_beta":false,"boss_relics":[],"items_purged_floors":[],"is_endless":false,"potions_floor_spawned":[5,6],"killed_by":"Lagavulin","ascension_level":0}