{"gold_per_floor":[112,125,140,105,32,65,65,75,100,100,116,41,101,120,120,197,197,213,226,325,325,325,325,325],"floor_reached":24,"playtime":2238,"items_purged":["Strike_G"],"score":343,"play_id":"dc8b04a5-d986-491f-8537-2d2696e9cde9","local_time":"20190220131716","is_ascension_mode":true,"campfire_choices":[{"floor":7,"key":"REST"},{"data":"After Image","floor":15,"key":"SMITH"},{"data":"Bouncing Flask","floor":23,"key":"SMITH"}],"neow_cost":"NONE","seed_source_timestamp":1957502887800,"circlet_count":0,"master_deck":["AscendersBane","Defend_G","Defend_G","Defend_G","Defend_G","Defend_G","Strike_G","Strike_G","Strike_G","Survivor","Neutralize","PiercingWail","Noxious Fumes","PiercingWail","Dash","Bouncing Flask+1","Endless Agony","PiercingWail","After Image+1","Tools of the Trade"],"relics":["Ring of the Snake","Vajra","Ancient Tea Set","Tiny Chest","White Beast Statue","Blue Candle"],"potions_floor_usage":[6,16,19,22],"damage_taken":[{"damage":4,"enemies":"Jaw Worm","floor":1,"turns":6},{"damage":2,"enemies":"2 Louse","floor":2,"turns":5},{"damage":7,"enemies":"Small Slimes","floor":3,"turns":5},{"damage":23,"enemies":"Gremlin Nob","floor":6,"turns":6},{"damage":3,"enemies":"Exordium Wildlife","floor":8,"turns":5},{"damage":4,"enemies":"Large Slime","floor":11,"turns":5},{"damage":18,"enemies":"Lagavulin","floor":13,"turns":8},{"damage":3,"enemies":"Red Slaver","floor":14,"turns":4},{"damage":14,"enemies":"The Guardian","floor":16,"turns":11},{"damage":0,"enemies":"3 Byrds","floor":18,"turns":6},{"damage":1,"enemies":"Chosen","floor":19,"turns":6},{"damage":0,"enemies":"Snecko","floor":22,"turns":3},{"damage":63,"enemies":"Gremlin Leader","floor":24,"turns":6}],"seed_played":"5911188245085244945","potions_obtained":[{"floor":1,"key":"Poison Potion"},{"floor":2,"key":"PowerPotion"},{"floor":13,"key":"FearPotion"},{"floor":16,"key":"SmokeBomb"},{"floor":18,"key":"PowerPotion"},{"floor":19,"key":"SteroidPotion"}],"is_trial":false,"path_per_floor":["M","M","M","?","$","E","R","M","T","?","M","$","E","M","R","B",null,"M","M","?","T","M","R","E"],"character_chosen":"THE_SILENT","items_purchased":["Dash"],"campfire_rested":1,"item_purchase_floors":[5],"current_hp_per_floor":[59,57,50,50,50,27,48,45,45,68,64,64,46,43,43,29,60,60,59,59,59,59,59,0],"gold":325,"neow_bonus":"REMOVE_CARD","is_prod":false,"is_daily":false,"chose_seed":false,"campfire_upgraded":2,"win_rate":0,"timestamp":1550686636,"path_taken":["M","M","M","?","$","E","R","M","T","?","M","?","E","M","R","BOSS","M","M","?","?","M","R","E"],"build_version":"2019-01-23","purchased_purges":1,"victory":false,"max_hp_per_floor":[70,70,70,70,70,70,70,70,70,70,70,70,70,70,70,70,70,70,70,70,70,70,70,70],"card_choices":[{"not_picked":["Tactician","Choke"],"picked":"PiercingWail","floor":1},{"not_picked":["Dagger Throw","PiercingWail"],"picked":"Noxious Fumes","floor":2},{"not_picked":["Backflip","Deflect"],"picked":"PiercingWail","floor":3},{"not_picked":["Deflect","Tactician"],"picked":"Bouncing Flask","floor":6},{"not_picked":["Deflect","Setup"],"picked":"Endless Agony","floor":8},{"not_picked":["Concentrate","Phantasmal Killer"],"picked":"PiercingWail","floor":11},{"not_picked":["Distraction","Acrobatics"],"picked":"After Image","floor":13},{"not_picked":["Underhanded Strike","Acrobatics","Poisoned Stab"],"picked":"SKIP","floor":14},{"not_picked":["Envenom","Phantasmal Killer"],"picked":"Tools of the Trade","floor":16},{"not_picked":["Cloak And Dagger","Blade Dance","Riddle With Holes"],"picked":"SKIP","floor":18},{"not_picked":["Outmaneuver","Quick Slash+1","Heel Hook"],"picked":"SKIP","floor":19}],"player_experience":1258952,"relics_obtained":[{"floor":6,"key":"Vajra"},{"floor":9,"key":"Ancient Tea Set"},{"floor":13,"key":"Tiny Chest"},{"floor":21,"key":"Blue Candle"}],"event_choices":[{"damage_healed":0,"gold_gain":0,"player_choice":"Left Gold","damage_taken":0,"max_hp_gain":0,"max_hp_loss":0,"event_name":"World of Goop","floor":4,"gold_loss":35},{"damage_healed":23,"gold_gain":0,"player_choice":"Banana","damage_taken":0,"max_hp_gain":0,"max_hp_loss":0,"event_name":"Big Fish","floor":10,"gold_loss":0},{"damage_healed":0,"gold_gain":99,"player_choice":"Stole From Cult","damage_taken":0,"max_hp_gain":0,"max_hp_loss":0,"event_name":"Nest","floor":20,"gold_loss":0}],"is_beta":false,"boss_relics":[{"not_picked":["Ectoplasm","Fusion Hammer"],"picked":"White Beast Statue"}],"items_purged_floors":[12],"is_endless":false,"potions_floor_spawned":[1,2,13,16,18,19,22],"killed_by":"Gremlin Leader","ascension_level":13}