{"path_per_floor":["M","M","?","M","M","R","M","R","T","R","E","R","M","$","R","B",null,"M","$","?","M","?","R","E","M","T","M","R","M","E","M","R"],"character_chosen":"THE_SILENT","items_purchased":["Anchor","Blood Vial"],"gold_per_floor":[111,127,127,140,154,154,165,165,218,218,253,253,263,41,41,144,174,188,32,32,49,49,49,83,95,149,169,169,180,206,220,220,220],"floor_reached":33,"campfire_rested":1,"playtime":1797,"item_purchase_floors":[14,19],"current_hp_per_floor":[58,58,58,58,55,55,54,54,54,54,32,32,32,32,32,32,66,56,56,37,35,35,35,23,23,23,23,23,23,3,3,14,0],"items_purged":["Defend_G"],"gold":220,"score":534,"play_id":"088b0bc4-f7e8-4a7e-aa1a-12e335ddb5f2","local_time":"20180601044313","is_prod":false,"is_daily":false,"chose_seed":false,"is_ascension_mode":true,"campfire_upgraded":7,"win_rate":0,"timestamp":1527795793,"campfire_choices":[{"data":"All Out Attack","floor":6,"key":"SMITH"},{"data":"Bouncing Flask","floor":8,"key":"SMITH"},{"data":"Neutralize","floor":10,"key":"SMITH"},{"data":"Survivor","floor":12,"key":"SMITH"},{"data":"Backstab","floor":15,"key":"SMITH"},{"data":"Envenom","floor":23,"key":"SMITH"},{"data":"Bane","floor":28,"key":"SMITH"},{"floor":32,"key":"REST"}],"path_taken":["M","M","?","M","M","R","M","R","T","R","E","R","M","$","R","BOSS","M","$","?","M","?","R","E","M","T","M","R","M","E","M","R","BOSS"],"build_version":"2018-05-24","seed_source_timestamp":716381840412588,"purchased_purges":1,"victory":false,"master_deck":["Defend_G+1","Defend_G","Defend_G","Defend_G","Strike_G+1","Strike_G","Strike_G","Strike_G+1","Strike_G","Survivor+1","Neutralize+1","AscendersBane","Bouncing Flask+1","All Out Attack+1","Backstab+1","Envenom+1","Bane+1","Footwork+1","Ghostly","Ghostly","Ghostly","Ghostly","Ghostly","Catalyst","Escape Plan","Well Laid Plans+1","Deadly Poison","Backflip+1"],"max_hp_per_floor":[70,70,70,70,70,70,70,70,70,70,70,70,70,70,70,70,75,75,75,37,37,37,37,37,37,37,37,37,37,37,37,37,37],"relics":["Ring of the Snake","Pen Nib","Toolbox","Anchor","Tiny House","Blood Vial","Happy Flower","Tiny Chest","Whetstone"],"card_choices":[{"not_picked":["Slice","Deflect","Underhanded Strike"],"picked":"SKIP","floor":1},{"not_picked":["Dagger Throw","Expertise"],"picked":"Bouncing Flask","floor":2},{"not_picked":["Flying Knee","Infinite Blades"],"picked":"All Out Attack","floor":4},{"not_picked":["Deadly Poison","Dagger Spray"],"picked":"Backstab","floor":5},{"not_picked":["Bane","Deflect","Heel Hook"],"picked":"SKIP","floor":7},{"not_picked":["Concentrate","Dash","Deflect"],"picked":"SKIP","floor":11},{"not_picked":["Accuracy","Backflip","Sucker Punch"],"picked":"SKIP","floor":13},{"not_picked":["Tactician","Doppelganger"],"picked":"Envenom","floor":16},{"not_picked":["Prepared","Underhanded Strike"],"picked":"Bane","floor":17},{"not_picked":["Deadly Poison","Dagger Spray"],"picked":"Footwork+1","floor":18},{"not_picked":["Poisoned Stab","Riddle With Holes"],"picked":"Catalyst","floor":21},{"not_picked":["Dagger Throw","Flechettes","Sucker Punch"],"picked":"SKIP","floor":24},{"not_picked":["Bullet Time","Cloak And Dagger+1","Slice"],"picked":"SKIP","floor":25},{"not_picked":["Flying Knee","Dagger Throw"],"picked":"Escape Plan","floor":27},{"not_picked":["Dodge and Roll","Slice+1"],"picked":"Well Laid Plans+1","floor":29},{"not_picked":["Bane","Slice+1"],"picked":"Deadly Poison","floor":30},{"not_picked":["Deflect+1","Dagger Spray+1"],"picked":"Backflip+1","floor":31}],"player_experience":733825,"potions_floor_usage":[11,16,16,33],"damage_taken":[{"damage":5,"enemies":"Jaw Worm","floor":1,"turns":7},{"damage":0,"enemies":"Small Slimes","floor":2,"turns":3},{"damage":0,"enemies":"2 Louse","floor":4,"turns":2},{"damage":3,"enemies":"Exordium Wildlife","floor":5,"turns":5},{"damage":1,"enemies":"2 Fungi Beasts","floor":7,"turns":3},{"damage":22,"enemies":"Lagavulin","floor":11,"turns":5},{"damage":0,"enemies":"Blue Slaver","floor":13,"turns":2},{"damage":0,"enemies":"Slime Boss","floor":16,"turns":6},{"damage":10,"enemies":"2 Thieves","floor":18,"turns":4},{"damage":2,"enemies":"Chosen","floor":21,"turns":5},{"damage":14,"enemies":"Book of Stabbing","floor":24,"turns":7},{"damage":2,"enemies":"Centurion and Healer","floor":25,"turns":7},{"damage":2,"enemies":"3 Cultists","floor":27,"turns":6},{"damage":2,"enemies":"Snecko","floor":29,"turns":5},{"damage":32,"enemies":"Gremlin Leader","floor":30,"turns":10},{"damage":2,"enemies":"Chosen and Byrds","floor":31,"turns":6},{"damage":49,"enemies":"Automaton","floor":33,"turns":6}],"relics_obtained":[{"floor":9,"key":"Pen Nib"},{"floor":11,"key":"Toolbox"},{"floor":24,"key":"Happy Flower"},{"floor":26,"key":"Tiny Chest"},{"floor":30,"key":"Whetstone"}],"event_choices":[{"event_name":"Liars Game","player_choice":"disagreed","floor":3,"damage_taken":0},{"event_name":"Ghosts","player_choice":"Became a Ghost","floor":20,"damage_taken":0},{"event_name":"Beggar","player_choice":"Ignored","floor":22,"damage_taken":0}],"boss_relics":[{"not_picked":["Runic Dome","Runic Pyramid"],"picked":"Tiny House"}],"items_purged_floors":[14],"potions_floor_spawned":[2,4,11,13,25,30],"seed_played":"-3936771932703404358","killed_by":"Automaton","ascension_level":10,"potions_obtained":[{"floor":2,"key":"GamblersBrew"},{"floor":4,"key":"AttackPotion"},{"floor":11,"key":"Poison Potion"},{"floor":13,"key":"Strength Potion"},{"floor":17,"key":"FairyPotion"},{"floor":25,"key":"PowerPotion"},{"floor":30,"key":"FearPotion"}],"is_trial":false}