{"path_per_floor":["M","?","?","M","$","R","M","R","T","?","M","$","M","M","R","B",null,"M","M","M","M","M","R","?","R","T","M","$","M","$","M","R"],"character_chosen":"IRONCLAD","items_purchased":["Pummel","Impervious","Metallicize","Shrug It Off"],"gold_per_floor":[117,117,67,86,50,50,67,67,67,67,87,18,28,38,38,134,134,150,167,179,194,206,206,206,206,206,224,18,36,36,46,46],"floor_reached":33,"campfire_rested":3,"playtime":2095,"current_hp_per_floor":[80,80,80,80,80,80,80,80,80,80,80,80,80,80,80,59,80,80,68,42,37,11,35,35,59,59,47,47,39,39,29,53],"items_purged":["Strike_R"],"gold":46,"score":255,"play_id":"ef0ca84f-e01b-4d55-9ade-48d03fbe0c2d","is_prod":false,"is_daily":false,"is_ascension_mode":true,"campfire_upgraded":3,"path_taken":["M","?","?","M","$","R","M","R","T","?","M","$","M","M","R","BOSS","M","M","?","M","M","R","?","R","T","M","?","M","$","?","R","BOSS"],"build_version":"2018-02-15-PROD1","purchased_purges":1,"victory":false,"master_deck":["Strike_R","Defend_R+1","Defend_R","Defend_R","Defend_R","Bash","True Grit+1","Warcry","Pummel","Body Slam+1","Armaments+1","Impervious","Headbutt","Iron Wave","Limit Break","Pommel Strike","Feel No Pain","Body Slam","Metallicize","Shrug It Off","Entrench","Armaments+1"],"max_hp_per_floor":[80,80,80,80,80,80,80,80,80,80,80,80,80,80,80,80,80,80,80,80,80,80,80,80,80,80,80,80,80,80,80,80],"relics":["Burning Blood","Orichalcum","Mark of Pain","Shovel"],"card_choices":[{"not_picked":["Twin Strike","Armaments"],"picked":"True Grit"},{"not_picked":["Clash","Rampage"],"picked":"Warcry"},{"not_picked":["Shrug It Off","Clash"],"picked":"Body Slam"},{"not_picked":["Wild Strike","Spot Weakness"],"picked":"Armaments"},{"not_picked":["Heavy Blade","Warcry"],"picked":"Headbutt"},{"not_picked":["Twin Strike","Rupture"],"picked":"Iron Wave"},{"not_picked":["Exhume","Demon Form"],"picked":"Limit Break"},{"not_picked":["Anger","True Grit"],"picked":"Pommel Strike"},{"not_picked":["Corruption","Flex"],"picked":"Feel No Pain"},{"not_picked":["Double Tap","Pummel"],"picked":"Body Slam"},{"not_picked":["Clash","Rupture"],"picked":"Entrench"},{"not_picked":["Headbutt","Perfected Strike"],"picked":"Armaments"}],"player_experience":167980,"potions_floor_usage":[16,16,22,29,31],"damage_taken":[{"damage":5,"enemies":"Jaw Worm","floor":1,"turns":5},{"damage":1,"enemies":"Cultist","floor":4,"turns":3},{"damage":0,"enemies":"Small Slimes","floor":7,"turns":3},{"damage":5,"enemies":"Exordium Wildlife","floor":11,"turns":6},{"damage":0,"enemies":"Blue Slaver","floor":13,"turns":2},{"damage":0,"enemies":"2 Fungi Beasts","floor":14,"turns":2},{"damage":27,"enemies":"Slime Boss","floor":16,"turns":11},{"damage":1,"enemies":"Spheric Guardian","floor":18,"turns":4},{"damage":18,"enemies":"3 Byrds","floor":19,"turns":8},{"damage":32,"enemies":"Snake Plant","floor":20,"turns":5},{"damage":11,"enemies":"Snecko","floor":21,"turns":6},{"damage":32,"enemies":"Cultist and Chosen","floor":22,"turns":9},{"damage":18,"enemies":"Snake Plant","floor":27,"turns":7},{"damage":14,"enemies":"Chosen and Byrds","floor":29,"turns":8},{"damage":16,"enemies":"Snecko","floor":31,"turns":7},{"damage":58,"enemies":"Automaton","floor":33,"turns":6}],"event_choices":[{"event_name":"Bonfire Elementals","player_choice":"BASIC","floor":2,"damage_taken":0},{"event_name":"The Cleric","player_choice":"Card Removal","floor":3,"damage_taken":0},{"event_name":"Living Wall","player_choice":"Grow","floor":10,"damage_taken":0},{"event_name":"Back to Basics","player_choice":"Elegance","floor":24,"damage_taken":0}],"boss_relics":[{"not_picked":["Runic Pyramid","Tiny House"],"picked":"Mark of Pain"}],"potions_floor_spawned":[11,14,21,22,27,29],"seed_played":"5006572456748383406","killed_by":"Automaton","ascension_level":1,"is_trial":false}