{"gold_per_floor":[117,40,115,48,68,68,79,106,106,281,281,281,126,137,137,239,239,223,148,148,67,81,81,81,91,91,6,38,50,50,115,115,216,216,228,242,312,362],"floor_reached":38,"playtime":2091,"items_purged":["Doubt"],"score":412,"play_id":"8f546f1c-3386-4bff-9584-c493a6d79f37","local_time":"20181110211656","is_ascension_mode":false,"campfire_choices":[{"data":"Defragment","floor":6,"key":"SMITH"},{"data":"Storm","floor":11,"key":"SMITH"},{"floor":15,"key":"REST"},{"data":"Fission","floor":24,"key":"SMITH"},{"floor":32,"key":"REST"}],"neow_cost":"NONE","seed_source_timestamp":443305009514358,"circlet_count":0,"master_deck":["Strike_B","Strike_B","Strike_B","Strike_B","Defend_B","Zap","Dualcast","Reprogram","Storm+1","Defragment+1","Rebound","Beam Cell","Go for the Eyes","Self Repair+1","Double Energy","Echo Form+1","Skim","Static Discharge+1","Go for the Eyes+1","Multi-Cast","Fission+1","Ball Lightning","Biased Cognition+1","Self Repair+1","Ball Lightning","Seek","Shame","Pain","Normality","Chaos+1","Heatsinks+1"],"relics":["Cracked Core","Thread and Needle","Nunchaku","Frozen Egg 2","Lizard Tail","Nilry\u0027s Codex","Gremlin Horn","Dodecahedron","Bag of Marbles","SsserpentHead","Tiny Chest","Calling Bell","Pocketwatch","Singing Bowl","Vajra"],"potions_floor_usage":[8,8,16,16,16,28,31,33,36,38],"damage_taken":[{"damage":1,"enemies":"Cultist","floor":1,"turns":3},{"damage":14,"enemies":"2 Louse","floor":5,"turns":3},{"damage":6,"enemies":"Jaw Worm","floor":7,"turns":3},{"damage":6,"enemies":"Gremlin Nob","floor":8,"turns":3},{"damage":6,"enemies":"Exordium Thugs","floor":14,"turns":3},{"damage":28,"enemies":"Hexaghost","floor":16,"turns":7},{"damage":26,"enemies":"2 Thieves","floor":18,"turns":4},{"damage":11,"enemies":"3 Byrds","floor":22,"turns":3},{"damage":25,"enemies":"Snake Plant","floor":25,"turns":3},{"damage":26,"enemies":"Gremlin Leader","floor":28,"turns":2},{"damage":26,"enemies":"Centurion and Healer","floor":29,"turns":3},{"damage":21,"enemies":"Book of Stabbing","floor":31,"turns":3},{"damage":35,"enemies":"Automaton","floor":33,"turns":6},{"damage":16,"enemies":"Orb Walker","floor":35,"turns":3},{"damage":27,"enemies":"3 Darklings","floor":36,"turns":3},{"damage":37,"enemies":"Writhing Mass","floor":37,"turns":4},{"damage":27,"enemies":"2 Orb Walkers","floor":38,"turns":2}],"seed_played":"7964561074476673692","potions_obtained":[{"floor":0,"key":"Fire Potion"},{"floor":0,"key":"Regen Potion"},{"floor":0,"key":"PowerPotion"},{"floor":8,"key":"PowerPotion"},{"floor":14,"key":"Swift Potion"},{"floor":25,"key":"Regen Potion"},{"floor":29,"key":"GamblersBrew"},{"floor":31,"key":"SpeedPotion"},{"floor":35,"key":"Regen Potion"},{"floor":37,"key":"Fire Potion"}],"is_trial":false,"path_per_floor":["M","$","?","$","M","R","M","E","T","?","R","?","$","M","R","B",null,"M","?","?","$","M","?","R","M","T","?","E","M","?","E","R","B",null,"M","M","M","?"],"character_chosen":"DEFECT","items_purchased":["Storm","Defragment","Self Repair+1","Static Discharge+1"],"campfire_rested":2,"item_purchase_floors":[2,4,13,21],"current_hp_per_floor":[74,74,63,63,49,49,43,46,46,46,46,43,43,37,59,41,75,59,59,43,43,42,42,42,17,17,17,43,27,27,16,38,23,75,77,50,23,0],"gold":362,"neow_bonus":"THREE_SMALL_POTIONS","is_prod":false,"is_daily":false,"chose_seed":false,"campfire_upgraded":3,"win_rate":0.0,"timestamp":1541902616,"path_taken":["M","?","?","?","M","R","?","E","T","?","R","?","?","M","R","BOSS","M","?","?","$","M","?","R","M","T","?","E","M","?","E","R","BOSS","M","M","?","?"],"build_version":"2018-11-08","purchased_purges":1,"victory":false,"max_hp_per_floor":[75,75,75,75,75,75,75,75,75,75,75,75,75,75,75,75,75,75,75,75,75,75,75,75,75,75,75,75,75,75,75,75,75,75,77,77,77,77],"card_choices":[{"not_picked":["Cold Snap","Recycle"],"picked":"Reprogram","floor":1},{"not_picked":["Reinforced Body","Coolheaded"],"picked":"Rebound","floor":5},{"not_picked":["Barrage","Conserve Battery"],"picked":"Beam Cell","floor":7},{"not_picked":["Turbo","Redo"],"picked":"Go for the Eyes","floor":8},{"not_picked":["Barrage","Rebound"],"picked":"Double Energy","floor":14},{"not_picked":["Machine Learning+1","Reboot"],"picked":"Echo Form+1","floor":16},{"not_picked":["Gash","Scrape"],"picked":"Skim","floor":18},{"not_picked":["Streamline","Redo"],"picked":"Go for the Eyes+1","floor":22},{"not_picked":["Hologram+1","Reprogram"],"picked":"Ball Lightning","floor":25},{"not_picked":["Capacitor+1","Multi-Cast"],"picked":"Biased Cognition+1","floor":28},{"not_picked":["Beam Cell","Sunder+1"],"picked":"Self Repair+1","floor":29},{"not_picked":["Rip and Tear","Reprogram"],"picked":"Ball Lightning","floor":31},{"not_picked":["Hyperbeam","Meteor Strike"],"picked":"Seek","floor":33},{"not_picked":["Doom and Gloom","Go for the Eyes","Stack"],"picked":"Singing Bowl","floor":35},{"not_picked":["Coolheaded","Aggregate+1"],"picked":"Chaos+1","floor":36},{"not_picked":["Turbo","Beam Cell+1"],"picked":"Heatsinks+1","floor":37}],"player_experience":169578,"relics_obtained":[{"floor":8,"key":"Thread and Needle"},{"floor":9,"key":"Nunchaku"},{"floor":20,"key":"Nilry\u0027s Codex"},{"floor":26,"key":"Gremlin Horn"},{"floor":28,"key":"Bag of Marbles"},{"floor":31,"key":"Tiny Chest"},{"floor":34,"key":"Pocketwatch"},{"floor":34,"key":"Singing Bowl"},{"floor":34,"key":"Vajra"}],"event_choices":[{"damage_healed":0,"gold_gain":75,"player_choice":"Gather Gold","damage_taken":11,"max_hp_gain":0,"max_hp_loss":0,"event_name":"World of Goop","floor":3,"gold_loss":0},{"damage_healed":0,"gold_gain":175,"player_choice":"AGREE","damage_taken":0,"max_hp_gain":0,"max_hp_loss":0,"event_name":"Liars Game","floor":10,"gold_loss":0,"cards_obtained":["Doubt"]},{"damage_healed":0,"gold_gain":0,"player_choice":"Success","damage_taken":3,"relics_obtained":["Frozen Egg 2"],"max_hp_gain":0,"max_hp_loss":0,"event_name":"Scrap Ooze","floor":12,"gold_loss":0},{"cards_removed":["Defend_B"],"damage_healed":0,"gold_gain":0,"player_choice":"Gave Gold","damage_taken":0,"max_hp_gain":0,"max_hp_loss":0,"event_name":"Beggar","floor":19,"gold_loss":75},{"damage_healed":0,"gold_gain":0,"player_choice":"Obtained Book","damage_taken":16,"max_hp_gain":0,"max_hp_loss":0,"event_name":"Cursed Tome","floor":20,"gold_loss":0},{"damage_healed":0,"gold_gain":0,"cards_transformed":["Defend_B","Defend_B"],"player_choice":"Became Test Subject","damage_taken":0,"max_hp_gain":0,"max_hp_loss":0,"event_name":"Drug Dealer","floor":23,"gold_loss":0,"cards_obtained":["Multi-Cast","Fission"]},{"damage_healed":0,"gold_gain":0,"player_choice":"Obtained Relic","damage_taken":0,"relics_obtained":["Dodecahedron"],"max_hp_gain":0,"max_hp_loss":0,"event_name":"Addict","floor":27,"gold_loss":85},{"damage_healed":0,"gold_gain":0,"player_choice":"Trade","damage_taken":0,"relics_obtained":["SsserpentHead"],"max_hp_gain":0,"max_hp_loss":0,"event_name":"FaceTrader","floor":30,"gold_loss":0},{"damage_healed":0,"gold_gain":0,"player_choice":"Fight","damage_taken":0,"max_hp_gain":0,"max_hp_loss":0,"event_name":"Mysterious Sphere","floor":38,"gold_loss":0}],"is_beta":false,"boss_relics":[{"not_picked":["Eternal Feather","Cursed Key"],"picked":"Lizard Tail"},{"not_picked":["Philosopher\u0027s Stone","FrozenCore"],"picked":"Calling Bell"}],"items_purged_floors":[13],"is_endless":false,"potions_floor_spawned":[8,14,25,29,31,35,37],"killed_by":"2 Orb Walkers","ascension_level":0}