{"path_per_floor":["M","M","?","$","?","E","R","M","T","M","E","$","?","M","R","B",null,"M","?","?","$","T","R","M","M","T"],"character_chosen":"THE_SILENT","items_purchased":["Footwork","Backstab","Cloak And Dagger","A Thousand Cuts","Malaise","Well Laid Plans"],"gold_per_floor":[111,122,297,13,13,46,46,63,117,128,161,17,17,29,29,132,162,176,176,176,38,38,38,56,66,91,91],"floor_reached":27,"campfire_rested":0,"playtime":1099,"current_hp_per_floor":[63,63,63,63,56,56,56,56,56,54,53,53,53,53,53,32,66,52,52,52,52,52,52,42,19,19,17],"items_purged":["Doubt","Strike_G"],"gold":91,"score":320,"play_id":"854d5d3d-70d1-4b05-a33d-98cce40e5672","local_time":"20180419163212","is_prod":false,"is_daily":false,"chose_seed":false,"is_ascension_mode":true,"campfire_upgraded":3,"timestamp":1524169932,"path_taken":["M","M","?","$","?","E","R","M","T","M","E","$","?","M","R","BOSS","M","?","?","$","?","R","M","M","T","M"],"build_version":"2018-04-12","seed_source_timestamp":439701001690881,"purchased_purges":2,"victory":false,"master_deck":["Defend_G+1","Defend_G","Defend_G","Defend_G","Defend_G","Strike_G","Strike_G","Strike_G","Strike_G+1","Survivor","Neutralize","Footwork+1","Backstab","Cloak And Dagger","Dash","Noxious Fumes","PiercingWail","A Thousand Cuts+1","Malaise+1","All Out Attack","After Image+1","Backflip","Backstab","A Thousand Cuts+1","Well Laid Plans","Acrobatics"],"max_hp_per_floor":[70,70,70,70,70,70,70,70,70,70,70,70,70,70,70,70,75,75,75,75,75,75,75,75,75,75,75],"relics":["Ring of the Snake","NeowsBlessing","Juzu Bracelet","Bag of Preparation","Tiny Chest","Anchor","The Courier","Tiny House","War Paint","Orichalcum"],"card_choices":[{"not_picked":["Sucker Punch","Outmaneuver"],"picked":"Dash","floor":6},{"not_picked":["Reflex","Malaise"],"picked":"Noxious Fumes","floor":8},{"not_picked":["Flying Knee","Deadly Poison"],"picked":"PiercingWail","floor":10},{"not_picked":["PiercingWail","Eviscerate"],"picked":"All Out Attack","floor":14},{"not_picked":["Unload","Glass Knife"],"picked":"After Image","floor":16},{"not_picked":["Dagger Throw","Flying Knee"],"picked":"Backflip","floor":17},{"not_picked":["Slice","Skewer"],"picked":"Backstab","floor":18},{"not_picked":["Sucker Punch","Dagger Spray"],"picked":"Acrobatics","floor":24}],"player_experience":478663,"potions_floor_usage":[11,16,16,27,27],"damage_taken":[{"damage":0,"enemies":"2 Louse","floor":1,"turns":1},{"damage":0,"enemies":"Small Slimes","floor":2,"turns":1},{"damage":0,"enemies":"3 Sentries","floor":6,"turns":1},{"damage":0,"enemies":"Jaw Worm","floor":8,"turns":3},{"damage":2,"enemies":"3 Louse","floor":10,"turns":4},{"damage":1,"enemies":"Lagavulin","floor":11,"turns":7},{"damage":0,"enemies":"Blue Slaver","floor":14,"turns":3},{"damage":36,"enemies":"Slime Boss","floor":16,"turns":8},{"damage":14,"enemies":"Shell Parasite","floor":18,"turns":7},{"damage":10,"enemies":"Spheric Guardian","floor":24,"turns":5},{"damage":23,"enemies":"3 Cultists","floor":25,"turns":5},{"damage":5,"enemies":"Chosen and Byrds","floor":27,"turns":3}],"event_choices":[{"event_name":"Liars Game","player_choice":"agreed","floor":3,"damage_taken":0},{"event_name":"Scrap Ooze","player_choice":"success","floor":5,"damage_taken":7},{"event_name":"Dead Adventurer","player_choice":"Searched \u00272\u0027 times","floor":13,"damage_taken":0},{"event_name":"Duplicator","player_choice":"One dupe","floor":19,"damage_taken":0},{"event_name":"Ghosts","player_choice":"Ignored","floor":20,"damage_taken":0}],"boss_relics":[{"not_picked":["Snecko Eye","Eternal Feather"],"picked":"Tiny House"}],"potions_floor_spawned":[1,6,11,14,16,24,25],"seed_played":"-5838813323050496961","killed_by":"Chosen and Byrds","ascension_level":6,"is_trial":false}