{"path_per_floor":["M","$","M","?","M","R","M","M","T","M","M","?","M","?","R","B",null,"M","?","?","M","M","R","T"],"character_chosen":"IRONCLAD","items_purchased":["Armaments"],"gold_per_floor":[110,65,78,153,171,171,184,200,200,182,195,295,305,305,305,402,432,443,643,643,633,647,647,673],"floor_reached":25,"campfire_rested":1,"playtime":1734,"current_hp_per_floor":[69,69,55,44,43,43,17,16,16,13,13,13,19,19,40,10,77,74,74,74,57,29,29,29],"items_purged":[],"gold":673,"score":236,"play_id":"b8cd310f-e727-45ec-b059-09a27688a968","local_time":"20180318231749","is_prod":false,"is_daily":false,"is_ascension_mode":true,"campfire_upgraded":2,"timestamp":1521429469,"path_taken":["M","$","M","?","M","R","M","M","T","M","?","?","M","?","R","BOSS","M","?","?","M","M","R","?","M"],"build_version":"2018-03-15v3","purchased_purges":0,"victory":false,"master_deck":["Strike_R","Strike_R","Strike_R","Strike_R","Strike_R","Defend_R+1","Defend_R","Defend_R","Defend_R","Bash","Juggernaut+1","Shrug It Off","Armaments","Warcry","Metallicize","Armaments+1","True Grit+1","Armaments","Shrug It Off","Warcry"],"max_hp_per_floor":[72,72,72,72,72,72,72,72,72,72,72,72,72,72,72,72,77,77,77,77,77,77,77,77],"relics":["Burning Blood","Charon\u0027s Ashes","Tiny House","Lantern"],"card_choices":[{"not_picked":["Dark Embrace","Reaper"],"picked":"Juggernaut"},{"not_picked":["Spot Weakness","Fire Breathing"],"picked":"Shrug It Off"},{"not_picked":["Flex","Clothesline"],"picked":"Warcry"},{"not_picked":["Flame Barrier","Cleave"],"picked":"Metallicize"},{"not_picked":["Heavy Blade","Headbutt"],"picked":"Armaments"},{"not_picked":["Clothesline","Warcry"],"picked":"True Grit"},{"not_picked":["Flex","Perfected Strike"],"picked":"Armaments"},{"not_picked":["Clothesline","Flex"],"picked":"Warcry"}],"player_experience":294853,"potions_floor_usage":[8,13,13,16,22],"damage_taken":[{"damage":9,"enemies":"Jaw Worm","floor":1,"turns":6},{"damage":20,"enemies":"Small Slimes","floor":3,"turns":5},{"damage":7,"enemies":"2 Louse","floor":5,"turns":3},{"damage":32,"enemies":"Gremlin Gang","floor":7,"turns":7},{"damage":7,"enemies":"Looter","floor":8,"turns":3},{"damage":9,"enemies":"Exordium Thugs","floor":10,"turns":5},{"damage":6,"enemies":"2 Fungi Beasts","floor":11,"turns":4},{"damage":15,"enemies":"Lots of Slimes","floor":13,"turns":7},{"damage":36,"enemies":"Slime Boss","floor":16,"turns":13},{"damage":9,"enemies":"Shell Parasite","floor":18,"turns":7},{"damage":23,"enemies":"2 Thieves","floor":21,"turns":5},{"damage":49,"enemies":"3 Cultists","floor":22,"turns":8},{"damage":39,"enemies":"Centurion and Healer","floor":25,"turns":13}],"event_choices":[{"event_name":"World of Goop","player_choice":"Gather Gold","floor":4,"damage_taken":0},{"event_name":"Golden Shrine","player_choice":"Pray","floor":12,"damage_taken":0},{"event_name":"Upgrade Shrine","player_choice":"Upgraded","floor":14,"damage_taken":0},{"event_name":"The Joust","player_choice":"Bet on Owner","floor":19,"damage_taken":0},{"event_name":"The Library","player_choice":"Read","floor":20,"damage_taken":0}],"boss_relics":[{"not_picked":["Philosopher\u0027s Stone","Question Card"],"picked":"Tiny House"}],"potions_floor_spawned":[3,7,8,11,13,18],"seed_played":"5367708323194943166","killed_by":"Centurion and Healer","ascension_level":4,"is_trial":false}