{"gold_per_floor":[112,132,16,34,48,48,83,112,147,177,199,211,242,254,266,356,368,396,418,430,442,504,516,545,557,569,614,644,90,90],"floor_reached":30,"playtime":2451,"items_purged":["Strike_G"],"score":419,"play_id":"c37fdd93-63ac-4d31-8e63-d026ff5d9ad4","local_time":"20190220235601","is_ascension_mode":true,"campfire_choices":[{"data":"Deadly Poison","floor":6,"key":"SMITH"},{"floor":15,"key":"REST"},{"floor":23,"key":"REST"},{"floor":25,"key":"REST"}],"neow_cost":"NONE","seed_source_timestamp":40073640722800,"circlet_count":0,"master_deck":["AscendersBane","Defend_G","Defend_G","Defend_G","Defend_G","Defend_G","Strike_G","Strike_G","Strike_G","Strike_G","Survivor","Neutralize+1","Deadly Poison+1","Catalyst","Caltrops","PiercingWail","Infinite Blades","Infinite Blades","PiercingWail","Bouncing Flask","Poisoned Stab","Parasite","PiercingWail","Unload","Backflip","Skewer","After Image","Deflect+1","Well Laid Plans","Finesse"],"relics":["Ring of the Snake","Blood Vial","MawBank","Bag of Marbles","Lizard Tail","Nilry\u0027s Codex","Blue Candle","Oddly Smooth Stone","Membership Card","Mercury Hourglass","Sundial"],"potions_floor_usage":[7,8,16,19,24,27,28,30,30],"damage_taken":[{"damage":1,"enemies":"2 Louse","floor":1,"turns":3},{"damage":0,"enemies":"Small Slimes","floor":2,"turns":4},{"damage":6,"enemies":"Cultist","floor":4,"turns":4},{"damage":17,"enemies":"Exordium Thugs","floor":5,"turns":6},{"damage":31,"enemies":"Gremlin Nob","floor":7,"turns":5},{"damage":13,"enemies":"Gremlin Gang","floor":8,"turns":7},{"damage":1,"enemies":"Red Slaver","floor":10,"turns":5},{"damage":0,"enemies":"2 Fungi Beasts","floor":11,"turns":4},{"damage":24,"enemies":"Gremlin Gang","floor":13,"turns":7},{"damage":8,"enemies":"Hexaghost","floor":16,"turns":9},{"damage":1,"enemies":"Chosen","floor":18,"turns":5},{"damage":22,"enemies":"Shell Parasite","floor":19,"turns":7},{"damage":21,"enemies":"Snake Plant","floor":24,"turns":5},{"damage":33,"enemies":"Book of Stabbing","floor":27,"turns":6},{"damage":57,"enemies":"Chosen and Byrds","floor":28,"turns":9},{"damage":8,"enemies":"Slavers","floor":30,"turns":2}],"seed_played":"8755381573265557726","potions_obtained":[{"floor":4,"key":"Energy Potion"},{"floor":7,"key":"Dexterity Potion"},{"floor":11,"key":"Ancient Potion"},{"floor":13,"key":"PowerPotion"},{"floor":16,"key":"SneckoOil"},{"floor":19,"key":"PowerPotion"},{"floor":24,"key":"LiquidBronze"},{"floor":27,"key":"Fire Potion"}],"is_trial":false,"path_per_floor":["M","M","$","M","M","R","E","M","T","M","M","?","M","?","R","B",null,"M","M","?","?","?","R","M","R","T","E","M","$","E"],"character_chosen":"THE_SILENT","items_purchased":["Catalyst","Caltrops","Membership Card","Mercury Hourglass","Well Laid Plans","Finesse","Explosive Potion","Sundial"],"campfire_rested":3,"item_purchase_floors":[3,3,29,29,29,29,29,29],"current_hp_per_floor":[64,66,66,62,47,47,18,7,7,8,10,27,5,5,26,20,58,59,39,39,23,23,44,25,46,46,15,1,1,0],"gold":90,"neow_bonus":"RANDOM_COMMON_RELIC","is_prod":false,"is_daily":false,"chose_seed":false,"campfire_upgraded":1,"win_rate":0,"timestamp":1550724961,"path_taken":["M","M","$","M","M","R","E","M","T","M","M","?","M","?","R","BOSS","M","M","?","?","?","R","M","R","T","E","?","$","E"],"build_version":"2019-01-23","purchased_purges":1,"victory":false,"max_hp_per_floor":[70,70,70,70,70,70,70,70,70,70,70,70,70,70,70,70,70,70,70,70,70,70,70,70,70,70,70,70,70,70],"card_choices":[{"not_picked":["Slice","Underhanded Strike"],"picked":"Deadly Poison","floor":1},{"not_picked":["Bane","Heel Hook","Flying Knee"],"picked":"SKIP","floor":2},{"not_picked":["Dagger Spray","Flechettes"],"picked":"PiercingWail","floor":4},{"not_picked":["Eviscerate","Doppelganger"],"picked":"Infinite Blades","floor":5},{"not_picked":["Dodge and Roll","Backstab"],"picked":"Infinite Blades","floor":7},{"not_picked":["Outmaneuver","Cloak And Dagger"],"picked":"PiercingWail","floor":8},{"not_picked":["Finisher","Riddle With Holes"],"picked":"Bouncing Flask","floor":10},{"not_picked":["Acrobatics","Calculated Gamble"],"picked":"Poisoned Stab","floor":11},{"not_picked":["Deflect","Cloak And Dagger"],"picked":"PiercingWail","floor":13},{"not_picked":["Doppelganger","Phantasmal Killer"],"picked":"Unload","floor":16},{"not_picked":["Slice","Bane"],"picked":"Backflip","floor":18},{"not_picked":["Deflect","Eviscerate"],"picked":"Skewer","floor":19},{"not_picked":["Riddle With Holes","Prepared","Slice"],"picked":"SKIP","floor":24},{"not_picked":["Calculated Gamble+1","Catalyst"],"picked":"After Image","floor":27},{"not_picked":["Dagger Spray","Choke"],"picked":"Deflect+1","floor":28}],"player_experience":1268862,"relics_obtained":[{"floor":7,"key":"MawBank"},{"floor":9,"key":"Bag of Marbles"},{"floor":21,"key":"Nilry\u0027s Codex"},{"floor":26,"key":"Blue Candle"},{"floor":27,"key":"Oddly Smooth Stone"}],"event_choices":[{"damage_healed":17,"gold_gain":0,"player_choice":"Healed and dodged fight","damage_taken":0,"max_hp_gain":0,"max_hp_loss":0,"event_name":"Mushrooms","floor":12,"gold_loss":0,"cards_obtained":["Parasite"]},{"damage_healed":0,"gold_gain":0,"player_choice":"Grow","damage_taken":0,"max_hp_gain":0,"max_hp_loss":0,"event_name":"Living Wall","floor":14,"gold_loss":0,"cards_upgraded":["Neutralize"]},{"damage_healed":0,"gold_gain":0,"player_choice":"Ignored","damage_taken":0,"max_hp_gain":0,"max_hp_loss":0,"event_name":"Ghosts","floor":20,"gold_loss":0},{"damage_healed":0,"gold_gain":0,"player_choice":"Obtained Book","damage_taken":16,"max_hp_gain":0,"max_hp_loss":0,"event_name":"Cursed Tome","floor":21,"gold_loss":0},{"damage_healed":0,"gold_gain":100,"player_choice":"Bet on Murderer","damage_taken":0,"max_hp_gain":0,"max_hp_loss":0,"event_name":"The Joust","floor":22,"gold_loss":50}],"is_beta":false,"boss_relics":[{"not_picked":["Runic Dome","HoveringKite"],"picked":"Lizard Tail"}],"items_purged_floors":[29],"is_endless":false,"potions_floor_spawned":[4,7,11,13,16,19,24,27],"killed_by":"Slavers","ascension_level":13}