{"path_per_floor":["M","?","M","M","$","R","M","R","T","R","M","M","?","M","R","B",null,"M","$","?","?","?","R"],"character_chosen":"IRONCLAD","items_purchased":["Metallicize","Shrug It Off","Twin Strike","Flame Barrier","Shrug It Off","Cleave"],"gold_per_floor":[111,111,128,138,7,7,25,25,25,25,37,47,47,61,61,157,157,171,19,19,19,19,19],"floor_reached":24,"campfire_rested":1,"playtime":1317,"current_hp_per_floor":[81,81,78,84,84,84,82,82,82,82,85,80,77,68,88,52,88,88,88,88,73,73,73],"items_purged":[],"gold":19,"play_id":"3fbc9c52-9d08-4af7-9cba-820f97b65981","is_prod":false,"is_daily":false,"is_ascension_mode":false,"campfire_upgraded":4,"path_taken":["M","?","?","M","$","R","M","R","T","R","M","M","?","M","R","BOSS","M","$","?","?","?","R","E"],"build_version":"2018-02-01-PROD3","purchased_purges":0,"victory":false,"master_deck":["Strike_R","Strike_R","Strike_R","Strike_R","Strike_R","Defend_R","Defend_R","Defend_R","Defend_R","Bash","Iron Wave","Heavy Blade+1","Bloodletting+1","Metallicize","Shrug It Off","Twin Strike+1","Sword Boomerang","Armaments","Headbutt","Clothesline","Juggernaut","Pummel","Flame Barrier","Shrug It Off","Cleave","Flex+1"],"max_hp_per_floor":[88,88,88,88,88,88,88,88,88,88,88,88,88,88,88,88,88,88,88,88,93,93,93],"relics":["Burning Blood","Bottled Flame","Dodecahedron","Mark of Pain"],"card_choices":[{"not_picked":["Clash","Searing Blow"],"picked":"Iron Wave"},{"not_picked":["Clash","Second Wind"],"picked":"Heavy Blade"},{"not_picked":["Reckless Charge","Spot Weakness"],"picked":"Bloodletting"},{"not_picked":["Clash","Pommel Strike"],"picked":"Sword Boomerang"},{"not_picked":["Perfected Strike","Shockwave"],"picked":"Armaments"},{"not_picked":["True Grit","Reckless Charge"],"picked":"Headbutt"},{"not_picked":["Dual Wield","Spot Weakness"],"picked":"Clothesline"},{"not_picked":["Offering","Limit Break"],"picked":"Juggernaut"},{"not_picked":["Iron Wave","Shrug It Off"],"picked":"Pummel"}],"player_experience":24114,"potions_floor_usage":[16,16,24],"damage_taken":[{"damage":13,"enemies":"Jaw Worm","floor":1,"turns":6},{"damage":9,"enemies":"Blue Slaver","floor":3,"turns":5},{"damage":0,"enemies":"Cultist","floor":4,"turns":3},{"damage":8,"enemies":"Lots of Slimes","floor":7,"turns":5},{"damage":3,"enemies":"3 Louse","floor":11,"turns":3},{"damage":11,"enemies":"2 Fungi Beasts","floor":12,"turns":3},{"damage":15,"enemies":"Gremlin Gang","floor":14,"turns":4},{"damage":57,"enemies":"Slime Boss","floor":16,"turns":17},{"damage":2,"enemies":"Chosen","floor":18,"turns":4},{"damage":82,"enemies":"Gremlin Leader","floor":24,"turns":4}],"event_choices":[{"event_name":"The Lab","player_choice":"Got Potions","floor":2,"damage_taken":0},{"event_name":"Scrap Ooze","player_choice":"success","floor":13,"damage_taken":3},{"event_name":"The Library","player_choice":"Read","floor":20,"damage_taken":0},{"event_name":"Forgotten Altar","player_choice":"Shed Blood","floor":21,"damage_taken":0},{"event_name":"Addict","player_choice":"Ignored","floor":22,"damage_taken":0}],"boss_relics":[{"not_picked":["Calling Bell","Ectoplasm"],"picked":"Mark of Pain"}],"potions_floor_spawned":[4,7,11,14,18],"seed_played":"-6894225231468848158","killed_by":"Gremlin Leader","ascension_level":0,"is_trial":false}