{"path_per_floor":["M","M","M","M","?","E","R","?","T","R","M","$","M","E","R","B",null,"M","?","?","M","$","E","R","E","T","R","M"],"character_chosen":"IRONCLAD","items_purchased":["Omamori","Iron Wave","True Grit","Evolve"],"gold_per_floor":[218,233,253,271,271,305,305,305,305,305,315,21,34,69,69,169,169,154,154,69,80,5,33,33,63,133,133,150],"floor_reached":29,"campfire_rested":4,"playtime":2892,"current_hp_per_floor":[69,54,60,47,29,10,34,34,34,58,54,54,50,26,50,28,80,78,78,78,81,81,45,75,45,45,45,33],"items_purged":["Strike_R"],"gold":150,"score":353,"play_id":"e9624c64-74e0-440a-898b-5ad3f84022e2","is_prod":false,"is_daily":false,"is_ascension_mode":true,"campfire_upgraded":1,"path_taken":["M","?","M","M","?","E","R","?","T","R","M","$","M","E","R","BOSS","M","?","?","M","$","E","R","E","T","R","M","E"],"build_version":"2018-02-08-BETA1","purchased_purges":1,"victory":false,"master_deck":["Strike_R","Strike_R","Strike_R","Strike_R","Defend_R","Defend_R","Defend_R","Defend_R","Bash","Flex","Iron Wave","Pommel Strike","Demon Form","Armaments","Iron Wave","True Grit","Heavy Blade","Armaments","Feed","Havoc+1","Evolve","Evolve","Heavy Blade","Corruption"],"max_hp_per_floor":[80,80,80,80,80,80,80,80,80,80,80,80,80,80,80,80,80,80,80,80,83,83,100,100,103,103,103,103],"relics":["Burning Blood","Paper Frog","Matryoshka","Juzu Bracelet","Ice Cream","Omamori","Lantern","Cursed Key","Letter Opener","Mango","Ornamental Fan","Meat on the Bone","Mercury Hourglass"],"card_choices":[{"not_picked":["Clothesline","Twin Strike"],"picked":"Flex"},{"not_picked":["Sever Soul","Twin Strike"],"picked":"Iron Wave"},{"not_picked":["Sword Boomerang","Body Slam"],"picked":"Pommel Strike"},{"not_picked":["Clothesline","Combust"],"picked":"Demon Form"},{"not_picked":["Sword Boomerang","Headbutt"],"picked":"Armaments"},{"not_picked":["Sever Soul","Twin Strike"],"picked":"Heavy Blade"},{"not_picked":["True Grit","Flame Barrier"],"picked":"Armaments"},{"not_picked":["Berserk","Exhume"],"picked":"Feed"},{"not_picked":["Wild Strike","Uppercut"],"picked":"Havoc"},{"not_picked":["Clothesline","Intimidate"],"picked":"Evolve"},{"not_picked":["Clothesline","Warcry"],"picked":"Heavy Blade"},{"not_picked":["Feed","Wild Strike"],"picked":"Corruption"}],"player_experience":66804,"potions_floor_usage":[6,14,25,25,28,29],"damage_taken":[{"damage":17,"enemies":"Blue Slaver","floor":1,"turns":6},{"damage":21,"enemies":"Jaw Worm","floor":2,"turns":4},{"damage":0,"enemies":"Cultist","floor":3,"turns":4},{"damage":19,"enemies":"Exordium Thugs","floor":4,"turns":7},{"damage":25,"enemies":"Lagavulin","floor":6,"turns":7},{"damage":10,"enemies":"3 Louse","floor":11,"turns":4},{"damage":10,"enemies":"Looter","floor":13,"turns":4},{"damage":30,"enemies":"Gremlin Nob","floor":14,"turns":5},{"damage":28,"enemies":"Slime Boss","floor":16,"turns":9},{"damage":8,"enemies":"2 Thieves","floor":18,"turns":4},{"damage":6,"enemies":"Shell Parasite","floor":21,"turns":6},{"damage":59,"enemies":"Book of Stabbing","floor":23,"turns":6},{"damage":39,"enemies":"Slavers","floor":25,"turns":5},{"damage":30,"enemies":"Snake Plant","floor":28,"turns":4},{"damage":35,"enemies":"Book of Stabbing","floor":29,"turns":5}],"event_choices":[{"event_name":"Scrap Ooze","player_choice":"success","floor":5,"damage_taken":18},{"event_name":"Liars Game","player_choice":"disagreed","floor":8,"damage_taken":0},{"event_name":"Drug Dealer","player_choice":"Ignored","floor":19,"damage_taken":0},{"event_name":"Addict","player_choice":"Obtained Relic","floor":20,"damage_taken":0}],"boss_relics":[{"not_picked":["Sozu","Runic Cube"],"picked":"Cursed Key"}],"potions_floor_spawned":[4,13,14,16,23,25],"seed_played":"3398854336755302697","killed_by":"Book of Stabbing","ascension_level":4,"is_trial":false}