{"path_per_floor":["M","?","M","?","M","R","E","M","T","M","?","M","R","M","R","B",null,"M","?","$","M","M"],"character_chosen":"IRONCLAD","items_purchased":["Mango","Blood Vial"],"gold_per_floor":[115,115,126,201,216,216,246,259,259,277,338,349,349,363,363,462,462,472,472,35,51,65],"floor_reached":23,"campfire_rested":2,"playtime":1562,"current_hp_per_floor":[80,80,61,50,47,71,54,51,51,51,51,45,45,45,80,71,80,61,45,59,56,56],"items_purged":[],"gold":65,"score":195,"play_id":"a1bce94f-f38f-4002-85d3-212cea4875e5","is_prod":false,"is_daily":false,"is_ascension_mode":false,"campfire_upgraded":1,"path_taken":["M","?","M","?","M","R","E","M","T","M","?","M","R","?","R","BOSS","M","?","$","?","M","E"],"build_version":"2018-02-08-PROD1","purchased_purges":0,"victory":false,"master_deck":["Strike_R","Strike_R","Strike_R","Strike_R","Strike_R","Defend_R","Defend_R","Defend_R","Defend_R","Bash+1","Body Slam+1","Shrug It Off","Armaments","Shockwave","Metallicize+1","Impervious","Body Slam","Armaments","Juggernaut","Armaments+1","Warcry","Power Through+1"],"max_hp_per_floor":[80,80,80,80,80,80,80,80,80,80,80,80,80,80,80,80,80,80,80,94,94,94],"relics":["Burning Blood","Girya","Regal Pillow","Eternal Feather","Enchiridion","Mango","Blood Vial"],"card_choices":[{"not_picked":["Disarm","Iron Wave"],"picked":"Body Slam"},{"not_picked":["Disarm","Pommel Strike"],"picked":"Shrug It Off"},{"not_picked":["Shrug It Off","Sever Soul"],"picked":"Armaments"},{"not_picked":["Sever Soul","Reckless Charge"],"picked":"Shockwave"},{"not_picked":["Spot Weakness","Body Slam"],"picked":"Metallicize"},{"not_picked":["Shockwave","Body Slam"],"picked":"Impervious"},{"not_picked":["Dropkick","Bloodletting"],"picked":"Body Slam"},{"not_picked":["Sword Boomerang","Rupture"],"picked":"Armaments"},{"not_picked":["Immolate","Reaper"],"picked":"Juggernaut"},{"not_picked":["Thunderclap","Warcry"],"picked":"Armaments"},{"not_picked":["Sword Boomerang","Blood for Blood"],"picked":"Warcry"},{"not_picked":["Second Wind","Clothesline"],"picked":"Power Through"}],"player_experience":87607,"potions_floor_usage":[16,23],"damage_taken":[{"damage":6,"enemies":"Cultist","floor":1,"turns":3},{"damage":25,"enemies":"Jaw Worm","floor":3,"turns":4},{"damage":9,"enemies":"Blue Slaver","floor":5,"turns":5},{"damage":23,"enemies":"3 Sentries","floor":7,"turns":11},{"damage":9,"enemies":"Looter","floor":8,"turns":3},{"damage":6,"enemies":"Exordium Thugs","floor":10,"turns":5},{"damage":12,"enemies":"Gremlin Gang","floor":12,"turns":7},{"damage":6,"enemies":"Looter","floor":14,"turns":3},{"damage":15,"enemies":"The Guardian","floor":16,"turns":9},{"damage":25,"enemies":"Shell Parasite","floor":18,"turns":6},{"damage":11,"enemies":"Spheric Guardian","floor":21,"turns":5},{"damage":8,"enemies":"Centurion and Healer","floor":22,"turns":7},{"damage":60,"enemies":"Gremlin Leader","floor":23,"turns":9}],"event_choices":[{"event_name":"Living Wall","player_choice":"Grow","floor":2,"damage_taken":0},{"event_name":"World of Goop","player_choice":"Gather Gold","floor":4,"damage_taken":0},{"event_name":"Golden Wing","player_choice":"Gained Gold","floor":11,"damage_taken":0},{"event_name":"Cursed Tome","player_choice":"Obtained Book","floor":19,"damage_taken":0}],"boss_relics":[{"not_picked":["Runic Dome","Question Card"],"picked":"Eternal Feather"}],"potions_floor_spawned":[1,10,14,16],"seed_played":"-2127337713821140057","killed_by":"Gremlin Leader","ascension_level":0,"is_trial":false}