{"gold_per_floor":[365,385,24,35,53,53,87,87,87,115,135,91,16,16,16,16],"floor_reached":16,"playtime":1046,"items_purged":[],"score":224,"play_id":"d9585307-f034-4985-aacd-01ad6774ab2d","local_time":"20181219140928","is_ascension_mode":true,"campfire_choices":[{"floor":6,"key":"REST"},{"floor":8,"key":"REST"},{"floor":15,"key":"REST"}],"neow_cost":"CURSE","seed_source_timestamp":415548394149955,"circlet_count":0,"master_deck":["AscendersBane","Defend_G","Defend_G","Defend_G","Defend_G","Defend_G","Strike_G","Strike_G","Strike_G","Strike_G","Strike_G","Survivor","Neutralize","Deadly Poison","Cloak And Dagger","Noxious Fumes","Calculated Gamble+1","Blur+1","Malaise+1","Cloak And Dagger+1"],"relics":["Ring of the Snake","Toxic Egg 2","Mango","Pocketwatch"],"potions_floor_usage":[7,10],"damage_taken":[{"damage":2,"enemies":"2 Louse","floor":1,"turns":5},{"damage":0,"enemies":"Small Slimes","floor":2,"turns":4},{"damage":1,"enemies":"Jaw Worm","floor":4,"turns":5},{"damage":21,"enemies":"Gremlin Gang","floor":5,"turns":5},{"damage":49,"enemies":"Gremlin Nob","floor":7,"turns":6},{"damage":13,"enemies":"3 Sentries","floor":10,"turns":8},{"damage":0,"enemies":"Blue Slaver","floor":11,"turns":6},{"damage":6,"enemies":"Exordium Thugs","floor":12,"turns":6},{"damage":48,"enemies":"Slime Boss","floor":16,"turns":12}],"seed_played":"-5449913420315227079","potions_obtained":[{"floor":2,"key":"Ancient Potion"},{"floor":7,"key":"AttackPotion"},{"floor":10,"key":"LiquidBronze"}],"is_trial":false,"path_per_floor":["M","M","$","M","M","R","E","R","T","E","M","M","?","?","R","B"],"character_chosen":"THE_SILENT","items_purchased":["Noxious Fumes","Toxic Egg 2"],"campfire_rested":3,"item_purchase_floors":[3,3],"current_hp_per_floor":[57,57,57,56,35,54,5,24,38,25,25,19,19,19,43,0],"gold":16,"neow_bonus":"TWO_FIFTY_GOLD","is_prod":false,"is_daily":false,"chose_seed":false,"campfire_upgraded":0,"win_rate":0,"timestamp":1545257368,"path_taken":["M","M","$","M","M","R","E","R","T","E","M","M","?","?","R","BOSS"],"build_version":"2018-12-17","purchased_purges":0,"victory":false,"max_hp_per_floor":[66,66,66,66,66,66,66,66,80,80,80,80,80,80,80,80],"card_choices":[{"not_picked":["Leg Sweep","Flying Knee"],"picked":"Deadly Poison","floor":1},{"not_picked":["Distraction","Acrobatics"],"picked":"Cloak And Dagger","floor":2},{"not_picked":["Eviscerate","Bane"],"picked":"Calculated Gamble+1","floor":4},{"not_picked":["All Out Attack","Heel Hook"],"picked":"Blur+1","floor":5},{"not_picked":["Backstab","Sucker Punch"],"picked":"Malaise+1","floor":7},{"not_picked":["Quick Slash","Envenom","All Out Attack"],"picked":"SKIP","floor":10},{"not_picked":["Poisoned Stab","Flechettes"],"picked":"Cloak And Dagger+1","floor":11},{"not_picked":["Outmaneuver+1","Poisoned Stab","Dagger Throw"],"picked":"SKIP","floor":12}],"player_experience":3926655,"relics_obtained":[{"floor":9,"key":"Mango"},{"floor":10,"key":"Pocketwatch"}],"event_choices":[{"cards_removed":["Writhe"],"damage_healed":0,"gold_gain":0,"player_choice":"Card Removal","damage_taken":0,"max_hp_gain":0,"max_hp_loss":0,"event_name":"The Cleric","floor":13,"gold_loss":75},{"damage_healed":0,"gold_gain":0,"player_choice":"Searched \u00270\u0027 times","damage_taken":0,"max_hp_gain":0,"max_hp_loss":0,"event_name":"Dead Adventurer","floor":14,"gold_loss":0}],"is_beta":true,"boss_relics":[],"items_purged_floors":[],"is_endless":false,"potions_floor_spawned":[2,7,10],"killed_by":"Slime Boss","ascension_level":20}