{"path_per_floor":["M","M","M","M","?","R","E","R","T","?","R","?","R","M","R","B",null,"M","?","$","M","M","R","E","R","T"],"character_chosen":"THE_SILENT","items_purchased":["Tiny Chest"],"gold_per_floor":[19,30,45,55,55,55,89,89,113,113,113,113,113,133,133,258,258,258,258,39,39,39,39,39,39,39,39],"floor_reached":27,"campfire_rested":1,"playtime":1053,"item_purchase_floors":[20],"current_hp_per_floor":[63,63,63,63,46,46,36,36,36,36,36,11,11,11,47,2,53,52,36,36,28,26,26,21,21,21,0],"items_purged":["Strike_G"],"gold":39,"score":370,"play_id":"a503ef4d-c01b-4114-90c6-d74a7b0d7b99","local_time":"20180606025054","is_prod":false,"is_daily":false,"chose_seed":false,"is_ascension_mode":true,"campfire_upgraded":6,"win_rate":0,"timestamp":1528221054,"campfire_choices":[{"data":"Predator","floor":6,"key":"SMITH"},{"data":"Terror","floor":8,"key":"SMITH"},{"data":"Neutralize","floor":11,"key":"SMITH"},{"data":"Survivor","floor":13,"key":"SMITH"},{"floor":15,"key":"REST"},{"data":"Cloak And Dagger","floor":23,"key":"SMITH"},{"data":"Adrenaline","floor":25,"key":"SMITH"}],"path_taken":["M","M","M","M","?","R","E","R","T","?","R","?","R","M","R","BOSS","M","?","?","M","M","R","E","R","T","?"],"build_version":"2018-05-31","seed_source_timestamp":1142393612308622,"purchased_purges":1,"victory":false,"master_deck":["Defend_G","Defend_G","Defend_G","Strike_G","Strike_G","Strike_G","Survivor+1","Neutralize+1","AscendersBane","Predator+1","Terror+1","Adrenaline+1","Cloak And Dagger+1"],"max_hp_per_floor":[70,70,70,70,70,70,70,70,70,70,70,70,70,70,70,70,70,70,70,70,70,70,70,70,70,70,70],"relics":["Ring of the Snake","Golden Idol","Anchor","Ancient Tea Set","Regal Pillow","Ectoplasm","Nilry\u0027s Codex","Tiny Chest","Shuriken","Singing Bowl"],"card_choices":[{"not_picked":["Quick Slash","Slice"],"picked":"Predator","floor":1},{"not_picked":["Accuracy","Dodge and Roll"],"picked":"Terror","floor":2},{"not_picked":["Finisher","Crippling Poison","Calculated Gamble"],"picked":"SKIP","floor":3},{"not_picked":["Riddle With Holes","Crippling Poison","Outmaneuver"],"picked":"SKIP","floor":4},{"not_picked":["Outmaneuver","Bouncing Flask","Blur"],"picked":"SKIP","floor":7},{"not_picked":["Envenom","Bane","Riddle With Holes"],"picked":"SKIP","floor":14},{"not_picked":["Unload","Tactician"],"picked":"Adrenaline","floor":16},{"not_picked":["Reflex","Sucker Punch"],"picked":"Cloak And Dagger","floor":18},{"not_picked":["Prepared","Flying Knee","Outmaneuver"],"picked":"SKIP","floor":21},{"not_picked":["Accuracy","Leg Sweep+1","Malaise"],"picked":"SKIP","floor":22},{"not_picked":["Acrobatics","Slice","Setup"],"picked":"SKIP","floor":24}],"player_experience":780148,"potions_floor_usage":[7,16],"damage_taken":[{"damage":0,"enemies":"2 Louse","floor":1,"turns":3},{"damage":0,"enemies":"Jaw Worm","floor":2,"turns":3},{"damage":0,"enemies":"Small Slimes","floor":3,"turns":3},{"damage":0,"enemies":"2 Fungi Beasts","floor":4,"turns":3},{"damage":10,"enemies":"3 Sentries","floor":7,"turns":8},{"damage":0,"enemies":"Exordium Wildlife","floor":14,"turns":3},{"damage":45,"enemies":"Slime Boss","floor":16,"turns":13},{"damage":1,"enemies":"Spheric Guardian","floor":18,"turns":3},{"damage":8,"enemies":"Chosen","floor":21,"turns":5},{"damage":2,"enemies":"3 Cultists","floor":22,"turns":5},{"damage":5,"enemies":"Slavers","floor":24,"turns":8},{"damage":22,"enemies":"Sentry and Sphere","floor":27,"turns":5}],"relics_obtained":[{"floor":7,"key":"Anchor"},{"floor":9,"key":"Ancient Tea Set"},{"floor":19,"key":"Nilry\u0027s Codex"},{"floor":24,"key":"Shuriken"},{"floor":26,"key":"Singing Bowl"}],"event_choices":[{"event_name":"Golden Idol","player_choice":"Take Damage","floor":5,"damage_taken":0},{"event_name":"Living Wall","player_choice":"Forget","floor":10,"damage_taken":0},{"event_name":"Scrap Ooze","player_choice":"success","floor":12,"damage_taken":25},{"event_name":"Cursed Tome","player_choice":"Obtained Book","floor":19,"damage_taken":0}],"boss_relics":[{"not_picked":["White Beast Statue","Astrolabe"],"picked":"Ectoplasm"}],"items_purged_floors":[20],"potions_floor_spawned":[3,4,7,18,24],"seed_played":"725737037737694075","killed_by":"Sentry and Sphere","ascension_level":12,"potions_obtained":[{"floor":3,"key":"Fire Potion"},{"floor":4,"key":"SkillPotion"},{"floor":7,"key":"Energy Potion"},{"floor":18,"key":"SpeedPotion"},{"floor":24,"key":"SteroidPotion"}],"is_trial":false}