{"gold_per_floor":[112,132,132,132,132,58,83,83,161,161,11,25,36,52,52,150,150,164,164,164,183,8,8,21,21],"floor_reached":25,"playtime":1188,"items_purged":["Strike_G"],"score":271,"play_id":"7c54c955-f596-47ee-b6b1-6577e5ae93dd","local_time":"20181106225954","is_ascension_mode":true,"campfire_choices":[{"floor":8,"key":"REST"},{"floor":10,"key":"DIG"},{"floor":15,"key":"REST"},{"floor":23,"key":"REST"}],"neow_cost":"PERCENT_DAMAGE","seed_source_timestamp":271043064778676,"circlet_count":0,"master_deck":["Defend_G","Defend_G","Defend_G","Defend_G","Defend_G","Strike_G","Strike_G+1","Strike_G","Strike_G+1","Survivor","Neutralize","Underhanded Strike","Dagger Spray","Dash","Dagger Throw","Concentrate","Acrobatics","Glass Knife","All Out Attack","Noxious Fumes","Unload","RitualDagger","Writhe","Footwork","Underhanded Strike","Leg Sweep","Dodge and Roll","Eviscerate","All Out Attack"],"special_seed":0,"relics":["Ring of the Snake","Shovel","Pantograph","Dream Catcher","Sundial","Matryoshka","Sozu","Gambling Chip"],"potions_floor_usage":[16,18],"damage_taken":[{"damage":1.0,"enemies":"Jaw Worm","floor":1.0,"turns":6.0},{"damage":4.0,"enemies":"Small Slimes","floor":2.0,"turns":4.0},{"damage":55.0,"enemies":"Lagavulin","floor":7.0,"turns":6.0},{"damage":6,"enemies":"Cultist","floor":12,"turns":3},{"damage":0,"enemies":"Exordium Wildlife","floor":13,"turns":3},{"damage":0,"enemies":"Large Slime","floor":14,"turns":5},{"damage":48,"enemies":"Slime Boss","floor":16,"turns":9},{"damage":30,"enemies":"Shell Parasite","floor":18,"turns":6},{"damage":0,"enemies":"Spheric Guardian","floor":21,"turns":2},{"damage":15,"enemies":"Centurion and Healer","floor":24,"turns":6},{"damage":33,"enemies":"Snake Plant","floor":25,"turns":6}],"seed_played":"2534345548637037798","potions_obtained":[{"floor":1.0,"key":"Energy Potion"},{"floor":7,"key":"SkillPotion"},{"floor":12,"key":"SkillPotion"}],"is_trial":false,"path_per_floor":["M","M","?","?","?","$","E","E","R","T","R","$","M","M","M","R","B",null,"M","?","?","M","$","R","M","M"],"character_chosen":"THE_SILENT","items_purchased":["Dash","Concentrate","Underhanded Strike","Leg Sweep","Dodge and Roll"],"campfire_rested":3,"item_purchase_floors":[6,11,22,22,22],"current_hp_per_floor":[44,40,33,19,70,70,15,36,36,36,36,30,30,30,51,22,58,28,22,22,22,22,43,28,0],"gold":21,"neow_bonus":"ONE_RARE_RELIC","is_prod":false,"is_daily":false,"chose_seed":false,"campfire_upgraded":0,"win_rate":0,"timestamp":1541563194,"path_taken":["M","M","?","?","?","$","E","R","T","R","$","?","M","M","R","BOSS","M","?","?","M","$","R","M","M"],"build_version":"2018-11-01","purchased_purges":1,"victory":false,"max_hp_per_floor":[70,70,70,70,70,70,70,70,70,70,70,70,70,70,70,70,70,70,70,70,70,70,70,70,70],"card_choices":[{"not_picked":["Predator","Crippling Poison"],"picked":"Underhanded Strike","floor":1.0},{"not_picked":["PiercingWail","Outmaneuver"],"picked":"Dagger Spray","floor":2.0},{"not_picked":["Finisher","Leg Sweep"],"picked":"Dagger Throw","floor":7},{"not_picked":["Sucker Punch","Backflip"],"picked":"Acrobatics","floor":12},{"not_picked":["Bane","Deflect"],"picked":"Glass Knife","floor":13},{"not_picked":["Predator","Cloak And Dagger"],"picked":"All Out Attack","floor":14},{"not_picked":["Flying Knee","Sucker Punch"],"picked":"Noxious Fumes","floor":15},{"not_picked":["Phantasmal Killer","Malaise"],"picked":"Unload","floor":16},{"not_picked":["Slice","Blade Dance","Sucker Punch"],"picked":"SKIP","floor":18},{"not_picked":["Quick Slash","Slice+1"],"picked":"Footwork","floor":21},{"not_picked":["Underhanded Strike","Bane"],"picked":"Eviscerate","floor":23},{"not_picked":["Heel Hook","Backflip"],"picked":"All Out Attack","floor":24}],"player_experience":763004,"relics_obtained":[{"floor":7,"key":"Dream Catcher"},{"floor":9,"key":"Sundial"},{"floor":10,"key":"Matryoshka"}],"event_choices":[{"damage_healed":0.0,"max_hp_gain":0.0,"max_hp_loss":0.0,"gold_gain":0.0,"event_name":"Scrap Ooze","player_choice":"Success","floor":3.0,"gold_loss":0.0,"damage_taken":7.0,"relics_obtained":["Pantograph"]},{"damage_healed":0.0,"max_hp_gain":0.0,"max_hp_loss":0.0,"gold_gain":0.0,"event_name":"Shining Light","player_choice":"Entered Light","floor":4.0,"gold_loss":0.0,"damage_taken":14.0,"cards_upgraded":["Strike_G","Strike_G"]},{"damage_healed":51.0,"max_hp_gain":0.0,"max_hp_loss":0.0,"gold_gain":0.0,"event_name":"Wheel of Change","player_choice":"Full Heal","floor":5.0,"gold_loss":0.0,"damage_taken":0.0},{"damage_healed":0,"gold_gain":0,"player_choice":"Joined the Cult","damage_taken":6,"max_hp_gain":0,"max_hp_loss":0,"event_name":"Nest","floor":19,"gold_loss":0,"cards_obtained":["RitualDagger"]},{"damage_healed":0,"gold_gain":0,"player_choice":"Opened","damage_taken":0,"relics_obtained":["Gambling Chip"],"max_hp_gain":0,"max_hp_loss":0,"event_name":"The Mausoleum","floor":20,"gold_loss":0,"cards_obtained":["Writhe"]}],"is_beta":false,"boss_relics":[{"not_picked":["Velvet Choker","Philosopher\u0027s Stone"],"picked":"Sozu"}],"items_purged_floors":[11],"is_endless":false,"potions_floor_spawned":[1,7,12,21],"killed_by":"Snake Plant","ascension_level":7}