{"gold_per_floor":[118,118,135,115,129,129,160,177,200,275,295,74,88,88,88,193,193,213,213,213,223,223,223,173,173],"floor_reached":25,"playtime":978,"items_purged":[],"score":301,"play_id":"b793eeb9-fdbf-4eee-bbe9-f55b310c0bca","local_time":"20181201180309","is_ascension_mode":true,"campfire_choices":[{"data":"Neutralize","floor":6,"key":"SMITH"},{"data":"Noxious Fumes","floor":15,"key":"SMITH"},{"data":"Catalyst","floor":23,"key":"SMITH"}],"neow_cost":"NONE","seed_source_timestamp":676288561669947,"circlet_count":0,"master_deck":["Defend_G","Defend_G","Defend_G","Defend_G","Defend_G","Survivor","Neutralize+1","Poisoned Stab","Quick Slash","Poisoned Stab","Blade Dance","Quick Slash","Noxious Fumes+1","All Out Attack","Parasite","Corpse Explosion","Catalyst+1","Distraction","Deadly Poison","Slice","Acrobatics","Backflip+1","Bite","Bite","Bite","Bite","Bite","After Image"],"relics":["Ring of the Snake","NeowsBlessing","Happy Flower","Anchor","Juzu Bracelet","Lantern","Nloth\u0027s Gift","Nilry\u0027s Codex"],"potions_floor_usage":[7,16,16,16,25],"damage_taken":[{"damage":0,"enemies":"2 Louse","floor":1,"turns":1},{"damage":0,"enemies":"Small Slimes","floor":3,"turns":1},{"damage":0,"enemies":"Cultist","floor":5,"turns":1},{"damage":18,"enemies":"3 Sentries","floor":7,"turns":6},{"damage":0,"enemies":"3 Louse","floor":8,"turns":3},{"damage":4,"enemies":"Large Slime","floor":11,"turns":5},{"damage":0,"enemies":"Looter","floor":13,"turns":3},{"damage":0,"enemies":"Slime Boss","floor":16,"turns":6},{"damage":33,"enemies":"Shell Parasite","floor":18,"turns":6},{"damage":9,"enemies":"2 Thieves","floor":21,"turns":3},{"damage":18,"enemies":"Book of Stabbing","floor":25,"turns":3}],"seed_played":"-4304575778972672975","potions_obtained":[{"floor":4,"key":"Explosive Potion"},{"floor":5,"key":"Ancient Potion"},{"floor":7,"key":"Explosive Potion"},{"floor":11,"key":"Fire Potion"},{"floor":13,"key":"SteroidPotion"},{"floor":16,"key":"GamblersBrew"}],"is_trial":false,"path_per_floor":["M","?","M","?","M","R","E","M","T","?","M","$","M","?","R","B",null,"M","?","?","M","?","R","?","E"],"character_chosen":"THE_SILENT","items_purchased":["Noxious Fumes","Lantern"],"campfire_rested":0,"item_purchase_floors":[12,12],"current_hp_per_floor":[70,37,37,37,37,37,19,19,19,8,4,4,4,21,21,21,70,37,37,37,30,14,14,14,0],"gold":173,"neow_bonus":"THREE_ENEMY_KILL","is_prod":false,"is_daily":false,"chose_seed":false,"campfire_upgraded":3,"win_rate":0,"timestamp":1543705389,"path_taken":["M","?","M","?","?","R","E","M","T","?","M","$","M","?","R","BOSS","M","?","?","M","?","R","?","E"],"build_version":"2018-11-15","purchased_purges":0,"victory":false,"max_hp_per_floor":[70,70,70,70,70,70,70,70,70,70,70,70,70,70,70,70,70,70,49,49,49,49,49,49,49],"card_choices":[{"not_picked":["Slice","Blade Dance"],"picked":"Poisoned Stab","floor":1},{"not_picked":["Prepared","Slice"],"picked":"Quick Slash","floor":3},{"not_picked":["Quick Slash","Corpse Explosion"],"picked":"Poisoned Stab","floor":5},{"not_picked":["Endless Agony","Outmaneuver"],"picked":"Blade Dance","floor":7},{"not_picked":["Outmaneuver","Concentrate","Backflip"],"picked":"SKIP","floor":8},{"not_picked":["Bane","Endless Agony"],"picked":"Quick Slash","floor":11},{"not_picked":["Dodge and Roll","Tactician"],"picked":"All Out Attack","floor":13},{"not_picked":["Venomology","Glass Knife"],"picked":"Corpse Explosion","floor":16},{"not_picked":["Blade Dance","Crippling Poison"],"picked":"Catalyst","floor":17},{"not_picked":["Heel Hook","Sucker Punch"],"picked":"Distraction","floor":17},{"not_picked":["Riddle With Holes","Escape Plan"],"picked":"Deadly Poison","floor":17},{"not_picked":["Riddle With Holes","Heel Hook"],"picked":"Slice","floor":17},{"not_picked":["Underhanded Strike","PiercingWail"],"picked":"Acrobatics","floor":17},{"not_picked":["Dodge and Roll","Underhanded Strike+1"],"picked":"Backflip+1","floor":18},{"not_picked":["Choke+1","Grand Finale"],"picked":"After Image","floor":21}],"player_experience":216094,"relics_obtained":[{"floor":7,"key":"Anchor"},{"floor":9,"key":"Juzu Bracelet"},{"floor":22,"key":"Nilry\u0027s Codex"}],"event_choices":[{"damage_healed":0,"gold_gain":0,"player_choice":"Success","damage_taken":33,"relics_obtained":["Happy Flower"],"max_hp_gain":0,"max_hp_loss":0,"event_name":"Scrap Ooze","floor":2,"gold_loss":0},{"damage_healed":0,"gold_gain":0,"player_choice":"Bought 1 Potion","damage_taken":0,"max_hp_gain":0,"max_hp_loss":0,"event_name":"The Woman in Blue","floor":4,"gold_loss":0},{"damage_healed":0,"gold_gain":75,"player_choice":"Gather Gold","damage_taken":11,"max_hp_gain":0,"max_hp_loss":0,"event_name":"World of Goop","floor":10,"gold_loss":0},{"damage_healed":17,"gold_gain":0,"player_choice":"Healed and dodged fight","damage_taken":0,"max_hp_gain":0,"max_hp_loss":0,"event_name":"Mushrooms","floor":14,"gold_loss":0,"cards_obtained":["Parasite"]},{"damage_healed":0,"gold_gain":0,"player_choice":"Became a vampire","damage_taken":0,"max_hp_gain":0,"max_hp_loss":21,"event_name":"Vampires","floor":19,"gold_loss":0,"cards_obtained":["Bite","Bite","Bite","Bite","Bite"]},{"damage_healed":0,"gold_gain":0,"player_choice":"Traded Relic","damage_taken":0,"relics_obtained":["Nloth\u0027s Gift"],"max_hp_gain":0,"max_hp_loss":0,"event_name":"N\u0027loth","floor":20,"relics_lost":["Orrery"],"gold_loss":0},{"damage_healed":0,"gold_gain":0,"player_choice":"Obtained Book","damage_taken":16,"max_hp_gain":0,"max_hp_loss":0,"event_name":"Cursed Tome","floor":22,"gold_loss":0},{"damage_healed":0,"gold_gain":0,"player_choice":"Bet on Murderer","damage_taken":0,"max_hp_gain":0,"max_hp_loss":0,"event_name":"The Joust","floor":24,"gold_loss":50}],"is_beta":false,"boss_relics":[{"not_picked":["Coffee Dripper","Ectoplasm"],"picked":"Orrery"}],"items_purged_floors":[],"is_endless":false,"potions_floor_spawned":[5,7,11,13,16],"killed_by":"Book of Stabbing","ascension_level":2}