{"path_per_floor":["M","M","?","$","M","R","M","R","T","?","M","?","M","T","R","B",null,"M","$","M","$","?","R","$","M","T","M","R","M"],"character_chosen":"THE_SILENT","items_purchased":["Tingsha","Dagger Throw","Prepared","Caltrops"],"gold_per_floor":[114,130,305,0,10,10,30,30,30,30,45,45,56,83,83,179,179,194,98,115,31,31,31,31,46,98,112,112,127,127],"floor_reached":30,"campfire_rested":1,"playtime":2012,"current_hp_per_floor":[70,65,65,65,55,55,33,33,33,38,32,32,32,32,56,43,72,58,58,48,48,48,48,48,34,34,19,19,8,0],"items_purged":["Doubt"],"gold":127,"score":289,"play_id":"103677c6-2393-411f-95f5-e958cbcdb411","local_time":"20180423232859","is_prod":false,"is_daily":false,"chose_seed":false,"is_ascension_mode":true,"campfire_upgraded":4,"timestamp":1524540539,"path_taken":["M","M","?","$","M","R","M","R","T","?","?","?","M","?","R","BOSS","M","$","?","$","?","R","$","M","T","M","R","M","M"],"build_version":"2018-04-19","seed_source_timestamp":0,"purchased_purges":1,"victory":false,"master_deck":["Defend_G+1","Defend_G","Defend_G","Defend_G+1","Defend_G","Strike_G","Strike_G","Strike_G","Strike_G","Strike_G","Survivor","Neutralize","Quick Slash+1","Bouncing Flask+1","Underhanded Strike","Prepared+1","Well Laid Plans","Backflip","Caltrops+1","Concentrate","Dagger Throw","Dagger Throw","Prepared","Caltrops","Dash+1"],"max_hp_per_floor":[77,77,77,77,77,77,77,77,77,82,82,82,82,82,82,82,82,82,82,82,82,82,82,82,82,82,82,82,82,82],"relics":["Ring of the Snake","Strawberry","Tingsha","Smiling Mask","Darkstone Periapt","War Paint","Orrery","Bronze Scales"],"card_choices":[{"not_picked":["Reflex","Concentrate"],"picked":"Quick Slash","floor":2.0},{"not_picked":["Masterful Stab","Doppelganger"],"picked":"Bouncing Flask","floor":5.0},{"not_picked":["Crippling Poison","Outmaneuver"],"picked":"Underhanded Strike","floor":7.0},{"not_picked":["Bane","Flying Knee"],"picked":"Prepared","floor":11.0},{"not_picked":["Sucker Punch","Caltrops"],"picked":"Well Laid Plans","floor":13.0},{"not_picked":["Dodge and Roll","Bullet Time"],"picked":"Backflip","floor":17.0},{"not_picked":["Poisoned Stab","Cloak And Dagger"],"picked":"Caltrops","floor":17.0},{"not_picked":["Poisoned Stab","Dodge and Roll"],"picked":"Concentrate","floor":18.0},{"not_picked":["Quick Slash","Backflip"],"picked":"Dagger Throw","floor":20.0},{"not_picked":["Quick Slash","Outmaneuver"],"picked":"Dash","floor":25}],"player_experience":497700,"potions_floor_usage":[25,27,29],"damage_taken":[{"damage":0.0,"enemies":"Jaw Worm","floor":1.0,"turns":6.0},{"damage":5.0,"enemies":"Small Slimes","floor":2.0,"turns":5.0},{"damage":10.0,"enemies":"Exordium Wildlife","floor":5.0,"turns":7.0},{"damage":22.0,"enemies":"Large Slime","floor":7.0,"turns":6.0},{"damage":6.0,"enemies":"Looter","floor":11.0,"turns":3.0},{"damage":0.0,"enemies":"Exordium Wildlife","floor":13.0,"turns":3.0},{"damage":25.0,"enemies":"Slime Boss","floor":16.0,"turns":7.0},{"damage":14.0,"enemies":"Chosen","floor":18.0,"turns":5.0},{"damage":10.0,"enemies":"3 Byrds","floor":20.0,"turns":3.0},{"damage":14,"enemies":"Centurion and Healer","floor":25,"turns":7},{"damage":15,"enemies":"Snake Plant","floor":27,"turns":3},{"damage":26,"enemies":"Sentry and Sphere","floor":29,"turns":5},{"damage":19,"enemies":"Chosen and Byrds","floor":30,"turns":3}],"event_choices":[{"event_name":"Liars Game","player_choice":"agreed","floor":3.0,"damage_taken":0.0},{"event_name":"Big Fish","player_choice":"Donut","floor":10.0,"damage_taken":0.0},{"event_name":"Dead Adventurer","player_choice":"Searched \u00271\u0027 times","floor":12.0,"damage_taken":0.0},{"event_name":"Vampires","player_choice":"Ignored","floor":22.0,"damage_taken":0.0}],"boss_relics":[],"potions_floor_spawned":[5,7,11,13,25,27],"seed_played":"-5151172084537761749","killed_by":"Chosen and Byrds","ascension_level":6,"is_trial":false}