{"path_per_floor":["M","?","M","$","M","R","?","?","T","R","M","M","M","M","R","B",null,"M","M"],"character_chosen":"THE_SILENT","items_purchased":["Infinite Blades","Slice"],"gold_per_floor":[113,113,124,21,32,32,94,94,119,119,134,145,157,176,176,271,271,288,301],"floor_reached":20,"campfire_rested":1,"playtime":1249,"current_hp_per_floor":[63,51,51,51,50,50,50,50,50,50,40,39,39,39,57,49,63,49,27],"items_purged":[],"gold":301,"play_id":"f2a62d5d-2b11-4087-a6b0-b3e8de77a7b8","is_prod":false,"is_daily":false,"is_ascension_mode":false,"campfire_upgraded":2,"path_taken":["M","?","M","$","M","R","?","?","T","R","M","M","?","M","R","BOSS","M","M","M"],"build_version":"2018-02-01-PROD3","purchased_purges":0,"victory":false,"master_deck":["Defend_G","Defend_G","Defend_G","Defend_G","Defend_G","Strike_G","Strike_G","Strike_G+1","Strike_G","Strike_G","Survivor","Neutralize","Predator+1","Prepared","Infinite Blades+1","Choke+1","Sucker Punch","Backstab","Backstab","Dagger Throw","Phantasmal Killer","Adrenaline","Slice","Escape Plan"],"max_hp_per_floor":[63,63,63,63,63,63,63,63,63,63,63,63,63,63,63,63,63,63,63],"relics":["Ring of the Snake","Torii","Orichalcum","Eternal Feather"],"card_choices":[{"not_picked":["Escape Plan","Corpse Explosion"],"picked":"Predator"},{"not_picked":["Dagger Spray","Leg Sweep"],"picked":"Prepared"},{"not_picked":["Malaise","Sucker Punch"],"picked":"Choke"},{"not_picked":["Bane","Outmaneuver"],"picked":"Backstab"},{"not_picked":["Deflect","Flying Knee"],"picked":"Backstab"},{"not_picked":["Masterful Stab","Infinite Blades"],"picked":"Dagger Throw"},{"not_picked":["Heel Hook","Sucker Punch"],"picked":"Phantasmal Killer"},{"not_picked":["Night Terror","Envenom"],"picked":"Adrenaline"},{"not_picked":["All Out Attack","Bouncing Flask"],"picked":"Slice"},{"not_picked":["Quick Slash","Backflip"],"picked":"Escape Plan"}],"player_experience":29234,"potions_floor_usage":[16],"damage_taken":[{"damage":0,"enemies":"Jaw Worm","floor":1,"turns":6},{"damage":0,"enemies":"Cultist","floor":3,"turns":2},{"damage":1,"enemies":"2 Louse","floor":5,"turns":2},{"damage":10,"enemies":"Exordium Wildlife","floor":11,"turns":5},{"damage":1,"enemies":"Large Slime","floor":12,"turns":4},{"damage":0,"enemies":"Looter","floor":13,"turns":2},{"damage":0,"enemies":"Red Slaver","floor":14,"turns":1},{"damage":8,"enemies":"Hexaghost","floor":16,"turns":8},{"damage":14,"enemies":"Shell Parasite","floor":18,"turns":4},{"damage":22,"enemies":"3 Byrds","floor":19,"turns":6},{"damage":27,"enemies":"Slaver and Parasite","floor":20,"turns":6}],"event_choices":[{"event_name":"Shining Light","player_choice":"Entered Light","floor":2,"damage_taken":0},{"event_name":"Golden Wing","player_choice":"Gained Gold","floor":7,"damage_taken":0},{"event_name":"Living Wall","player_choice":"Change","floor":8,"damage_taken":0}],"boss_relics":[{"not_picked":["Cursed Key","Black Star"],"picked":"Eternal Feather"}],"potions_floor_spawned":[1,11,12,13],"seed_played":"3220050361020891573","killed_by":"Slaver and Parasite","ascension_level":0,"is_trial":false}