{"path_per_floor":["M","M","$","M","?","R","M","?","T","E","$","R","M","$","R","B",null,"M","?","M","M","T"],"character_chosen":"IRONCLAD","items_purchased":["Flex"],"gold_per_floor":[111,127,52,65,65,65,80,80,127,162,16,16,35,35,35,161,161,185,185,205,218,265],"floor_reached":23,"campfire_rested":1,"playtime":1471,"current_hp_per_floor":[80,80,80,80,73,73,56,56,56,54,54,78,80,80,80,11,80,62,62,41,39,39],"items_purged":["Strike_R","Injury"],"gold":265,"score":191,"play_id":"29e7f65f-f15d-4ca3-98ac-bf301d4492c0","local_time":"20180304225701","is_prod":false,"is_daily":false,"is_ascension_mode":false,"campfire_upgraded":2,"timestamp":1520204221,"path_taken":["M","M","$","M","?","R","M","?","T","E","$","R","?","?","R","BOSS","M","?","M","M","?","M"],"build_version":"2018-03-01-PROD1","purchased_purges":2,"victory":false,"master_deck":["Strike_R","Strike_R","Strike_R","Defend_R","Defend_R","Defend_R","Defend_R","Bash","Headbutt","Heavy Blade+1","Flex+1","Ghostly Armor+1","Pommel Strike","Flex","Twin Strike+1","Feed","Cleave","Cleave","Armaments","Body Slam","Body Slam","Dropkick+1","Inflame","Shockwave+1","Spot Weakness"],"max_hp_per_floor":[80,80,80,80,80,80,80,80,80,80,80,80,80,80,80,80,80,80,80,83,86,86],"relics":["Burning Blood","Golden Idol","War Paint","Bag of Marbles","Orrery","Bag of Preparation"],"card_choices":[{"not_picked":["Thunderclap","Entrench"],"picked":"Headbutt"},{"not_picked":["Twin Strike","Pummel"],"picked":"Heavy Blade"},{"not_picked":["Dual Wield","Evolve"],"picked":"Flex"},{"not_picked":["Thunderclap","Evolve"],"picked":"Ghostly Armor"},{"not_picked":["Bloodletting","Feel No Pain"],"picked":"Pommel Strike"},{"not_picked":["Power Through","Bludgeon"],"picked":"Twin Strike"},{"not_picked":["Dark Embrace","Limit Break"],"picked":"Feed"},{"not_picked":["Pummel","Anger"],"picked":"Cleave"},{"not_picked":["Wild Strike","Heavy Blade"],"picked":"Cleave"},{"not_picked":["Anger","Wild Strike"],"picked":"Armaments"},{"not_picked":["Burning Pact","Sever Soul"],"picked":"Body Slam"},{"not_picked":["Headbutt","Wild Strike"],"picked":"Body Slam"},{"not_picked":["Cleave","Sword Boomerang"],"picked":"Dropkick"},{"not_picked":["Anger","Sever Soul"],"picked":"Shockwave"},{"not_picked":["Headbutt","Demon Form"],"picked":"Spot Weakness"}],"player_experience":80229,"potions_floor_usage":[10,16,16,18,23],"damage_taken":[{"damage":0,"enemies":"Small Slimes","floor":1,"turns":4},{"damage":5,"enemies":"2 Louse","floor":2,"turns":4},{"damage":6,"enemies":"Jaw Worm","floor":4,"turns":2},{"damage":23,"enemies":"Lots of Slimes","floor":7,"turns":4},{"damage":8,"enemies":"3 Sentries","floor":10,"turns":4},{"damage":4,"enemies":"Exordium Thugs","floor":13,"turns":4},{"damage":75,"enemies":"Hexaghost","floor":16,"turns":10},{"damage":24,"enemies":"Spheric Guardian","floor":18,"turns":5},{"damage":30,"enemies":"2 Thieves","floor":20,"turns":3},{"damage":11,"enemies":"3 Cultists","floor":21,"turns":4},{"damage":49,"enemies":"Slaver and Parasite","floor":23,"turns":7}],"event_choices":[{"event_name":"Golden Wing","player_choice":"Card Removal","floor":5,"damage_taken":0},{"event_name":"Golden Idol","player_choice":"Take Wound","floor":8,"damage_taken":0},{"event_name":"The Library","player_choice":"Read","floor":19,"damage_taken":0}],"boss_relics":[{"not_picked":["Sozu","White Beast Statue"],"picked":"Orrery"}],"potions_floor_spawned":[2,4,13,16,18],"seed_played":"-6681248084486229873","killed_by":"Slaver and Parasite","ascension_level":0,"is_trial":false}