{"gold_per_floor":[119,119,130,150,167,167,177,192,192,202,218,218,218,218,218,348,348,368,368,383,401,420,420,436,436,488,218,232,232,253,253,253,373,373,387,387,400,175,189,189,189,214,239,260,27,45,64,78,78,78],"floor_reached":50,"playtime":6517,"items_purged":["Strike_B"],"score":445,"play_id":"062eb922-f916-445d-9aa4-d8b694c2b193","local_time":"20190123191810","is_ascension_mode":false,"campfire_choices":[{"data":"Zap","floor":6,"key":"SMITH"},{"data":"Leap","floor":12,"key":"SMITH"},{"data":"Leap","floor":15,"key":"SMITH"},{"data":"Gash","floor":23,"key":"SMITH"},{"data":"Darkness","floor":25,"key":"SMITH"},{"data":"Defragment","floor":29,"key":"SMITH"},{"floor":32,"key":"REST"},{"data":"Echo Form","floor":40,"key":"SMITH"},{"floor":49,"key":"REST"}],"neow_cost":"PERCENT_DAMAGE","seed_source_timestamp":282083161855859,"circlet_count":0,"master_deck":["Strike_B","Defend_B+1","Defend_B","Zap+1","Dualcast+1","Sweeping Beam","Lockon","Darkness+1","Leap+1","Cold Snap","Coolheaded+1","Leap+1","Redo+1","BootSequence+1","All For One+1","FTL","Go for the Eyes+1","Turbo+1","Gash+1","All For One+1","Defragment+1","Echo Form+1","Conserve Battery+1","Defragment+1","Redo+1","Capacitor+1","Strike_G","Beam Cell","Beam Cell+1","Apotheosis","Self Repair","Buffer","Redo+1","Steam"],"relics":["Cracked Core","Torii","Ancient Tea Set","Golden Idol","Astrolabe","Spirit Poop","War Paint","DollysMirror","Eternal Feather","Dream Catcher","Art of War"],"potions_floor_usage":[16,16,18,28,33,33,39,46,48],"damage_taken":[{"damage":0,"enemies":"Small Slimes","floor":1,"turns":2},{"damage":0,"enemies":"Cultist","floor":3,"turns":2},{"damage":6,"enemies":"Jaw Worm","floor":4,"turns":2},{"damage":3,"enemies":"Blue Slaver","floor":5,"turns":4},{"damage":3,"enemies":"Lots of Slimes","floor":7,"turns":3},{"damage":0,"enemies":"Large Slime","floor":8,"turns":4},{"damage":12,"enemies":"Blue Slaver","floor":10,"turns":2},{"damage":0,"enemies":"Gremlin Gang","floor":11,"turns":4},{"damage":28,"enemies":"Hexaghost","floor":16,"turns":13},{"damage":1,"enemies":"Shell Parasite","floor":18,"turns":5},{"damage":7,"enemies":"2 Thieves","floor":20,"turns":3},{"damage":17,"enemies":"Shelled Parasite and Fungi","floor":21,"turns":6},{"damage":9,"enemies":"Centurion and Healer","floor":22,"turns":5},{"damage":3,"enemies":"Snake Plant","floor":24,"turns":4},{"damage":2,"enemies":"Snecko","floor":28,"turns":6},{"damage":0,"enemies":"Centurion and Healer","floor":30,"turns":6},{"damage":42,"enemies":"Automaton","floor":33,"turns":11},{"damage":25,"enemies":"3 Darklings","floor":35,"turns":7},{"damage":10,"enemies":"3 Shapes","floor":37,"turns":5},{"damage":22,"enemies":"Transient","floor":39,"turns":5},{"damage":8,"enemies":"Jaw Worm Horde","floor":42,"turns":4},{"damage":12,"enemies":"4 Shapes","floor":44,"turns":4},{"damage":1,"enemies":"Transient","floor":46,"turns":5},{"damage":22,"enemies":"Maw","floor":47,"turns":8},{"damage":7,"enemies":"Spire Growth","floor":48,"turns":5},{"damage":58,"enemies":"Awakened One","floor":50,"turns":3}],"seed_played":"-8729813331989048563","potions_obtained":[{"floor":7,"key":"Dexterity Potion"},{"floor":10,"key":"Explosive Potion"},{"floor":11,"key":"AttackPotion"},{"floor":16,"key":"Poison Potion"},{"floor":18,"key":"Energy Potion"},{"floor":21,"key":"Block Potion"},{"floor":37,"key":"SteroidPotion"},{"floor":39,"key":"Strength Potion"},{"floor":46,"key":"Energy Potion"}],"is_trial":false,"path_per_floor":["?","M","?","?","?","M","?","?","M","M","?"],"character_chosen":"DEFECT","items_purchased":["DollysMirror","Self Repair","Dream Catcher","Apotheosis","Self Repair"],"campfire_rested":2,"item_purchase_floors":[27,38,38,45,45],"current_hp_per_floor":[54,54,54,48,45,45,42,42,42,30,30,30,35,35,35,7,80,79,79,72,55,46,46,43,43,43,43,41,41,41,41,65,23,80,55,55,45,45,30,45,45,37,37,25,25,31,19,12,54,0],"gold":78,"neow_bonus":"ONE_RARE_RELIC","is_prod":false,"is_daily":false,"chose_seed":false,"campfire_upgraded":7,"win_rate":0,"timestamp":1548271090,"path_taken":["M","?","M","M","M","R","M","M","T","M","?","R","?","?","R","BOSS","M","?","M","M","M","R","?","R","T","$","M","R","M","?","R","BOSS","M","?","?","$","?","R","?","M","T","M","$","M","M","M","R","BOSS"],"build_version":"2019-01-23","purchased_purges":1,"victory":false,"max_hp_per_floor":[75,75,75,75,75,75,75,75,75,75,75,75,80,80,80,80,80,80,80,80,80,80,80,80,80,80,80,80,80,80,80,80,80,80,80,80,80,80,80,80,80,80,80,80,80,80,80,80,80,80],"card_choices":[{"not_picked":["Go for the Eyes","Auto Shields"],"picked":"Sweeping Beam","floor":1},{"not_picked":["Stack","Beam Cell"],"picked":"Lockon","floor":3},{"not_picked":["Go for the Eyes","Rip and Tear"],"picked":"Darkness","floor":4},{"not_picked":["Heatsinks","Recycle"],"picked":"Leap","floor":5},{"not_picked":["Doom and Gloom","Go for the Eyes","Aggregate"],"picked":"SKIP","floor":7},{"not_picked":["Sweeping Beam","Consume"],"picked":"Cold Snap","floor":8},{"not_picked":["Sweeping Beam","Cold Snap"],"picked":"Coolheaded","floor":10},{"not_picked":["Doom and Gloom","Hologram"],"picked":"Leap","floor":11},{"not_picked":["Cold Snap","Hologram"],"picked":"FTL","floor":18},{"not_picked":["Hello World","Barrage"],"picked":"Go for the Eyes+1","floor":20},{"not_picked":["Barrage","Ball Lightning"],"picked":"Turbo+1","floor":21},{"not_picked":["Self Repair","Sweeping Beam"],"picked":"Gash","floor":22},{"not_picked":["Storm","Sweeping Beam","Hello World+1"],"picked":"SKIP","floor":24},{"not_picked":["Compile Driver","Rebound"],"picked":"Defragment","floor":28},{"not_picked":["Thunder Strike","Stack","Glacier"],"picked":"SKIP","floor":30},{"not_picked":["Seek","Meteor Strike"],"picked":"Echo Form","floor":33},{"not_picked":["Rip and Tear+1","Auto Shields"],"picked":"Conserve Battery+1","floor":35},{"not_picked":["Gash","Compile Driver"],"picked":"Redo+1","floor":37},{"not_picked":["Redo+1","Steam+1"],"picked":"Capacitor+1","floor":39},{"not_picked":["Tempest","Hologram+1"],"picked":"Beam Cell","floor":42},{"not_picked":["Leap+1","Doom and Gloom+1"],"picked":"Beam Cell+1","floor":44},{"not_picked":["Glacier","Sunder+1"],"picked":"Buffer","floor":46},{"not_picked":["Stack+1","Go for the Eyes"],"picked":"Redo+1","floor":47},{"not_picked":["Compile Driver+1","Skim+1","Barrage+1"],"picked":"SKIP","floor":48},{"not_picked":["Compile Driver+1","Cold Snap"],"picked":"Steam","floor":49}],"player_experience":324750,"relics_obtained":[{"floor":9,"key":"Ancient Tea Set"},{"floor":26,"key":"War Paint"},{"floor":43,"key":"Art of War"}],"event_choices":[{"damage_healed":0,"gold_gain":0,"player_choice":"Forge","damage_taken":0,"max_hp_gain":0,"max_hp_loss":0,"event_name":"Accursed Blacksmith","floor":2,"gold_loss":0,"cards_upgraded":["Dualcast"]},{"damage_healed":0,"gold_gain":0,"player_choice":"Donut","damage_taken":0,"max_hp_gain":5,"max_hp_loss":0,"event_name":"Big Fish","floor":13,"gold_loss":0},{"damage_healed":0,"gold_gain":0,"player_choice":"Take Wound","damage_taken":0,"relics_obtained":["Golden Idol"],"max_hp_gain":0,"max_hp_loss":0,"event_name":"Golden Idol","floor":14,"gold_loss":0,"cards_obtained":["Injury"]},{"cards_removed":["Injury"],"damage_healed":0,"gold_gain":0,"player_choice":"Offered Curse","damage_taken":0,"relics_obtained":["Spirit Poop"],"max_hp_gain":0,"max_hp_loss":0,"event_name":"Bonfire Elementals","floor":19,"gold_loss":0},{"cards_removed":["Strike_B"],"damage_healed":0,"gold_gain":0,"player_choice":"Elegance","damage_taken":0,"max_hp_gain":0,"max_hp_loss":0,"event_name":"Back to Basics","floor":31,"gold_loss":0},{"damage_healed":0,"gold_gain":0,"player_choice":"Copied","damage_taken":0,"max_hp_gain":0,"max_hp_loss":0,"event_name":"Duplicator","floor":36,"gold_loss":0,"cards_obtained":["Defragment"]},{"cards_removed":["Self Repair"],"damage_healed":0,"gold_gain":0,"player_choice":"Took Card","damage_taken":0,"max_hp_gain":0,"max_hp_loss":0,"event_name":"NoteForYourself","floor":41,"gold_loss":0,"cards_obtained":["Strike_G"]}],"is_beta":false,"boss_relics":[{"not_picked":["Busted Crown","Runic Dome"],"picked":"Astrolabe"},{"not_picked":["Pandora\u0027s Box","Snecko Eye"],"picked":"Eternal Feather"}],"items_purged_floors":[27],"is_endless":false,"potions_floor_spawned":[7,10,11,16,18,21,22,24,37,39,46],"killed_by":"Awakened One","ascension_level":0}