{"path_per_floor":["M","$","?","?","M","R","E","T","T","M","?","M","M","$","R","B",null,"M","M","?","M","?","R"],"character_chosen":"THE_SILENT","items_purchased":["Noxious Fumes","Bronze Scales","Infinite Blades"],"gold_per_floor":[118,40,115,115,133,133,167,219,219,238,238,255,265,13,13,114,114,127,146,146,166,166,166,166],"floor_reached":24,"campfire_rested":2,"playtime":1284,"current_hp_per_floor":[64,64,53,53,53,53,18,18,18,13,6,2,2,2,23,23,58,42,25,25,7,7,28,0],"items_purged":["Strike_G"],"gold":166,"score":308,"play_id":"c112c2bd-0b64-4f23-a77b-c337147809ec","local_time":"20180410213048","is_prod":false,"is_daily":false,"is_ascension_mode":true,"campfire_upgraded":1,"timestamp":1523410248,"path_taken":["M","$","?","?","M","R","E","?","T","M","?","?","M","?","R","BOSS","M","M","?","M","?","R","M"],"build_version":"2018-04-05v2","purchased_purges":1,"victory":false,"master_deck":["Defend_G","Defend_G","Defend_G","Defend_G","Defend_G","Survivor","Neutralize","Unload+1","Dodge and Roll","Noxious Fumes+1","Acrobatics","Dodge and Roll","Cloak And Dagger","Poisoned Stab","Infinite Blades","Corpse Explosion","Outmaneuver+1","Calculated Gamble+1","Grand Finale+1","Poisoned Stab","Cloak And Dagger","Noxious Fumes"],"max_hp_per_floor":[70,70,70,70,70,70,70,70,70,70,70,70,70,70,70,70,70,70,70,70,70,70,70,70],"relics":["Ring of the Snake","Snake Skull","Vajra","Sundial","Bag of Marbles","Bronze Scales","Astrolabe"],"card_choices":[{"not_picked":["Dagger Throw","PiercingWail"],"picked":"Dodge and Roll","floor":1},{"not_picked":["Concentrate","Setup"],"picked":"Acrobatics","floor":5},{"not_picked":["Choke","Slice"],"picked":"Dodge and Roll","floor":10},{"not_picked":["Infinite Blades","Flying Knee"],"picked":"Cloak And Dagger","floor":12},{"not_picked":["Prepared","Acrobatics"],"picked":"Poisoned Stab","floor":13},{"not_picked":["Phantasmal Killer","Night Terror"],"picked":"Corpse Explosion","floor":16},{"not_picked":["Sucker Punch","Acrobatics"],"picked":"Poisoned Stab","floor":18},{"not_picked":["Choke","Dodge and Roll"],"picked":"Cloak And Dagger","floor":19},{"not_picked":["Infinite Blades","Dagger Spray"],"picked":"Noxious Fumes","floor":21}],"player_experience":424746,"potions_floor_usage":[7,12,16,18,19],"damage_taken":[{"damage":6,"enemies":"2 Louse","floor":1,"turns":2},{"damage":0,"enemies":"Cultist","floor":5,"turns":4},{"damage":35,"enemies":"Lagavulin","floor":7,"turns":6},{"damage":5,"enemies":"Small Slimes","floor":10,"turns":3},{"damage":4,"enemies":"Exordium Thugs","floor":12,"turns":4},{"damage":0,"enemies":"Blue Slaver","floor":13,"turns":4},{"damage":0,"enemies":"Hexaghost","floor":16,"turns":8},{"damage":16,"enemies":"Chosen","floor":18,"turns":6},{"damage":17,"enemies":"2 Thieves","floor":19,"turns":4},{"damage":18,"enemies":"Snecko","floor":21,"turns":5},{"damage":29,"enemies":"Chosen and Byrds","floor":24,"turns":6}],"event_choices":[{"event_name":"World of Goop","player_choice":"Gather Gold","floor":3,"damage_taken":0},{"event_name":"Living Wall","player_choice":"Grow","floor":4,"damage_taken":0},{"event_name":"Scrap Ooze","player_choice":"success","floor":11,"damage_taken":7},{"event_name":"Vampires","player_choice":"Ignored","floor":20,"damage_taken":0},{"event_name":"Ghosts","player_choice":"Ignored","floor":22,"damage_taken":0}],"boss_relics":[{"not_picked":["Lizard Tail","Runic Dome"],"picked":"Astrolabe"}],"potions_floor_spawned":[5,7,13,16,18],"seed_played":"7194199182606859838","killed_by":"Chosen and Byrds","ascension_level":5,"is_trial":false}