{"gold_per_floor":[119,134,134,151,151,151,183,198,198,198,198,230,247,257,257,361,361,375,359,359,374,62,62,92,102,128,128,58,74,88,88,88,190,190,210,210,228,246,2,2,37,37,37,37,37,37,37,54,54,54],"floor_reached":50,"playtime":7512,"items_purged":["Strike_G","Strike_G"],"score":817,"play_id":"6df1ce2b-ec45-4e46-94aa-991dc5147c4a","local_time":"20190206142255","is_ascension_mode":true,"campfire_choices":[{"data":"Neutralize","floor":6,"key":"SMITH"},{"floor":10,"key":"REST"},{"floor":15,"key":"REST"},{"floor":23,"key":"REST"},{"floor":27,"key":"REST"},{"floor":32,"key":"REST"},{"floor":40,"key":"REST"},{"floor":42,"key":"REST"},{"floor":45,"key":"RECALL"},{"floor":49,"key":"REST"}],"neow_cost":"NONE","seed_source_timestamp":94010130868016,"circlet_count":0,"master_deck":["AscendersBane","Defend_G","Defend_G","Defend_G","Defend_G","Defend_G","Survivor","Neutralize+1","Slice","Well Laid Plans","After Image","Deadly Poison+1","Leg Sweep","Caltrops","Blur","Dodge and Roll","Cloak And Dagger","Corpse Explosion","Die Die Die","Storm of Steel","Deadly Poison","Caltrops","Deflect","Blur","Riddle With Holes","Cloak And Dagger","Blade Dance","Dark Shackles","Jack Of All Trades","Dramatic Entrance","Madness","Madness"],"relics":["White Beast Statue","Omamori","Mummified Hand","Incense Burner","Busted Crown","Bag of Preparation","Juzu Bracelet","Regal Pillow","Fusion Hammer","Bronze Scales","Oddly Smooth Stone"],"potions_floor_usage":[2,7,7,12,12,13,16,24,24,25,30,30,33,37,37,37,38,38,48,50],"damage_taken":[{"damage":6,"enemies":"Jaw Worm","floor":1,"turns":6},{"damage":2,"enemies":"Cultist","floor":2,"turns":4},{"damage":0,"enemies":"Small Slimes","floor":4,"turns":4},{"damage":23,"enemies":"Gremlin Nob","floor":7,"turns":5},{"damage":10,"enemies":"Exordium Thugs","floor":8,"turns":9},{"damage":1,"enemies":"Lagavulin","floor":12,"turns":7},{"damage":9,"enemies":"Large Slime","floor":13,"turns":8},{"damage":1,"enemies":"3 Louse","floor":14,"turns":5},{"damage":17,"enemies":"The Guardian","floor":16,"turns":13},{"damage":29,"enemies":"3 Byrds","floor":18,"turns":3},{"damage":0,"enemies":"2 Thieves","floor":19,"turns":5},{"damage":11,"enemies":"Chosen and Byrds","floor":21,"turns":9},{"damage":28,"enemies":"Gremlin Leader","floor":24,"turns":6},{"damage":9,"enemies":"Snecko","floor":25,"turns":6},{"damage":15,"enemies":"Snake Plant","floor":29,"turns":5},{"damage":24,"enemies":"Centurion and Healer","floor":30,"turns":6},{"damage":6,"enemies":"Automaton","floor":33,"turns":14},{"damage":2,"enemies":"Orb Walker","floor":35,"turns":5},{"damage":14,"enemies":"3 Darklings","floor":37,"turns":4},{"damage":44,"enemies":"Sphere and 2 Shapes","floor":38,"turns":10},{"damage":24,"enemies":"Reptomancer","floor":41,"turns":10},{"damage":44,"enemies":"Writhing Mass","floor":48,"turns":9},{"damage":58,"enemies":"Donu and Deca","floor":50,"turns":7}],"seed_played":"6634713402329857146","potions_obtained":[{"floor":1,"key":"Swift Potion"},{"floor":2,"key":"AttackPotion"},{"floor":4,"key":"Fire Potion"},{"floor":7,"key":"Strength Potion"},{"floor":8,"key":"Dexterity Potion"},{"floor":12,"key":"Strength Potion"},{"floor":13,"key":"FearPotion"},{"floor":14,"key":"Strength Potion"},{"floor":16,"key":"SteroidPotion"},{"floor":18,"key":"Fire Potion"},{"floor":21,"key":"Dexterity Potion"},{"floor":24,"key":"Strength Potion"},{"floor":25,"key":"SpeedPotion"},{"floor":29,"key":"EssenceOfSteel"},{"floor":30,"key":"SpeedPotion"},{"floor":33,"key":"Regen Potion"},{"floor":35,"key":"EntropicBrew"},{"floor":37,"key":"Poison Potion"},{"floor":38,"key":"FairyPotion"},{"floor":41,"key":"Ancient Potion"},{"floor":48,"key":"Weak Potion"}],"is_trial":false,"path_per_floor":["M","M","?","M","?","R","E","M","T","R","?","E","M","M","R","B",null,"M","M","?","M","$","R","E","M","T","R","$","M","M","?","R","B",null,"M","?","M","M","$","R","E","R","T","?","R","?","?","M","R","B"],"character_chosen":"THE_SILENT","items_purchased":["Deadly Poison","Caltrops","Bag of Preparation","Blur","Bronze Scales"],"campfire_rested":8,"item_purchase_floors":[22,22,22,28,39],"current_hp_per_floor":[57,55,55,55,55,55,32,22,22,43,43,42,33,32,53,36,62,33,33,33,22,22,43,15,6,6,42,42,27,3,3,39,33,61,59,59,70,26,26,62,38,70,70,70,70,60,51,7,43,0],"gold":54,"neow_bonus":"BOSS_RELIC","is_prod":false,"is_daily":false,"chose_seed":false,"campfire_upgraded":1,"win_rate":0,"timestamp":1549480975,"path_taken":["M","M","?","?","?","R","E","?","T","R","?","E","M","M","R","BOSS","M","M","?","M","$","R","E","M","T","R","$","M","M","?","R","BOSS","M","?","M","M","$","R","E","R","T","?","R","?","?","M","R","BOSS"],"build_version":"2019-01-23","purchased_purges":2,"victory":false,"max_hp_per_floor":[70,70,70,70,70,70,70,70,70,70,70,70,70,70,70,70,70,70,70,70,70,70,70,70,70,70,70,70,70,70,70,70,70,70,70,70,70,70,70,70,70,70,70,70,70,70,70,70,70,70],"card_choices":[{"not_picked":["Choke","Backflip"],"picked":"Slice","floor":1},{"not_picked":["Choke","Bane"],"picked":"Well Laid Plans","floor":2},{"not_picked":["Outmaneuver","Backflip"],"picked":"Deadly Poison","floor":4},{"not_picked":["Bane","Predator"],"picked":"Leg Sweep","floor":7},{"not_picked":["Skewer","Storm of Steel"],"picked":"Caltrops","floor":8},{"not_picked":["Die Die Die","Well Laid Plans"],"picked":"Blur","floor":12},{"not_picked":["Masterful Stab","Underhanded Strike"],"picked":"Dodge and Roll","floor":13},{"not_picked":["Underhanded Strike","Prepared"],"picked":"Cloak And Dagger","floor":14},{"not_picked":["Glass Knife","Envenom"],"picked":"Corpse Explosion","floor":16},{"not_picked":["Expertise+1"],"picked":"SKIP","floor":18},{"not_picked":["Concentrate"],"picked":"SKIP","floor":19},{"not_picked":["Flying Knee+1"],"picked":"SKIP","floor":21},{"not_picked":["Accuracy+1"],"picked":"SKIP","floor":24},{"not_picked":[],"picked":"Deflect","floor":25},{"not_picked":["All Out Attack"],"picked":"SKIP","floor":29},{"not_picked":[],"picked":"Riddle With Holes","floor":30},{"not_picked":[],"picked":"Cloak And Dagger","floor":35},{"not_picked":["Poisoned Stab"],"picked":"SKIP","floor":37},{"not_picked":[],"picked":"Quick Slash","floor":38},{"not_picked":[],"picked":"Blade Dance","floor":41},{"not_picked":[],"picked":"Dark Shackles","floor":46},{"not_picked":[],"picked":"Jack Of All Trades","floor":46},{"not_picked":[],"picked":"Dramatic Entrance","floor":46},{"not_picked":["Endless Agony+1"],"picked":"SKIP","floor":48}],"player_experience":1122291,"relics_obtained":[{"floor":7,"key":"Omamori"},{"floor":9,"key":"Mummified Hand"},{"floor":12,"key":"Incense Burner"},{"floor":24,"key":"Juzu Bracelet"},{"floor":26,"key":"Regal Pillow"},{"floor":41,"key":"Oddly Smooth Stone"}],"event_choices":[{"damage_healed":0,"gold_gain":0,"player_choice":"1 cards matched","damage_taken":0,"max_hp_gain":0,"max_hp_loss":0,"event_name":"Match and Keep!","floor":3,"gold_loss":0,"cards_obtained":["After Image"]},{"damage_healed":0,"gold_gain":0,"player_choice":"Forge","damage_taken":0,"max_hp_gain":0,"max_hp_loss":0,"event_name":"Accursed Blacksmith","floor":5,"gold_loss":0,"cards_upgraded":["Deadly Poison"]},{"cards_removed":["Strike_G"],"damage_healed":0,"gold_gain":0,"player_choice":"Offered Basic","damage_taken":0,"max_hp_gain":0,"max_hp_loss":0,"event_name":"Bonfire Elementals","floor":11,"gold_loss":0},{"damage_healed":0,"gold_gain":0,"cards_transformed":["Strike_G","Strike_G"],"player_choice":"Became Test Subject","damage_taken":0,"max_hp_gain":0,"max_hp_loss":0,"event_name":"Drug Dealer","floor":20,"gold_loss":0,"cards_obtained":["Die Die Die","Storm of Steel"]},{"damage_healed":0,"gold_gain":0,"player_choice":"Ignored","damage_taken":0,"max_hp_gain":0,"max_hp_loss":0,"event_name":"Cursed Tome","floor":31,"gold_loss":0},{"damage_healed":0,"gold_gain":0,"player_choice":"Ignored","damage_taken":0,"max_hp_gain":0,"max_hp_loss":0,"event_name":"Tomb of Lord Red Mask","floor":36,"gold_loss":0},{"cards_removed":["Quick Slash"],"damage_healed":0,"gold_gain":0,"player_choice":"Removed Attack","damage_taken":0,"max_hp_gain":0,"max_hp_loss":0,"event_name":"Falling","floor":44,"gold_loss":0},{"damage_healed":0,"gold_gain":0,"player_choice":"Memory 3","damage_taken":10,"max_hp_gain":0,"max_hp_loss":0,"event_name":"SensoryStone","floor":46,"gold_loss":0},{"damage_healed":0,"gold_gain":0,"player_choice":"Embrace Madness","damage_taken":9,"max_hp_gain":0,"max_hp_loss":0,"event_name":"Winding Halls","floor":47,"gold_loss":0,"cards_obtained":["Madness","Madness"]}],"is_beta":false,"boss_relics":[{"not_picked":["Orrery","Lizard Tail"],"picked":"Busted Crown"},{"not_picked":["Velvet Choker","Snecko Eye"],"picked":"Fusion Hammer"}],"items_purged_floors":[22,39],"is_endless":false,"potions_floor_spawned":[1,2,4,7,8,12,13,14,16,18,19,21,24,25,29,30,33,35,37,38,41,48],"killed_by":"Donu and Deca","ascension_level":11}