{"gold_per_floor":[412,337,351,351,351,386,386,396,475,215,290,290,290,308,308,387,387,398,413,338,228,228],"floor_reached":22,"playtime":702,"items_purged":["Clumsy","Strike_R"],"score":355,"play_id":"4b5b64ab-4fa9-4fb6-a751-e7ffa38640bf","local_time":"20190302215716","is_ascension_mode":true,"campfire_choices":[{"data":"Bash","floor":7,"key":"SMITH"},{"data":"Combust","floor":13,"key":"SMITH"},{"data":"Flex","floor":15,"key":"SMITH"}],"neow_cost":"CURSE","seed_source_timestamp":88528295009467,"circlet_count":0,"master_deck":["AscendersBane","Strike_R","Strike_R+1","Strike_R","Defend_R","Defend_R+1","Defend_R+1","Bash+1","Flex+1","Combust+1","Double Tap","Feed","Rupture"],"relics":["Burning Blood","Old Coin","Omamori","Sundial","Vajra","Sozu"],"potions_floor_usage":[6,16],"damage_taken":[{"damage":6,"enemies":"Cultist","floor":1,"turns":3},{"damage":7,"enemies":"Jaw Worm","floor":3,"turns":3},{"damage":10,"enemies":"Gremlin Nob","floor":6,"turns":3},{"damage":3,"enemies":"Small Slimes","floor":8,"turns":2},{"damage":1,"enemies":"Exordium Wildlife","floor":14,"turns":3},{"damage":23,"enemies":"The Guardian","floor":16,"turns":10},{"damage":24,"enemies":"Spheric Guardian","floor":18,"turns":5},{"damage":28,"enemies":"2 Thieves","floor":19,"turns":4},{"damage":37,"enemies":"Centurion and Healer","floor":22,"turns":4}],"seed_played":"-1894190100262796314","potions_obtained":[{"floor":3,"key":"AttackPotion"},{"floor":6,"key":"PowerPotion"}],"is_trial":false,"path_per_floor":["M","$","M","?","?","E","R","M","T","$","?","?","R","M","R","B",null,"M","M","?","?","M"],"character_chosen":"IRONCLAD","items_purchased":["Vajra"],"campfire_rested":0,"item_purchase_floors":[10],"current_hp_per_floor":[68,68,67,72,48,44,44,47,47,47,36,36,36,41,41,24,66,48,29,29,29,0],"gold":228,"neow_bonus":"ONE_RARE_RELIC","is_prod":false,"is_daily":false,"chose_seed":false,"campfire_upgraded":3,"win_rate":0,"timestamp":1551531436,"path_taken":["M","$","?","?","?","E","R","M","T","?","?","?","R","M","R","BOSS","M","M","?","?","?"],"build_version":"2019-01-23","purchased_purges":2,"victory":false,"max_hp_per_floor":[75,75,75,80,80,80,80,80,80,80,80,80,80,80,80,80,80,80,83,83,83,86],"card_choices":[{"not_picked":["Pommel Strike","Infernal Blade"],"picked":"Flex","floor":1},{"not_picked":["Heavy Blade","Clash"],"picked":"Combust","floor":3},{"not_picked":["Infernal Blade","Headbutt"],"picked":"Double Tap","floor":6},{"not_picked":["Dual Wield","Heavy Blade","Ghostly Armor"],"picked":"SKIP","floor":8},{"not_picked":["Armaments","Bloodletting","Pommel Strike"],"picked":"SKIP","floor":14},{"not_picked":["Berserk","Double Tap"],"picked":"Feed","floor":16},{"not_picked":["Disarm","Anger","Wild Strike"],"picked":"SKIP","floor":18},{"not_picked":["Disarm","Anger","Wild Strike"],"picked":"SKIP","floor":18},{"not_picked":["Feel No Pain","Flex"],"picked":"Rupture","floor":19}],"player_experience":1007317,"relics_obtained":[{"floor":6,"key":"Omamori"},{"floor":9,"key":"Sundial"}],"event_choices":[{"damage_healed":0,"gold_gain":0,"player_choice":"Donut","damage_taken":0,"max_hp_gain":5,"max_hp_loss":0,"event_name":"Big Fish","floor":4,"gold_loss":0},{"damage_healed":0,"gold_gain":0,"player_choice":"Entered Light","damage_taken":24,"max_hp_gain":0,"max_hp_loss":0,"event_name":"Shining Light","floor":5,"gold_loss":0,"cards_upgraded":["Defend_R","Defend_R"]},{"damage_healed":0,"gold_gain":75,"player_choice":"Gather Gold","damage_taken":11,"max_hp_gain":0,"max_hp_loss":0,"event_name":"World of Goop","floor":11,"gold_loss":0},{"damage_healed":0,"gold_gain":0,"player_choice":"Ignored","damage_taken":0,"max_hp_gain":0,"max_hp_loss":0,"event_name":"Liars Game","floor":12,"gold_loss":0},{"cards_removed":["Strike_R"],"damage_healed":0,"gold_gain":0,"player_choice":"Gave Gold","damage_taken":0,"max_hp_gain":0,"max_hp_loss":0,"event_name":"Beggar","floor":20,"gold_loss":75},{"cards_removed":["Defend_R"],"damage_healed":0,"gold_gain":0,"player_choice":"Upgrade and Remove","damage_taken":0,"max_hp_gain":0,"max_hp_loss":0,"event_name":"Designer","floor":21,"gold_loss":110,"cards_upgraded":["Strike_R"]}],"is_beta":false,"boss_relics":[{"not_picked":["Astrolabe","Lizard Tail"],"picked":"Sozu"}],"items_purged_floors":[2,10],"is_endless":false,"potions_floor_spawned":[3,6,19],"killed_by":"Centurion and Healer","ascension_level":19}