{"gold_per_floor":[117,131,111,121,137,164,2,2,2,2,12,41,41],"floor_reached":13,"playtime":724,"items_purged":[],"score":128,"play_id":"ff104653-0681-40a6-b431-8f8f683cb69d","local_time":"20181222114642","is_ascension_mode":true,"campfire_choices":[{"data":"Neutralize","floor":8,"key":"SMITH"},{"data":"Noxious Fumes","floor":10,"key":"SMITH"}],"neow_cost":"NONE","seed_source_timestamp":150610389178701,"circlet_count":0,"master_deck":["Defend_G","Defend_G","Defend_G","Defend_G","Defend_G","Strike_G","Strike_G","Strike_G","Strike_G","Strike_G","Survivor","Neutralize+1","Well Laid Plans","PiercingWail","Poisoned Stab","Riddle With Holes","Corpse Explosion","Noxious Fumes+1","Distraction","Deadly Poison"],"relics":["Ring of the Snake","Orichalcum","Snake Skull","Regal Pillow","Toxic Egg 2"],"potions_floor_usage":[5,6,6,6,12],"damage_taken":[{"damage":3,"enemies":"Jaw Worm","floor":1,"turns":4},{"damage":0,"enemies":"Cultist","floor":2,"turns":4},{"damage":1,"enemies":"Small Slimes","floor":4,"turns":4},{"damage":0,"enemies":"Exordium Wildlife","floor":5,"turns":4},{"damage":13,"enemies":"Lagavulin","floor":6,"turns":6},{"damage":8,"enemies":"Blue Slaver","floor":11,"turns":4},{"damage":28,"enemies":"Gremlin Nob","floor":12,"turns":4},{"damage":14,"enemies":"Lots of Slimes","floor":13,"turns":2}],"seed_played":"5131148275357602570","potions_obtained":[{"floor":1,"key":"Fire Potion"},{"floor":2,"key":"SkillPotion"},{"floor":3,"key":"Block Potion"},{"floor":4,"key":"Explosive Potion"},{"floor":5,"key":"PowerPotion"}],"is_trial":false,"path_per_floor":["M","M","?","M","M","E","$","R","T","R","M","E","M"],"character_chosen":"THE_SILENT","items_purchased":["Noxious Fumes","Distraction","PowerPotion"],"campfire_rested":0,"item_purchase_floors":[7,7,7],"current_hp_per_floor":[60,60,60,59,59,46,46,46,46,46,38,10,0],"gold":41,"neow_bonus":"RANDOM_COMMON_RELIC","is_prod":false,"is_daily":false,"chose_seed":false,"campfire_upgraded":2,"win_rate":0,"timestamp":1545497202,"path_taken":["M","M","?","M","M","E","$","R","T","R","?","E","M"],"build_version":"2018-12-20","purchased_purges":0,"victory":false,"max_hp_per_floor":[70,70,70,70,70,70,70,70,70,70,70,70,70],"card_choices":[{"not_picked":["Underhanded Strike","Flechettes"],"picked":"Well Laid Plans","floor":1},{"not_picked":["Acrobatics","Dagger Throw"],"picked":"PiercingWail","floor":2},{"not_picked":["Flechettes","Grand Finale"],"picked":"Poisoned Stab","floor":4},{"not_picked":["Sucker Punch","Slice"],"picked":"Riddle With Holes","floor":5},{"not_picked":["Dagger Throw","Dodge and Roll"],"picked":"Corpse Explosion","floor":6},{"not_picked":["Acrobatics","Prepared"],"picked":"Deadly Poison","floor":11},{"not_picked":["Skewer","Concentrate","Slice"],"picked":"SKIP","floor":12}],"player_experience":340643,"relics_obtained":[{"floor":6,"key":"Snake Skull"},{"floor":9,"key":"Regal Pillow"},{"floor":12,"key":"Toxic Egg 2"}],"event_choices":[{"damage_healed":0,"gold_gain":0,"player_choice":"Bought 1 Potion","damage_taken":0,"max_hp_gain":0,"max_hp_loss":0,"event_name":"The Woman in Blue","floor":3,"gold_loss":0}],"is_beta":false,"boss_relics":[],"items_purged_floors":[],"is_endless":false,"potions_floor_spawned":[1,2,4,5],"killed_by":"Lots of Slimes","ascension_level":7}