{"gold_per_floor":[111,111,124,142,159,159,170,120,120,131,131,149,149,74,74,171,171,136,136,9,19,38,38,38,38,38,56,87,87,101,119,119,119],"floor_reached":33,"playtime":6577,"items_purged":["Strike_G"],"score":241,"play_id":"71bccd50-3ef4-404f-a42e-6cb22ad74bf9","local_time":"20190223212127","is_ascension_mode":false,"campfire_choices":[{"data":"Caltrops","floor":6,"key":"SMITH"},{"data":"After Image","floor":11,"key":"SMITH"},{"data":"Dodge and Roll","floor":15,"key":"SMITH"},{"data":"Tools of the Trade","floor":23,"key":"SMITH"},{"data":"Dodge and Roll","floor":25,"key":"SMITH"},{"data":"Dodge and Roll","floor":29,"key":"SMITH"},{"floor":32,"key":"REST"}],"neow_cost":"NONE","seed_source_timestamp":775413523626983,"circlet_count":0,"master_deck":["Defend_G","Defend_G","Defend_G","Defend_G","Defend_G","Strike_G","Strike_G","Strike_G","Survivor","Neutralize","Doppelganger+1","Backflip","Caltrops+1","After Image+1","Dodge and Roll+1","Well Laid Plans","Tools of the Trade+1","Backflip","Well Laid Plans","Dodge and Roll+1","Dodge and Roll+1","Doppelganger"],"relics":["Ring of the Snake","Mercury Hourglass","Eternal Feather","Anchor","Red Mask"],"potions_floor_usage":[16,28,28,33,33],"damage_taken":[{"damage":0,"enemies":"2 Louse","floor":1,"turns":5},{"damage":1,"enemies":"Cultist","floor":3,"turns":5},{"damage":0,"enemies":"Small Slimes","floor":4,"turns":5},{"damage":7,"enemies":"3 Louse","floor":5,"turns":6},{"damage":5,"enemies":"Exordium Thugs","floor":7,"turns":6},{"damage":12,"enemies":"Looter","floor":10,"turns":3},{"damage":0,"enemies":"Blue Slaver","floor":12,"turns":4},{"damage":32,"enemies":"Slime Boss","floor":16,"turns":20},{"damage":45,"enemies":"2 Thieves","floor":18,"turns":5},{"damage":0,"enemies":"Chosen","floor":21,"turns":8},{"damage":3,"enemies":"Centurion and Healer","floor":22,"turns":16},{"damage":8,"enemies":"Snecko","floor":27,"turns":11},{"damage":36,"enemies":"Masked Bandits","floor":28,"turns":5},{"damage":8,"enemies":"Snake Plant","floor":30,"turns":7},{"damage":18,"enemies":"Sentry and Sphere","floor":31,"turns":12},{"damage":87,"enemies":"Collector","floor":33,"turns":24}],"seed_played":"-902891024217570585","potions_obtained":[{"floor":5,"key":"Poison Potion"},{"floor":7,"key":"LiquidBronze"},{"floor":10,"key":"Energy Potion"},{"floor":16,"key":"Swift Potion"},{"floor":18,"key":"Regen Potion"},{"floor":30,"key":"Regen Potion"}],"is_trial":false,"path_per_floor":["M","?","M","M","M","R","M","?","T","M","R","M","?","$","R","B",null,"M","?","$","M","M","R","$","R","T","M","?","R","M","M","R","B"],"character_chosen":"THE_SILENT","items_purchased":["Backflip","Well Laid Plans"],"campfire_rested":1,"item_purchase_floors":[20,20],"current_hp_per_floor":[70,70,69,69,62,62,57,57,57,45,45,45,50,50,50,18,75,30,30,30,30,27,39,39,51,51,43,21,33,25,7,41,0],"gold":119,"neow_bonus":"ONE_RANDOM_RARE_CARD","is_prod":false,"is_daily":false,"chose_seed":false,"campfire_upgraded":6,"win_rate":0,"timestamp":1550974887,"path_taken":["M","?","M","M","?","R","M","?","T","M","R","M","?","$","R","BOSS","M","?","?","M","M","R","$","R","T","M","?","R","?","M","R","BOSS"],"build_version":"2019-01-23","purchased_purges":1,"victory":false,"max_hp_per_floor":[70,70,70,70,70,70,70,70,70,70,70,70,75,75,75,75,75,75,75,75,75,75,75,75,75,75,75,75,75,75,75,75,75],"card_choices":[{"not_picked":["Dagger Spray","Outmaneuver","Slice"],"picked":"SKIP","floor":1},{"not_picked":["Acrobatics","Slice"],"picked":"Backflip","floor":3},{"not_picked":["Dagger Throw","Prepared"],"picked":"Caltrops","floor":4},{"not_picked":["Setup","Underhanded Strike","Poisoned Stab"],"picked":"SKIP","floor":5},{"not_picked":["Flechettes","Poisoned Stab"],"picked":"After Image","floor":7},{"not_picked":["Deadly Poison","Eviscerate"],"picked":"Dodge and Roll","floor":10},{"not_picked":["PiercingWail","Underhanded Strike"],"picked":"Well Laid Plans","floor":12},{"not_picked":["Storm of Steel","Grand Finale"],"picked":"Tools of the Trade","floor":16},{"not_picked":["Underhanded Strike","Flying Knee","Blade Dance"],"picked":"SKIP","floor":18},{"not_picked":["Terror","Heel Hook","Acrobatics"],"picked":"SKIP","floor":21},{"not_picked":["Cloak And Dagger+1","Crippling Poison+1"],"picked":"Dodge and Roll","floor":22},{"not_picked":["Underhanded Strike+1","Setup+1","Crippling Poison+1"],"picked":"SKIP","floor":27},{"not_picked":["Riddle With Holes+1","Dagger Throw"],"picked":"Dodge and Roll","floor":28},{"not_picked":["Bane+1","Slice+1","Heel Hook"],"picked":"SKIP","floor":30},{"not_picked":["Heel Hook","Well Laid Plans"],"picked":"Doppelganger","floor":31}],"player_experience":1082104,"relics_obtained":[{"floor":9,"key":"Mercury Hourglass"},{"floor":26,"key":"Anchor"},{"floor":28,"key":"Red Mask"}],"event_choices":[{"damage_healed":0,"gold_gain":0,"player_choice":"0 cards matched","damage_taken":0,"max_hp_gain":0,"max_hp_loss":0,"event_name":"Match and Keep!","floor":2,"gold_loss":0,"cards_obtained":[]},{"cards_removed":["Strike_G"],"damage_healed":0,"gold_gain":0,"player_choice":"Card Removal","damage_taken":0,"max_hp_gain":0,"max_hp_loss":0,"event_name":"The Cleric","floor":8,"gold_loss":50},{"damage_healed":0,"gold_gain":0,"player_choice":"Donut","damage_taken":0,"max_hp_gain":5,"max_hp_loss":0,"event_name":"Big Fish","floor":13,"gold_loss":0},{"damage_healed":0,"gold_gain":0,"player_choice":"Upgraded","damage_taken":0,"max_hp_gain":0,"max_hp_loss":0,"event_name":"Upgrade Shrine","floor":19,"gold_loss":0,"cards_upgraded":["Doppelganger"]},{"damage_healed":0,"gold_gain":0,"player_choice":"Fought Bandits","damage_taken":0,"max_hp_gain":0,"max_hp_loss":0,"event_name":"Masked Bandits","floor":28,"gold_loss":0}],"is_beta":false,"boss_relics":[{"not_picked":["Sozu","White Beast Statue"],"picked":"Eternal Feather"}],"items_purged_floors":[14],"is_endless":false,"potions_floor_spawned":[5,7,10,16,18,22,27,30],"killed_by":"Collector","ascension_level":0}