{"gold_per_floor":[110,110,285,299,149,176,251,278,278,23,40,40,54,24,24,125,125,144,0,0],"floor_reached":20,"playtime":787,"items_purged":["Doubt"],"score":277,"play_id":"7c8163f5-63de-44eb-a2cc-6543a01f8dbf","local_time":"20181222100023","is_ascension_mode":true,"campfire_choices":[{"floor":15,"key":"REST"}],"neow_cost":"NONE","seed_source_timestamp":144168082149092,"circlet_count":0,"master_deck":["Defend_G","Defend_G","Defend_G","Defend_G","Defend_G","Strike_G","Strike_G","Strike_G","Strike_G","Strike_G","Survivor","Neutralize","Deadly Poison","Well Laid Plans","Noxious Fumes","Terror","Deadly Poison","Deadly Poison","Bullet Time","Venomology","Catalyst+1"],"relics":["Ring of the Snake","NeowsBlessing","Bottled Lightning","Lantern","Kunai","ClockworkSouvenir","Black Star"],"potions_floor_usage":[8,11,16,16,16,18],"damage_taken":[{"damage":0,"enemies":"2 Louse","floor":1,"turns":1},{"damage":0,"enemies":"Jaw Worm","floor":4,"turns":1},{"damage":0,"enemies":"Gremlin Nob","floor":6,"turns":1},{"damage":21,"enemies":"3 Sentries","floor":8,"turns":8},{"damage":7,"enemies":"Small Slimes","floor":11,"turns":3},{"damage":0,"enemies":"Looter","floor":13,"turns":2},{"damage":16,"enemies":"Slime Boss","floor":16,"turns":6},{"damage":53,"enemies":"3 Byrds","floor":18,"turns":6},{"damage":13,"enemies":"Colosseum Slavers","floor":20,"turns":1}],"seed_played":"-9070499085641151580","potions_obtained":[{"floor":1,"key":"Strength Potion"},{"floor":6,"key":"Swift Potion"},{"floor":8,"key":"Strength Potion"},{"floor":14,"key":"Energy Potion"},{"floor":14,"key":"PowerPotion"}],"is_trial":false,"path_per_floor":["M","?","?","M","$","E","?","E","T","$","M","$","M","?","R","B",null,"M","?","?"],"character_chosen":"THE_SILENT","items_purchased":["Noxious Fumes","ClockworkSouvenir","Deadly Poison"],"campfire_rested":1,"item_purchase_floors":[5,10,10],"current_hp_per_floor":[63,63,63,63,63,63,52,31,31,31,24,24,24,24,45,29,60,7,7,0],"gold":0,"neow_bonus":"THREE_ENEMY_KILL","is_prod":false,"is_daily":false,"chose_seed":false,"campfire_upgraded":0,"win_rate":0,"timestamp":1545490823,"path_taken":["M","?","?","M","?","E","?","E","T","$","M","?","?","?","R","BOSS","M","?","?"],"build_version":"2018-12-20","purchased_purges":1,"victory":false,"max_hp_per_floor":[70,70,70,70,70,70,70,70,70,70,70,70,70,70,70,70,70,70,70,70],"card_choices":[{"not_picked":["Expertise","Bane"],"picked":"Deadly Poison","floor":1},{"not_picked":["Deadly Poison","Outmaneuver"],"picked":"Well Laid Plans","floor":4},{"not_picked":["Skewer","Setup"],"picked":"Terror","floor":6},{"not_picked":["Prepared","PiercingWail"],"picked":"Deadly Poison","floor":8},{"not_picked":["Flying Knee","Bane"],"picked":"Bullet Time","floor":11},{"not_picked":["Flying Knee","Outmaneuver","Dodge and Roll"],"picked":"SKIP","floor":13},{"not_picked":["Malaise","Bullet Time"],"picked":"Venomology","floor":16},{"not_picked":["Acrobatics+1","Dodge and Roll"],"picked":"Catalyst+1","floor":18}],"player_experience":334795,"relics_obtained":[{"floor":6,"key":"Bottled Lightning"},{"floor":8,"key":"Lantern"},{"floor":9,"key":"Kunai"}],"event_choices":[{"damage_healed":0,"gold_gain":0,"player_choice":"Ignored","damage_taken":0,"max_hp_gain":0,"max_hp_loss":0,"event_name":"Golden Wing","floor":2,"gold_loss":0},{"damage_healed":0,"gold_gain":175,"player_choice":"AGREE","damage_taken":0,"max_hp_gain":0,"max_hp_loss":0,"event_name":"Liars Game","floor":3,"gold_loss":0,"cards_obtained":["Doubt"]},{"damage_healed":0,"gold_gain":75,"player_choice":"Gather Gold","damage_taken":11,"max_hp_gain":0,"max_hp_loss":0,"event_name":"World of Goop","floor":7,"gold_loss":0},{"damage_healed":0,"gold_gain":0,"player_choice":"Bought 2 Potions","damage_taken":0,"max_hp_gain":0,"max_hp_loss":0,"event_name":"The Woman in Blue","floor":14,"gold_loss":0},{"damage_healed":0,"gold_gain":0,"player_choice":"Paid Fearfully","damage_taken":0,"max_hp_gain":0,"max_hp_loss":0,"event_name":"Masked Bandits","floor":19,"gold_loss":144},{"damage_healed":0,"gold_gain":0,"player_choice":"Fight","damage_taken":0,"max_hp_gain":0,"max_hp_loss":0,"event_name":"Colosseum","floor":20,"gold_loss":0}],"is_beta":false,"boss_relics":[{"not_picked":["Snecko Eye","Orrery"],"picked":"Black Star"}],"items_purged_floors":[5],"is_endless":false,"potions_floor_spawned":[1,6,8],"killed_by":"Colosseum Slavers","ascension_level":7}