{"gold_per_floor":[109,109,125,142,217,217,244,244,244,306,306,306,3,23,23,119,119,136,153,153,167,167,202,202,220,220,130,130,33,59,79,79,177,177,189,202,202,212,225,225,259,135,158,189,201,239,262,291,303,315],"floor_reached":51,"playtime":3734,"items_purged":["Strike_R","Defend_R"],"score":794,"play_id":"90f4050a-1f35-4cd2-8805-b3ba7b3113bf","local_time":"20190303032604","is_ascension_mode":true,"campfire_choices":[{"floor":6,"key":"REST"},{"data":"Inflame","floor":8,"key":"SMITH"},{"data":"Whirlwind","floor":11,"key":"SMITH"},{"data":"Heavy Blade","floor":15,"key":"SMITH"},{"data":"Limit Break","floor":24,"key":"SMITH"},{"data":"Metallicize","floor":28,"key":"SMITH"},{"data":"Brutality","floor":32,"key":"SMITH"},{"data":"Barricade","floor":40,"key":"SMITH"},{"data":"Flex","floor":45,"key":"SMITH"},{"data":"Double Tap","floor":49,"key":"SMITH"}],"neow_cost":"NONE","seed_source_timestamp":721871304271617,"circlet_count":0,"master_deck":["Strike_R","Defend_R","Defend_R+1","Defend_R","Bash","Heavy Blade+1","Seeing Red+1","Whirlwind+1","Inflame+1","Shrug It Off","Seeing Red","Limit Break+1","Pummel","Flex+1","Body Slam","Clothesline","Armaments+1","Necronomicurse","Metallicize+1","Sword Boomerang+1","Bloodletting+1","Barricade+1","Rage+1","Brutality+1","Double Tap+1","Thunderclap+1","Battle Trance","Double Tap"],"relics":["Burning Blood","Gremlin Horn","Bottled Tornado","Dead Branch","Membership Card","Oddly Smooth Stone","Necronomicon","Nloth\u0027s Gift","Meat on the Bone","Mummified Hand","Red Skull","Runic Pyramid","War Paint","Strawberry","MawBank","Blue Candle"],"potions_floor_usage":[7,10,25,30,30,33,50,50],"damage_taken":[{"damage":9,"enemies":"2 Louse","floor":1,"turns":4},{"damage":5,"enemies":"Cultist","floor":3,"turns":4},{"damage":14,"enemies":"Small Slimes","floor":4,"turns":4},{"damage":30,"enemies":"Lagavulin","floor":7,"turns":7},{"damage":16,"enemies":"Gremlin Nob","floor":10,"turns":3},{"damage":5,"enemies":"Looter","floor":14,"turns":3},{"damage":13,"enemies":"Slime Boss","floor":16,"turns":8},{"damage":0,"enemies":"Spheric Guardian","floor":18,"turns":3},{"damage":11,"enemies":"Shell Parasite","floor":19,"turns":4},{"damage":21,"enemies":"Centurion and Healer","floor":21,"turns":5},{"damage":12,"enemies":"Book of Stabbing","floor":23,"turns":4},{"damage":0,"enemies":"Chosen and Byrds","floor":25,"turns":4},{"damage":9,"enemies":"Slavers","floor":30,"turns":4},{"damage":19,"enemies":"Snake Plant","floor":31,"turns":2},{"damage":25,"enemies":"Champ","floor":33,"turns":5},{"damage":13,"enemies":"Orb Walker","floor":35,"turns":3},{"damage":27,"enemies":"3 Shapes","floor":36,"turns":3},{"damage":0,"enemies":"Sphere and 2 Shapes","floor":38,"turns":1},{"damage":1,"enemies":"Jaw Worm Horde","floor":39,"turns":2},{"damage":16,"enemies":"Nemesis","floor":41,"turns":7},{"damage":9,"enemies":"Transient","floor":44,"turns":5},{"damage":8,"enemies":"Giant Head","floor":46,"turns":5},{"damage":22,"enemies":"Spire Growth","floor":47,"turns":3},{"damage":17,"enemies":"Writhing Mass","floor":48,"turns":2},{"damage":25,"enemies":"Donu and Deca","floor":50,"turns":3}],"seed_played":"-8326415237968065075","potions_obtained":[{"floor":3,"key":"AttackPotion"},{"floor":7,"key":"Poison Potion"},{"floor":14,"key":"Ancient Potion"},{"floor":18,"key":"Explosive Potion"},{"floor":19,"key":"EssenceOfSteel"},{"floor":25,"key":"SkillPotion"},{"floor":39,"key":"Dexterity Potion"},{"floor":41,"key":"Energy Potion"},{"floor":44,"key":"GamblersBrew"},{"floor":46,"key":"BloodPotion"}],"is_trial":false,"path_per_floor":["M","?","M","M","?","R","E","R","T","?","R","?","$","M","R","B",null,"M","M","?","M","?","E","R","M","T","?","R","$","E","M","R","B",null,"M","M","?","M","M","R","E","$","T","M","R","E","M","M","R","B",null],"character_chosen":"IRONCLAD","items_purchased":["Membership Card","Oddly Smooth Stone","Barricade","Rage","Strawberry"],"campfire_rested":1,"item_purchase_floors":[13,13,29,29,42],"current_hp_per_floor":[77,77,78,70,59,80,56,56,56,46,46,46,46,47,47,40,80,80,75,59,44,44,38,38,56,56,56,56,56,53,52,52,45,80,73,52,52,58,63,63,53,60,60,57,57,55,51,52,52,53],"gold":327,"neow_bonus":"REMOVE_CARD","is_prod":false,"is_daily":false,"chose_seed":false,"campfire_upgraded":9,"win_rate":0,"timestamp":1551579964,"path_taken":["M","?","?","M","?","R","E","R","T","?","R","?","$","?","R","BOSS","M","M","?","M","?","E","R","?","T","?","R","$","E","M","R","BOSS","M","M","?","M","M","R","E","$","T","M","R","E","M","?","R","BOSS"],"build_version":"2019-01-23","purchased_purges":2,"victory":true,"max_hp_per_floor":[80,80,80,80,80,80,80,80,80,80,80,80,80,80,80,80,80,80,80,80,80,80,80,80,80,80,80,80,80,80,80,80,80,80,80,80,80,80,80,80,80,87,87,87,87,87,87,87,87,87],"card_choices":[{"not_picked":["Combust","Clothesline"],"picked":"Heavy Blade","floor":1},{"not_picked":["Anger","Perfected Strike"],"picked":"Seeing Red","floor":3},{"not_picked":["Warcry","Rupture"],"picked":"Whirlwind","floor":4},{"not_picked":["Second Wind","Clash"],"picked":"Inflame","floor":7},{"not_picked":["Warcry","Perfected Strike"],"picked":"Shrug It Off","floor":10},{"not_picked":["Pommel Strike","Warcry"],"picked":"Seeing Red","floor":14},{"not_picked":["Dark Embrace","Immolate"],"picked":"Limit Break","floor":16},{"not_picked":["Hemokinesis","Sever Soul"],"picked":"Pummel","floor":17},{"not_picked":["Blood for Blood","Infernal Blade"],"picked":"Flex","floor":17},{"not_picked":["Seeing Red","Rupture"],"picked":"Body Slam","floor":17},{"not_picked":["Body Slam","Perfected Strike"],"picked":"Clothesline","floor":17},{"not_picked":["True Grit","Iron Wave","Searing Blow"],"picked":"SKIP","floor":18},{"not_picked":["Seeing Red","Whirlwind"],"picked":"Armaments+1","floor":19},{"not_picked":["Shrug It Off","Feel No Pain"],"picked":"Metallicize","floor":21},{"not_picked":["Wild Strike","Anger"],"picked":"Sword Boomerang+1","floor":23},{"not_picked":["Cleave+1","Havoc"],"picked":"Bloodletting+1","floor":25},{"not_picked":["Clothesline+1","Armaments+1"],"picked":"Brutality","floor":30},{"not_picked":["Anger","Sword Boomerang","Pommel Strike+1"],"picked":"SKIP","floor":31},{"not_picked":["Bludgeon","Dark Embrace"],"picked":"Double Tap","floor":33},{"not_picked":["Iron Wave+1","Armaments","Sword Boomerang+1"],"picked":"SKIP","floor":35},{"not_picked":["True Grit+1","Hemokinesis+1","Pummel"],"picked":"SKIP","floor":36},{"not_picked":["Infernal Blade+1","Heavy Blade"],"picked":"Thunderclap+1","floor":38},{"not_picked":["Rage","Heavy Blade+1","Bloodletting"],"picked":"SKIP","floor":39},{"not_picked":["Limit Break","Pummel"],"picked":"Battle Trance","floor":41},{"not_picked":["Anger","Twin Strike+1"],"picked":"Double Tap","floor":44},{"not_picked":["Blood for Blood+1","Havoc+1","Body Slam"],"picked":"SKIP","floor":46},{"not_picked":["Body Slam+1","Anger","True Grit"],"picked":"SKIP","floor":47},{"not_picked":["Shrug It Off+1","Pummel","Limit Break"],"picked":"SKIP","floor":48}],"player_experience":425948,"relics_obtained":[{"floor":7,"key":"Gremlin Horn"},{"floor":9,"key":"Bottled Tornado"},{"floor":10,"key":"Dead Branch"},{"floor":20,"key":"Necronomicon"},{"floor":23,"key":"Meat on the Bone"},{"floor":26,"key":"Mummified Hand"},{"floor":30,"key":"Red Skull"},{"floor":41,"key":"War Paint"},{"floor":43,"key":"MawBank"},{"floor":46,"key":"Blue Candle"}],"event_choices":[{"cards_removed":["Strike_R"],"damage_healed":0,"gold_gain":0,"player_choice":"Purged","damage_taken":0,"max_hp_gain":0,"max_hp_loss":0,"event_name":"Purifier","floor":2,"gold_loss":0},{"damage_healed":0,"gold_gain":75,"player_choice":"Gather Gold","damage_taken":11,"max_hp_gain":0,"max_hp_loss":0,"event_name":"World of Goop","floor":5,"gold_loss":0},{"damage_healed":0,"gold_gain":0,"player_choice":"Searched \u00271\u0027 times","damage_taken":0,"max_hp_gain":0,"max_hp_loss":0,"event_name":"Dead Adventurer","floor":10,"gold_loss":0},{"damage_healed":0,"gold_gain":0,"player_choice":"Bought 0 Potions","damage_taken":0,"max_hp_gain":0,"max_hp_loss":0,"event_name":"The Woman in Blue","floor":12,"gold_loss":0},{"damage_healed":0,"gold_gain":0,"player_choice":"Obtained Book","damage_taken":16,"max_hp_gain":0,"max_hp_loss":0,"event_name":"Cursed Tome","floor":20,"gold_loss":0},{"damage_healed":0,"gold_gain":0,"player_choice":"Traded Relic","damage_taken":0,"relics_obtained":["Nloth\u0027s Gift"],"max_hp_gain":0,"max_hp_loss":0,"event_name":"N\u0027loth","floor":22,"relics_lost":["Orrery"],"gold_loss":0},{"cards_removed":["Strike_R"],"damage_healed":0,"gold_gain":0,"player_choice":"Upgrade and Remove","damage_taken":0,"max_hp_gain":0,"max_hp_loss":0,"event_name":"Designer","floor":27,"gold_loss":90,"cards_upgraded":["Seeing Red"]},{"damage_healed":0,"gold_gain":0,"player_choice":"Ignored","damage_taken":0,"max_hp_gain":0,"max_hp_loss":0,"event_name":"SecretPortal","floor":37,"gold_loss":0}],"is_beta":false,"boss_relics":[{"not_picked":["Mark of Pain","Pandora\u0027s Box"],"picked":"Orrery"},{"not_picked":["White Beast Statue","Tiny House"],"picked":"Runic Pyramid"}],"items_purged_floors":[13,42],"is_endless":false,"potions_floor_spawned":[3,7,14,18,19,23,25,39,41,44,46],"ascension_level":2}