{"path_per_floor":["M","$","M","M","?","R","E","R","T","R","M","R","?","?","R","B",null,"M","?","T","M","$","?","R","$","T","R"],"character_chosen":"IRONCLAD","items_purchased":["Perfected Strike","Battle Trance","Ghostly Armor"],"gold_per_floor":[117,19,30,42,42,42,71,71,94,94,112,112,112,62,62,165,165,185,185,209,223,123,123,123,7,7,7],"floor_reached":28,"campfire_rested":1,"playtime":590,"current_hp_per_floor":[72,72,66,66,66,66,60,60,60,60,49,49,74,74,74,16,62,68,68,68,45,45,45,45,45,45,67],"items_purged":["Parasite","Parasite"],"gold":7,"score":329,"play_id":"8de15fdc-4d4b-445a-acd7-dbc3f73020c1","local_time":"20180321014744","is_prod":false,"is_daily":false,"is_ascension_mode":true,"campfire_upgraded":6,"timestamp":1521614864,"path_taken":["M","?","M","M","?","R","E","R","T","R","?","R","?","?","R","BOSS","M","?","?","M","$","?","R","$","T","R","E"],"build_version":"2018-03-15v3","purchased_purges":2,"victory":false,"master_deck":["Strike_R","Strike_R","Strike_R","Strike_R","Strike_R","Defend_R","Defend_R","Defend_R","Defend_R","Bash+1","Thunderclap","Perfected Strike+1","Seeing Red+1","Perfected Strike+1","Cleave","Flex+1","Limit Break+1","Uppercut","Pommel Strike","Battle Trance","Ghostly Armor","Writhe"],"max_hp_per_floor":[80,77,77,77,77,77,77,77,77,77,77,77,77,77,77,77,77,77,77,77,77,74,74,74,74,74,74],"relics":["Burning Blood","Peace Pipe","Lantern","Cursed Key","Orichalcum","Shovel"],"card_choices":[{"not_picked":["Anger","Pommel Strike"],"picked":"Thunderclap"},{"not_picked":["Limit Break","Searing Blow"],"picked":"Sword Boomerang"},{"not_picked":["Feel No Pain","Bloodletting"],"picked":"Seeing Red"},{"not_picked":["Cleave","Entrench"],"picked":"Perfected Strike"},{"not_picked":["Heavy Blade","Sword Boomerang"],"picked":"Cleave"},{"not_picked":["Inflame","Immolate"],"picked":"Flex"},{"not_picked":["Feed","Berserk"],"picked":"Limit Break"},{"not_picked":["True Grit","Sword Boomerang"],"picked":"Uppercut"},{"not_picked":["Shrug It Off","Headbutt"],"picked":"Pommel Strike"}],"player_experience":329610,"potions_floor_usage":[7,16],"damage_taken":[{"damage":6,"enemies":"Cultist","floor":1,"turns":4},{"damage":12,"enemies":"Jaw Worm","floor":3,"turns":2},{"damage":6,"enemies":"2 Louse","floor":4,"turns":2},{"damage":12,"enemies":"3 Sentries","floor":7,"turns":7},{"damage":17,"enemies":"Exordium Wildlife","floor":11,"turns":3},{"damage":64,"enemies":"The Guardian","floor":16,"turns":9},{"damage":0,"enemies":"Chosen","floor":18,"turns":3},{"damage":29,"enemies":"2 Thieves","floor":21,"turns":3},{"damage":70,"enemies":"Gremlin Leader","floor":28,"turns":6}],"event_choices":[{"event_name":"Liars Game","player_choice":"disagreed","floor":5,"damage_taken":0},{"event_name":"Big Fish","player_choice":"Banana","floor":13,"damage_taken":0},{"event_name":"The Cleric","player_choice":"Card Removal","floor":14,"damage_taken":0},{"event_name":"Beggar","player_choice":"Ignored","floor":19,"damage_taken":0},{"event_name":"Drug Dealer","player_choice":"Ignored","floor":23,"damage_taken":0}],"boss_relics":[{"not_picked":["Runic Pyramid","Black Star"],"picked":"Cursed Key"}],"potions_floor_spawned":[3,11],"seed_played":"4753020682180144114","killed_by":"Gremlin Leader","ascension_level":11,"is_trial":false}