{"gold_per_floor":[116,129,144,144,155,155,188,188,214,226,261,275,275,14,14,119,119,131,151,166,20,38,38,69,19,72,98,108,108,108,127,127,223,223,240,254,104,123,123,123],"floor_reached":40,"playtime":3668,"items_purged":["Strike_B","Strike_B"],"score":462,"play_id":"a6947e30-4c38-4274-bdeb-41b84d67eac2","local_time":"20190129222530","is_ascension_mode":true,"campfire_choices":[{"data":"Defragment","floor":6,"key":"SMITH"},{"data":"Dualcast","floor":13,"key":"SMITH"},{"floor":15,"key":"REST"},{"data":"Defragment","floor":23,"key":"SMITH"},{"floor":29,"key":"REST"},{"floor":32,"key":"REST"}],"neow_cost":"NONE","seed_source_timestamp":814571062698153,"circlet_count":0,"master_deck":["Strike_B","Strike_B","Defend_B","Defend_B","Defend_B","Zap+1","Dualcast+1","Coolheaded","Compile Driver","White Noise","Defragment+1","Leap","Rebound","Auto Shields","Cold Snap","Blizzard","Defragment+1","Machine Learning","FTL","Steam+1","Static Discharge+1","Capacitor","Capacitor","Barrage","FTL","Turbo","Seek","Capacitor","Force Field+1","Redo","Coolheaded","Chrysalis","Apotheosis"],"relics":["Cracked Core","Bag of Marbles","Bronze Scales","Anchor","Blood Vial","Nuclear Battery","Regal Pillow","Omamori","Peace Pipe","Sozu"],"potions_floor_usage":[11,16,24,33],"damage_taken":[{"damage":0,"enemies":"Cultist","floor":1,"turns":4},{"damage":1,"enemies":"Jaw Worm","floor":2,"turns":4},{"damage":5,"enemies":"2 Louse","floor":3,"turns":2},{"damage":9,"enemies":"Red Slaver","floor":5,"turns":5},{"damage":18,"enemies":"Gremlin Nob","floor":7,"turns":4},{"damage":2,"enemies":"Blue Slaver","floor":10,"turns":3},{"damage":14,"enemies":"Lagavulin","floor":11,"turns":6},{"damage":0,"enemies":"3 Louse","floor":12,"turns":3},{"damage":15,"enemies":"Slime Boss","floor":16,"turns":7},{"damage":0,"enemies":"Shell Parasite","floor":18,"turns":6},{"damage":3,"enemies":"Spheric Guardian","floor":19,"turns":4},{"damage":15,"enemies":"Snecko","floor":20,"turns":6},{"damage":10,"enemies":"Cultist and Chosen","floor":22,"turns":7},{"damage":8,"enemies":"Book of Stabbing","floor":24,"turns":5},{"damage":36,"enemies":"Gremlin Leader","floor":27,"turns":4},{"damage":7,"enemies":"Centurion and Healer","floor":28,"turns":7},{"damage":20,"enemies":"Colosseum Slavers","floor":30,"turns":4},{"damage":8,"enemies":"Shelled Parasite and Fungi","floor":31,"turns":4},{"damage":5,"enemies":"Champ","floor":33,"turns":8},{"damage":2,"enemies":"Orb Walker","floor":35,"turns":3},{"damage":14,"enemies":"3 Shapes","floor":36,"turns":4},{"damage":26,"enemies":"3 Darklings","floor":38,"turns":4},{"damage":41,"enemies":"Reptomancer","floor":40,"turns":2}],"seed_played":"-920914959696731126","potions_obtained":[{"floor":7,"key":"PowerPotion"},{"floor":10,"key":"EssenceOfSteel"},{"floor":16,"key":"Poison Potion"},{"floor":18,"key":"SneckoOil"},{"floor":19,"key":"Energy Potion"},{"floor":20,"key":"EssenceOfSteel"},{"floor":31,"key":"AttackPotion"}],"is_trial":false,"path_per_floor":["M","M","M","?","M","R","E","?","T","M","E","M","R","$","R","B",null,"M","M","M","$","M","R","E","?","T","E","M","R","?","M","R","B",null,"M","M","$","M","?","E"],"character_chosen":"DEFECT","items_purchased":["Blizzard","Defragment","Blood Vial","Capacitor","Redo"],"campfire_rested":3,"item_purchase_floors":[14,14,14,21,37],"current_hp_per_floor":[82,81,76,69,60,60,42,42,42,40,26,26,26,26,50,37,82,82,79,66,66,58,58,52,52,52,18,13,52,34,28,67,64,82,80,68,68,44,39,0],"gold":123,"neow_bonus":"TEN_PERCENT_HP_BONUS","is_prod":false,"is_daily":false,"chose_seed":false,"campfire_upgraded":3,"win_rate":0,"timestamp":1548800730,"path_taken":["M","M","M","?","M","R","E","?","T","M","E","?","R","$","R","BOSS","M","M","M","$","M","R","E","?","T","E","?","R","?","M","R","BOSS","M","M","$","M","?","E"],"build_version":"2019-01-23","purchased_purges":2,"victory":false,"max_hp_per_floor":[82,82,82,82,82,82,82,82,82,82,82,82,82,82,82,82,82,82,82,82,82,82,82,82,82,82,82,82,82,82,82,82,82,82,82,82,82,82,82,82],"card_choices":[{"not_picked":["Steam","Stack"],"picked":"Coolheaded","floor":1},{"not_picked":["Streamline","Redo"],"picked":"Compile Driver","floor":2},{"not_picked":["Beam Cell","Double Energy"],"picked":"White Noise","floor":3},{"not_picked":["Doom and Gloom","Steam"],"picked":"Defragment","floor":5},{"not_picked":["Scrape","Compile Driver"],"picked":"Leap","floor":7},{"not_picked":["Go for the Eyes","Reboot"],"picked":"Rebound","floor":10},{"not_picked":["Reboot","Rip and Tear"],"picked":"Auto Shields","floor":11},{"not_picked":["Rebound","Turbo"],"picked":"Cold Snap","floor":12},{"not_picked":["Echo Form","Reboot"],"picked":"Machine Learning","floor":16},{"not_picked":["Compile Driver","Stack"],"picked":"FTL","floor":18},{"not_picked":["Aggregate","Cold Snap"],"picked":"Steam+1","floor":19},{"not_picked":["Go for the Eyes+1","Aggregate+1"],"picked":"Static Discharge+1","floor":20},{"not_picked":["Conserve Battery","Cold Snap"],"picked":"Capacitor","floor":22},{"not_picked":["Gash+1","Thunder Strike"],"picked":"Barrage","floor":24},{"not_picked":["Heatsinks+1","Rebound"],"picked":"FTL","floor":27},{"not_picked":["Streamline","Leap"],"picked":"Turbo","floor":28},{"not_picked":["Beam Cell+1","Double Energy","Rebound"],"picked":"SKIP","floor":31},{"not_picked":["Thunder Strike","Fission"],"picked":"Seek","floor":33},{"not_picked":["Hologram+1","Rip and Tear"],"picked":"Capacitor","floor":35},{"not_picked":["Turbo","Self Repair+1"],"picked":"Force Field+1","floor":36},{"not_picked":["Compile Driver","Turbo+1"],"picked":"Coolheaded","floor":38},{"not_picked":["Apotheosis","Purity"],"picked":"Chrysalis","floor":39},{"not_picked":["Deep Breath","Discovery"],"picked":"Apotheosis","floor":39}],"player_experience":388422,"relics_obtained":[{"floor":7,"key":"Bag of Marbles"},{"floor":9,"key":"Bronze Scales"},{"floor":11,"key":"Anchor"},{"floor":24,"key":"Regal Pillow"},{"floor":26,"key":"Omamori"},{"floor":27,"key":"Peace Pipe"}],"event_choices":[{"cards_removed":["Defend_B"],"damage_healed":0,"gold_gain":0,"player_choice":"Card Removal","damage_taken":7,"max_hp_gain":0,"max_hp_loss":0,"event_name":"Golden Wing","floor":4,"gold_loss":0},{"damage_healed":0,"gold_gain":0,"player_choice":"Forge","damage_taken":0,"max_hp_gain":0,"max_hp_loss":0,"event_name":"Accursed Blacksmith","floor":8,"gold_loss":0,"cards_upgraded":["Zap"]},{"damage_healed":0,"gold_gain":0,"player_choice":"Bet on Murderer","damage_taken":0,"max_hp_gain":0,"max_hp_loss":0,"event_name":"The Joust","floor":25,"gold_loss":50},{"damage_healed":0,"gold_gain":0,"player_choice":"Fight","damage_taken":0,"max_hp_gain":0,"max_hp_loss":0,"event_name":"Colosseum","floor":30,"gold_loss":0},{"damage_healed":0,"gold_gain":0,"player_choice":"Fled From Nobs","damage_taken":0,"max_hp_gain":0,"max_hp_loss":0,"event_name":"Colosseum","floor":30,"gold_loss":0},{"damage_healed":0,"gold_gain":0,"player_choice":"Memory 2","damage_taken":5,"max_hp_gain":0,"max_hp_loss":0,"event_name":"SensoryStone","floor":39,"gold_loss":0}],"is_beta":false,"boss_relics":[{"not_picked":["Orrery","Runic Pyramid"],"picked":"Nuclear Battery"},{"not_picked":["Snecko Eye","Black Star"],"picked":"Sozu"}],"items_purged_floors":[21,37],"is_endless":false,"potions_floor_spawned":[7,10,16,18,19,20,30,31,38],"killed_by":"Reptomancer","ascension_level":1}