{"gold_per_floor":[111,131,131,142,8,8,8,8,8,8,43,43,43,60,60,158,158,177,193,193,204,221,221,107,107,107,131,217,144,156,193,205,321,333,356,148,166,566,566,566,598,612,612,644,657,657],"floor_reached":46,"playtime":2365,"items_purged":["Strike_G"],"score":720,"play_id":"adcee096-e18c-4d54-998f-c615b8047693","local_time":"20181029213258","is_ascension_mode":true,"campfire_choices":[{"data":"Finisher","floor":6,"key":"SMITH"},{"data":"Blade Dance","floor":8,"key":"SMITH"},{"floor":15,"key":"REST"},{"floor":23,"key":"REST"},{"data":"Blade Dance","floor":25,"key":"SMITH"},{"data":"Phantasmal Killer","floor":30,"key":"SMITH"},{"floor":32,"key":"REST"},{"floor":40,"key":"REST"}],"neow_cost":"NONE","seed_source_timestamp":1705429440519905,"circlet_count":0,"master_deck":["Defend_G","Defend_G","Defend_G","Defend_G","Defend_G","Strike_G","Strike_G","Strike_G","Survivor","Neutralize","Finisher+1","Predator","Footwork+1","Blade Dance+1","Flash of Steel","Quick Slash","Dagger Throw","Neutralize","Calculated Gamble","Blade Dance","Phantasmal Killer+1","Prepared+1","Blade Dance+1","Blade Dance","Well Laid Plans","Blade Dance","Backflip","Infinite Blades+1","Bullet Time","Infinite Blades","Footwork","Well Laid Plans+1","Accuracy","Choke","Blade Dance"],"relics":["Ring of the Snake","Dream Catcher","Lantern","Bag of Preparation","WristBlade","MawBank","Question Card","Centennial Puzzle","PreservedInsect","Sozu","Oddly Smooth Stone","Old Coin","Bottled Flame","Omamori","Anchor","Bag of Marbles"],"potions_floor_usage":[31,33],"damage_taken":[{"damage":0,"enemies":"Jaw Worm","floor":1,"turns":4},{"damage":4,"enemies":"Small Slimes","floor":2,"turns":4},{"damage":0,"enemies":"Cultist","floor":4,"turns":2},{"damage":27,"enemies":"Lagavulin","floor":11,"turns":4},{"damage":0,"enemies":"Exordium Thugs","floor":14,"turns":3},{"damage":42,"enemies":"The Guardian","floor":16,"turns":13},{"damage":9,"enemies":"3 Byrds","floor":18,"turns":3},{"damage":1,"enemies":"Shell Parasite","floor":19,"turns":2},{"damage":8,"enemies":"Snake Plant","floor":21,"turns":2},{"damage":6,"enemies":"3 Cultists","floor":22,"turns":3},{"damage":11,"enemies":"Sentry and Sphere","floor":27,"turns":3},{"damage":17,"enemies":"Gremlin Leader","floor":31,"turns":2},{"damage":42,"enemies":"Collector","floor":33,"turns":8},{"damage":0,"enemies":"Orb Walker","floor":35,"turns":1},{"damage":17,"enemies":"3 Shapes","floor":37,"turns":4},{"damage":3,"enemies":"Mind Bloom Boss Battle","floor":38,"turns":5},{"damage":18,"enemies":"Reptomancer","floor":41,"turns":2},{"damage":4,"enemies":"3 Darklings","floor":42,"turns":5},{"damage":12,"enemies":"Nemesis","floor":44,"turns":5},{"damage":16,"enemies":"Maw","floor":45,"turns":5},{"damage":12,"enemies":"Writhing Mass","floor":46,"turns":2}],"seed_played":"2641886239463913242","potions_obtained":[{"floor":1,"key":"PowerPotion"},{"floor":11,"key":"Ancient Potion"},{"floor":16,"key":"FearPotion"},{"floor":19,"key":"GhostInAJar"}],"is_trial":false,"path_per_floor":["M","M","?","M","$","R","?","R","T","$","E","$","?","M","R","B",null,"M","M","?","M","M","R","$","R","T","M","T","?","R","E","R","B",null,"M","$","M","?","T","R","E","M","T","E","M"],"character_chosen":"THE_SILENT","items_purchased":["Flash of Steel","Quick Slash","Well Laid Plans","Infinite Blades","Oddly Smooth Stone"],"campfire_rested":4,"item_purchase_floors":[5,5,24,36,36],"current_hp_per_floor":[63,59,59,59,59,59,59,59,59,59,32,32,32,32,53,11,55,46,45,45,37,31,52,52,52,52,41,41,41,41,24,45,3,53,53,53,36,33,33,54,36,32,32,20,4,0],"gold":657,"neow_bonus":"TRANSFORM_CARD","is_prod":false,"is_daily":false,"chose_seed":false,"campfire_upgraded":4,"win_rate":0,"timestamp":1540863178,"path_taken":["M","M","?","M","$","R","?","R","T","$","E","$","?","?","R","BOSS","M","M","?","M","M","R","$","R","T","?","?","?","R","E","R","BOSS","M","$","M","?","?","R","E","?","T","E","?","M"],"build_version":"2018-10-25v2","purchased_purges":1,"victory":false,"max_hp_per_floor":[70,70,70,70,70,70,70,70,70,70,70,70,70,70,70,70,70,70,70,70,70,70,70,70,70,70,70,70,70,70,70,70,70,70,70,70,70,70,70,70,70,70,70,70,70,70],"card_choices":[{"not_picked":["Acrobatics","Underhanded Strike"],"picked":"Predator","floor":1},{"not_picked":["Blade Dance","Riddle With Holes"],"picked":"Footwork","floor":2},{"not_picked":["Dagger Spray","Expertise"],"picked":"Blade Dance","floor":4},{"not_picked":["Noxious Fumes","Deflect"],"picked":"Dagger Throw","floor":11},{"not_picked":["Bouncing Flask","Dagger Throw"],"picked":"Calculated Gamble","floor":14},{"not_picked":["Distraction","Dagger Spray"],"picked":"Blade Dance","floor":15},{"not_picked":["Venomology","Glass Knife"],"picked":"Phantasmal Killer","floor":16},{"not_picked":["Setup","Leg Sweep"],"picked":"Prepared+1","floor":18},{"not_picked":["Eviscerate","Setup"],"picked":"Blade Dance","floor":19},{"not_picked":["Sucker Punch","Skewer+1","Underhanded Strike"],"picked":"SKIP","floor":21},{"not_picked":["Poisoned Stab+1","Flying Knee","Deadly Poison"],"picked":"SKIP","floor":22},{"not_picked":["Poisoned Stab","Deflect+1"],"picked":"Blade Dance","floor":23},{"not_picked":["All Out Attack","Flying Knee+1"],"picked":"Blade Dance","floor":27},{"not_picked":["Bouncing Flask","Concentrate+1","Slice"],"picked":"Backflip","floor":31},{"not_picked":["Dodge and Roll","PiercingWail","Blur"],"picked":"Infinite Blades+1","floor":32},{"not_picked":["A Thousand Cuts","Doppelganger","Grand Finale"],"picked":"Bullet Time","floor":33},{"not_picked":["Bane+1","Bouncing Flask","Dagger Throw","Deflect"],"picked":"SKIP","floor":35},{"not_picked":["Eviscerate+1","Quick Slash","Deadly Poison+1"],"picked":"Footwork","floor":37},{"not_picked":["Catalyst","Riddle With Holes","Underhanded Strike"],"picked":"Well Laid Plans+1","floor":40},{"not_picked":["Cloak And Dagger+1","Poisoned Stab+1","Acrobatics+1"],"picked":"Accuracy","floor":41},{"not_picked":["Deadly Poison","Concentrate","Sucker Punch+1"],"picked":"Choke","floor":42},{"not_picked":["Setup","Predator+1","Flying Knee+1"],"picked":"Blade Dance","floor":44},{"not_picked":["Die Die Die","Prepared+1","Sucker Punch","Setup+1"],"picked":"SKIP","floor":45}],"player_experience":697252,"relics_obtained":[{"floor":9,"key":"Lantern"},{"floor":11,"key":"Bag of Preparation"},{"floor":26,"key":"MawBank"},{"floor":28,"key":"Question Card"},{"floor":31,"key":"PreservedInsect"},{"floor":38,"key":"Old Coin"},{"floor":39,"key":"Bottled Flame"},{"floor":41,"key":"Omamori"},{"floor":43,"key":"Anchor"},{"floor":44,"key":"Bag of Marbles"}],"event_choices":[{"damage_healed":0,"gold_gain":0,"player_choice":"Grow","damage_taken":0,"max_hp_gain":0,"max_hp_loss":0,"event_name":"Living Wall","floor":3,"gold_loss":0,"cards_upgraded":["Footwork"]},{"damage_healed":0,"gold_gain":0,"player_choice":"Gave Potion","damage_taken":0,"relics_obtained":["Dream Catcher"],"max_hp_gain":0,"max_hp_loss":0,"event_name":"WeMeetAgain","floor":7,"gold_loss":0},{"damage_healed":0,"gold_gain":0,"player_choice":"1 cards matched","damage_taken":0,"max_hp_gain":0,"max_hp_loss":0,"event_name":"Match and Keep!","floor":13,"gold_loss":0,"cards_obtained":["Neutralize"]},{"damage_healed":0,"gold_gain":0,"player_choice":"Ignored","damage_taken":0,"max_hp_gain":0,"max_hp_loss":0,"event_name":"Cursed Tome","floor":20,"gold_loss":0},{"damage_healed":0,"gold_gain":0,"player_choice":"Obtained Relic","damage_taken":0,"relics_obtained":["Centennial Puzzle"],"max_hp_gain":0,"max_hp_loss":0,"event_name":"Addict","floor":29,"gold_loss":85},{"damage_healed":0,"gold_gain":0,"player_choice":"Fight","damage_taken":0,"max_hp_gain":0,"max_hp_loss":0,"event_name":"MindBloom","floor":38,"gold_loss":0}],"is_beta":false,"boss_relics":[{"not_picked":["Tiny House","Eternal Feather"],"picked":"WristBlade"},{"not_picked":["Orrery","Fusion Hammer"],"picked":"Sozu"}],"items_purged_floors":[24],"is_endless":false,"potions_floor_spawned":[1,11,16,19,21,35,41,44,45],"killed_by":"Writhing Mass","ascension_level":6}