{"gold_per_floor":[216,231,205,205,205,230,240,259,259,275,275,450,475,475,475,475],"floor_reached":16,"playtime":559,"items_purged":[],"score":127,"play_id":"c5f1cbb3-6955-47ef-bcf8-7317873a038a","local_time":"20190119133423","is_ascension_mode":true,"campfire_choices":[{"floor":15,"key":"REST"}],"neow_cost":"NONE","seed_source_timestamp":246597125424700,"circlet_count":0,"master_deck":["Strike_R","Strike_R","Strike_R","Strike_R","Strike_R","Defend_R","Defend_R","Defend_R","Defend_R","Bash","Iron Wave","Rampage+1","Pommel Strike","Headbutt","Fiend Fire+1","Uppercut","Doubt","Seeing Red+1"],"relics":["Burning Blood","Blood Vial","Bottled Lightning","Toxic Egg 2","Shuriken"],"potions_floor_usage":[6,6,13,16],"damage_taken":[{"damage":3,"enemies":"Small Slimes","floor":1,"turns":3},{"damage":1,"enemies":"Cultist","floor":2,"turns":3},{"damage":46,"enemies":"Lagavulin","floor":6,"turns":6},{"damage":4,"enemies":"Jaw Worm","floor":7,"turns":3},{"damage":8,"enemies":"Large Slime","floor":8,"turns":6},{"damage":9,"enemies":"Exordium Wildlife","floor":10,"turns":3},{"damage":23,"enemies":"Gremlin Nob","floor":13,"turns":4},{"damage":59,"enemies":"Hexaghost","floor":16,"turns":9}],"seed_played":"1696503827698892269","potions_obtained":[{"floor":1,"key":"BloodPotion"},{"floor":2,"key":"LiquidBronze"},{"floor":8,"key":"LiquidBronze"},{"floor":10,"key":"Energy Potion"}],"is_trial":false,"path_per_floor":["M","M","$","?","$","E","M","M","T","M","?","?","E","?","R","B"],"character_chosen":"IRONCLAD","items_purchased":["Pommel Strike"],"campfire_rested":1,"item_purchase_floors":[3],"current_hp_per_floor":[80,80,80,80,80,48,52,52,52,51,48,48,33,33,57,0],"gold":475,"neow_bonus":"HUNDRED_GOLD","is_prod":false,"is_daily":false,"chose_seed":false,"campfire_upgraded":0,"win_rate":0,"timestamp":1547922863,"path_taken":["M","M","$","?","$","E","M","M","T","?","?","?","E","?","R","BOSS"],"build_version":"2019-01-17v2","purchased_purges":0,"victory":false,"max_hp_per_floor":[80,80,80,80,80,80,80,80,80,80,80,80,80,80,80,80],"card_choices":[{"not_picked":["Power Through","Wild Strike"],"picked":"Iron Wave","floor":1},{"not_picked":["Clothesline","Iron Wave"],"picked":"Rampage","floor":2},{"not_picked":["Flex","Sever Soul"],"picked":"Headbutt","floor":6},{"not_picked":["True Grit","Cleave"],"picked":"Fiend Fire","floor":7},{"not_picked":["Twin Strike","Shrug It Off","Corruption"],"picked":"SKIP","floor":8},{"not_picked":["Rage","Second Wind"],"picked":"Uppercut","floor":10},{"not_picked":["Second Wind+1","Berserk"],"picked":"Seeing Red+1","floor":13}],"player_experience":431646,"relics_obtained":[{"floor":6,"key":"Blood Vial"},{"floor":9,"key":"Bottled Lightning"},{"floor":13,"key":"Shuriken"}],"event_choices":[{"damage_healed":0,"gold_gain":0,"player_choice":"Forge","damage_taken":0,"max_hp_gain":0,"max_hp_loss":0,"event_name":"Accursed Blacksmith","floor":4,"gold_loss":0,"cards_upgraded":["Rampage"]},{"damage_healed":0,"gold_gain":0,"player_choice":"Success","damage_taken":3,"relics_obtained":["Toxic Egg 2"],"max_hp_gain":0,"max_hp_loss":0,"event_name":"Scrap Ooze","floor":11,"gold_loss":0},{"damage_healed":0,"gold_gain":175,"player_choice":"AGREE","damage_taken":0,"max_hp_gain":0,"max_hp_loss":0,"event_name":"Liars Game","floor":12,"gold_loss":0,"cards_obtained":["Doubt"]},{"damage_healed":0,"gold_gain":0,"player_choice":"Grow","damage_taken":0,"max_hp_gain":0,"max_hp_loss":0,"event_name":"Living Wall","floor":14,"gold_loss":0,"cards_upgraded":["Fiend Fire"]}],"is_beta":false,"boss_relics":[],"items_purged_floors":[],"is_endless":false,"potions_floor_spawned":[1,2,8,10],"killed_by":"Hexaghost","ascension_level":3}