{"gold_per_floor":[112,127,145,145,165,190,61,77,77,77,106,106,106,121,121,218,218,238,238,163,88,56,56],"floor_reached":23,"playtime":1516,"items_purged":["Strike_B"],"score":276,"play_id":"db77e4df-1493-42ea-856c-b2a3c7f538a5","local_time":"20190227200851","is_ascension_mode":true,"campfire_choices":[{"data":"Buffer","floor":10,"key":"SMITH"},{"data":"Dualcast","floor":13,"key":"SMITH"},{"floor":15,"key":"REST"}],"neow_cost":"NONE","seed_source_timestamp":337444237599877,"circlet_count":0,"master_deck":["Strike_B","Strike_B","Defend_B","Defend_B","Defend_B","Zap","Dualcast+1","Gash","Coolheaded","Gash","Conserve Battery","Buffer+1","Gash","Loop","Steam","Auto Shields","Static Discharge","Buffer","BootSequence","Cold Snap"],"relics":["Cracked Core","Ancient Tea Set","Potion Belt","Bottled Flame","Darkstone Periapt","Runic Pyramid","Mango"],"potions_floor_usage":[8,16],"damage_taken":[{"damage":2,"enemies":"Jaw Worm","floor":1,"turns":3},{"damage":4,"enemies":"Small Slimes","floor":2,"turns":3},{"damage":0,"enemies":"Cultist","floor":3,"turns":3},{"damage":4,"enemies":"Looter","floor":5,"turns":3},{"damage":29,"enemies":"Gremlin Nob","floor":6,"turns":4},{"damage":0,"enemies":"Exordium Wildlife","floor":8,"turns":4},{"damage":1,"enemies":"3 Sentries","floor":11,"turns":7},{"damage":7,"enemies":"Gremlin Gang","floor":14,"turns":6},{"damage":19,"enemies":"The Guardian","floor":16,"turns":12},{"damage":1,"enemies":"Shell Parasite","floor":18,"turns":7},{"damage":28,"enemies":"2 Thieves","floor":22,"turns":5}],"seed_played":"-7435416084973828045","potions_obtained":[{"floor":1,"key":"SneckoOil"},{"floor":2,"key":"SpeedPotion"},{"floor":5,"key":"Explosive Potion"},{"floor":6,"key":"Ancient Potion"},{"floor":16,"key":"Regen Potion"},{"floor":18,"key":"Regen Potion"}],"is_trial":false,"path_per_floor":["M","M","M","?","M","E","$","M","T","R","E","?","R","M","R","B",null,"M","?","$","?","M","$"],"character_chosen":"DEFECT","items_purchased":["Gash","Loop"],"campfire_rested":1,"item_purchase_floors":[7,7],"current_hp_per_floor":[73,69,69,74,70,41,41,41,41,41,40,33,33,26,50,31,68,67,81,81,81,53,53],"gold":56,"neow_bonus":"RANDOM_COMMON_RELIC","is_prod":false,"is_daily":false,"chose_seed":false,"campfire_upgraded":2,"win_rate":0,"timestamp":1551298131,"path_taken":["M","M","M","?","M","E","$","M","T","R","E","?","R","M","R","BOSS","M","?","?","?","M","$"],"build_version":"2019-01-23","purchased_purges":1,"victory":false,"max_hp_per_floor":[75,75,75,80,80,80,80,80,80,80,80,80,80,80,80,80,80,80,94,94,94,94,94],"card_choices":[{"not_picked":["Leap","Hologram"],"picked":"Gash","floor":1},{"not_picked":["Beam Cell","Storm"],"picked":"Coolheaded","floor":2},{"not_picked":["Leap","Go for the Eyes"],"picked":"Gash","floor":3},{"not_picked":["Streamline","Steam Power"],"picked":"Conserve Battery","floor":5},{"not_picked":["Steam","Compile Driver"],"picked":"Buffer","floor":6},{"not_picked":["Compile Driver","Leap"],"picked":"Steam","floor":8},{"not_picked":["Turbo","Stack"],"picked":"Auto Shields","floor":11},{"not_picked":["Auto Shields","Hyperbeam"],"picked":"Static Discharge","floor":14},{"not_picked":["Multi-Cast","Fission"],"picked":"Buffer","floor":16},{"not_picked":["Skim","Compile Driver"],"picked":"BootSequence","floor":18},{"not_picked":["Turbo","Aggregate"],"picked":"Cold Snap","floor":22}],"player_experience":561734,"relics_obtained":[{"floor":6,"key":"Potion Belt"},{"floor":9,"key":"Bottled Flame"},{"floor":11,"key":"Darkstone Periapt"}],"event_choices":[{"damage_healed":0,"gold_gain":0,"player_choice":"Donut","damage_taken":0,"max_hp_gain":5,"max_hp_loss":0,"event_name":"Big Fish","floor":4,"gold_loss":0},{"cards_removed":["Defend_B"],"damage_healed":0,"gold_gain":0,"player_choice":"Card Removal","damage_taken":7,"max_hp_gain":0,"max_hp_loss":0,"event_name":"Golden Wing","floor":12,"gold_loss":0},{"damage_healed":0,"gold_gain":0,"player_choice":"Gave Potion","damage_taken":0,"relics_obtained":["Mango"],"max_hp_gain":0,"max_hp_loss":0,"event_name":"WeMeetAgain","floor":19,"gold_loss":0},{"cards_removed":["Strike_B"],"damage_healed":0,"gold_gain":0,"player_choice":"Gave Gold","damage_taken":0,"max_hp_gain":0,"max_hp_loss":0,"event_name":"Beggar","floor":21,"gold_loss":75}],"is_beta":false,"boss_relics":[{"not_picked":["Ectoplasm","Velvet Choker"],"picked":"Runic Pyramid"}],"items_purged_floors":[20],"is_endless":false,"potions_floor_spawned":[1,2,5,6,16,18],"ascension_level":5}