{"gold_per_floor":[113,125,3,3,23,23,37,50,77,77,27,38,38,50,50,146,146,161,180,200,200,215,215,20,20,20,38,53,63,63,63,63,166,166,181,181,181,13,29,29,42,42,42,55,72,72,72,72,72,72],"floor_reached":51,"playtime":4132,"items_purged":["Strike_G"],"score":767,"play_id":"9213cb5a-986a-437f-9fd1-5afd2da6e6e4","local_time":"20181021223005","is_ascension_mode":true,"campfire_choices":[{"data":"Noxious Fumes","floor":6,"key":"SMITH"},{"floor":15,"key":"REST"},{"data":"Noxious Fumes","floor":23,"key":"SMITH"},{"data":"After Image","floor":30,"key":"SMITH"},{"floor":32,"key":"REST"},{"data":"Footwork","floor":40,"key":"SMITH"},{"data":"Catalyst","floor":42,"key":"SMITH"},{"floor":47,"key":"REST"},{"floor":49,"key":"REST"}],"neow_cost":"NONE","seed_source_timestamp":1015868035677714,"circlet_count":0,"master_deck":["Defend_G","Defend_G","Defend_G","Defend_G","Defend_G","Strike_G","Survivor","Neutralize","Doppelganger","Cloak And Dagger","Noxious Fumes+1","Dodge and Roll","Backflip","Backstab","After Image+1","Bouncing Flask+1","Catalyst+1","Noxious Fumes+1","Adrenaline","Backflip+1","Dodge and Roll+1","Adrenaline","Backstab+1","Footwork+1","Leg Sweep","Backflip","Backflip","Dark Shackles"],"relics":["Ring of the Snake","Snake Skull","Oddly Smooth Stone","Ninja Scroll","Empty Cage","Chemical X","Darkstone Periapt","Orrery","The Specimen","Kunai"],"potions_floor_usage":[16,29,29,33,50,50],"damage_taken":[{"damage":0,"enemies":"Jaw Worm","floor":1,"turns":5},{"damage":0,"enemies":"Cultist","floor":2,"turns":4},{"damage":14,"enemies":"Small Slimes","floor":5,"turns":6},{"damage":4,"enemies":"Red Slaver","floor":7,"turns":5},{"damage":6,"enemies":"Blue Slaver","floor":8,"turns":6},{"damage":0,"enemies":"2 Fungi Beasts","floor":12,"turns":4},{"damage":9,"enemies":"Large Slime","floor":14,"turns":5},{"damage":22,"enemies":"Hexaghost","floor":16,"turns":12},{"damage":13,"enemies":"Spheric Guardian","floor":18,"turns":7},{"damage":0,"enemies":"Shell Parasite","floor":19,"turns":5},{"damage":18,"enemies":"Snake Plant","floor":20,"turns":5},{"damage":6,"enemies":"Centurion and Healer","floor":22,"turns":5},{"damage":0,"enemies":"Chosen and Byrds","floor":27,"turns":5},{"damage":21,"enemies":"Shelled Parasite and Fungi","floor":28,"turns":4},{"damage":7,"enemies":"3 Cultists","floor":29,"turns":5},{"damage":18,"enemies":"Champ","floor":33,"turns":11},{"damage":12,"enemies":"3 Darklings","floor":35,"turns":5},{"damage":0,"enemies":"Mind Bloom Boss Battle","floor":36,"turns":6},{"damage":3,"enemies":"Orb Walker","floor":39,"turns":5},{"damage":16,"enemies":"Spire Growth","floor":41,"turns":5},{"damage":0,"enemies":"4 Shapes","floor":44,"turns":6},{"damage":8,"enemies":"Writhing Mass","floor":45,"turns":5},{"damage":2,"enemies":"Donu and Deca","floor":50,"turns":11}],"seed_played":"6150729959298947820","potions_obtained":[{"floor":8,"key":"AttackPotion"},{"floor":10,"key":"PowerPotion"},{"floor":10,"key":"Dexterity Potion"},{"floor":16,"key":"Block Potion"},{"floor":29,"key":"LiquidBronze"},{"floor":35,"key":"PowerPotion"},{"floor":41,"key":"SpeedPotion"}],"is_trial":false,"path_per_floor":["M","M","$","?","M","R","M","M","T","?","?","M","T","M","R","B",null,"M","M","M","?","M","R","$","?","T","M","M","M","R","$","R","B",null,"M","?","?","$","M","R","M","R","T","M","M","?","R","?","R","B"],"character_chosen":"THE_SILENT","items_purchased":["Noxious Fumes","Dodge and Roll","Chemical X","Leg Sweep","Backflip"],"campfire_rested":4,"item_purchase_floors":[3,3,24,38,38],"current_hp_per_floor":[70,70,70,70,56,56,52,46,46,46,46,46,46,37,58,36,70,57,57,39,39,33,33,33,33,33,33,12,5,5,5,26,8,70,58,58,58,58,55,55,39,39,39,39,31,31,52,52,70,68],"gold":72,"neow_bonus":"ONE_RANDOM_RARE_CARD","is_prod":false,"is_daily":false,"chose_seed":false,"campfire_upgraded":5,"win_rate":0,"timestamp":1540175405,"path_taken":["M","M","$","?","M","R","M","M","T","?","?","M","?","M","R","BOSS","M","M","M","?","M","R","$","?","T","M","M","M","R","$","R","BOSS","M","?","?","$","M","R","?","R","T","M","M","?","R","?","R","BOSS"],"build_version":"2018-10-18","purchased_purges":1,"victory":true,"max_hp_per_floor":[70,70,70,70,70,70,70,70,70,70,70,70,70,70,70,70,70,70,70,70,70,70,70,70,70,70,70,70,70,70,70,70,70,70,70,70,70,70,70,70,70,70,70,70,70,70,70,70,70,70],"card_choices":[{"not_picked":["Poisoned Stab","Slice"],"picked":"Well Laid Plans","floor":1},{"not_picked":["Sucker Punch","Predator"],"picked":"Cloak And Dagger","floor":2},{"not_picked":["Flying Knee","Heel Hook","Blade Dance"],"picked":"SKIP","floor":5},{"not_picked":["Dagger Spray","Bane"],"picked":"Backflip","floor":7},{"not_picked":["Sucker Punch","Poisoned Stab","Bullet Time"],"picked":"SKIP","floor":8},{"not_picked":["Heel Hook","Dagger Throw"],"picked":"Backstab","floor":12},{"not_picked":["Sucker Punch","Poisoned Stab","Heel Hook"],"picked":"SKIP","floor":14},{"not_picked":["Bullet Time","Adrenaline"],"picked":"After Image","floor":16},{"not_picked":["Expertise+1","Deflect"],"picked":"Bouncing Flask+1","floor":18},{"not_picked":["Deflect","Prepared"],"picked":"Catalyst","floor":19},{"not_picked":["Bane","Dagger Spray","Quick Slash"],"picked":"SKIP","floor":20},{"not_picked":["Prepared+1","Backstab"],"picked":"Adrenaline","floor":22},{"not_picked":["Dagger Spray","Flying Knee","Quick Slash+1"],"picked":"SKIP","floor":27},{"not_picked":["Cloak And Dagger","Die Die Die"],"picked":"Backflip+1","floor":28},{"not_picked":["Poisoned Stab","Bane"],"picked":"Dodge and Roll+1","floor":29},{"not_picked":["Glass Knife","Malaise"],"picked":"Adrenaline","floor":33},{"not_picked":["Predator","Endless Agony"],"picked":"Backstab+1","floor":34},{"not_picked":["Finisher+1","Wraith Form v2"],"picked":"Footwork","floor":34},{"not_picked":["Eviscerate+1","Bane+1","Dagger Throw+1"],"picked":"SKIP","floor":35},{"not_picked":["Slice+1","Finisher+1","Setup"],"picked":"SKIP","floor":39},{"not_picked":["Deadly Poison","Setup","Infinite Blades"],"picked":"SKIP","floor":41},{"not_picked":["Quick Slash+1","Riddle With Holes","Sucker Punch+1"],"picked":"SKIP","floor":44},{"not_picked":["Envenom","Acrobatics"],"picked":"Backflip","floor":45},{"not_picked":["Master of Strategy","Secret Weapon"],"picked":"Dark Shackles","floor":48}],"player_experience":655096,"relics_obtained":[{"floor":9,"key":"Oddly Smooth Stone"},{"floor":13,"key":"Ninja Scroll"},{"floor":26,"key":"Darkstone Periapt"},{"floor":36,"key":"The Specimen"},{"floor":43,"key":"Kunai"}],"event_choices":[{"cards_removed":["Well Laid Plans"],"damage_healed":0,"gold_gain":0,"player_choice":"Gave Card","damage_taken":0,"relics_obtained":["Snake Skull"],"max_hp_gain":0,"max_hp_loss":0,"event_name":"WeMeetAgain","floor":4,"gold_loss":0},{"damage_healed":0,"gold_gain":0,"player_choice":"Got Potions","damage_taken":0,"max_hp_gain":0,"max_hp_loss":0,"event_name":"The Lab","floor":10,"gold_loss":0},{"cards_removed":["Strike_G"],"damage_healed":0,"gold_gain":0,"player_choice":"Card Removal","damage_taken":0,"max_hp_gain":0,"max_hp_loss":0,"event_name":"The Cleric","floor":11,"gold_loss":50},{"damage_healed":0,"gold_gain":0,"player_choice":"Read","damage_taken":0,"max_hp_gain":0,"max_hp_loss":0,"event_name":"The Library","floor":21,"gold_loss":0,"cards_obtained":["Noxious Fumes"]},{"damage_healed":0,"gold_gain":0,"player_choice":"Ignored","damage_taken":0,"max_hp_gain":0,"max_hp_loss":0,"event_name":"Beggar","floor":25,"gold_loss":0},{"damage_healed":0,"gold_gain":0,"player_choice":"Fight","damage_taken":0,"max_hp_gain":0,"max_hp_loss":0,"event_name":"MindBloom","floor":36,"gold_loss":0},{"damage_healed":0,"gold_gain":0,"player_choice":"Ignored","damage_taken":0,"max_hp_gain":0,"max_hp_loss":0,"event_name":"Tomb of Lord Red Mask","floor":37,"gold_loss":0},{"damage_healed":0,"gold_gain":0,"player_choice":"Ignored","damage_taken":0,"max_hp_gain":0,"max_hp_loss":0,"event_name":"SecretPortal","floor":46,"gold_loss":0},{"damage_healed":0,"gold_gain":0,"player_choice":"Memory 1","damage_taken":0,"max_hp_gain":0,"max_hp_loss":0,"event_name":"SensoryStone","floor":48,"gold_loss":0}],"is_beta":false,"boss_relics":[{"not_picked":["HoveringKite","Ring of the Serpent"],"picked":"Empty Cage"},{"not_picked":["Eternal Feather","Coffee Dripper"],"picked":"Orrery"}],"items_purged_floors":[38],"is_endless":false,"potions_floor_spawned":[8,12,14,16,22,28,29,35,41],"ascension_level":4}