{"gold_per_floor":[115,127,127,127,127,154,154,154,154,174,188,188,219,238,238,341,341,360,360,360,360,374,374,409,409,480,508,524,449,115,144,144,247,247,260,140,140,160,177,177,189,189,189,189,217,3,3,19,19,19],"floor_reached":51,"playtime":1978,"items_purged":[],"score":934,"play_id":"3d45a6d7-af9f-4b27-b4bb-d5164293e15e","local_time":"20190130232332","is_ascension_mode":true,"campfire_choices":[{"floor":7.0,"key":"REST"},{"data":"Bash","floor":15.0,"key":"SMITH"},{"data":"Double Tap","floor":23.0,"key":"SMITH"},{"data":"J.A.X.","floor":25.0,"key":"SMITH"},{"data":"Armaments","floor":32.0,"key":"SMITH"},{"floor":40,"key":"REST"},{"floor":44,"key":"DIG"},{"floor":49,"key":"DIG"}],"neow_cost":"PERCENT_DAMAGE","seed_source_timestamp":1745673166844604,"circlet_count":0,"master_deck":["Strike_R","Strike_R+1","Defend_R","Defend_R","Defend_R","Bash+1","Armaments+1","Fiend Fire","Sword Boomerang+1","Flame Barrier","Shrug It Off","Double Tap+1","Dropkick","Offering","Sentinel","J.A.X.+1","Sword Boomerang+1","Sword Boomerang+1","Flame Barrier","Reaper","Metallicize","Power Through","Bludgeon","Heavy Blade","Spot Weakness","Iron Wave","Wild Strike+1","Rampage","Sword Boomerang","Limit Break","Second Wind","Thinking Ahead","Rupture"],"special_seed":0,"relics":["Burning Blood","Magic Flower","Strawberry","Vajra","Champion Belt","Whetstone","Mark of Pain","PreservedInsect","Torii","Ornamental Fan","Lantern","FossilizedHelix","Smiling Mask","Velvet Choker","Shovel","Prayer Wheel","Omamori","Ancient Tea Set","Bird Faced Urn"],"potions_floor_usage":[33,41,41,50,50,50],"damage_taken":[{"damage":0.0,"enemies":"Small Slimes","floor":1.0,"turns":3.0},{"damage":0.0,"enemies":"2 Louse","floor":2.0,"turns":4.0},{"damage":56.0,"enemies":"Lagavulin","floor":6.0,"turns":9.0},{"damage":1.0,"enemies":"Cultist","floor":10.0,"turns":3.0},{"damage":3.0,"enemies":"Looter","floor":11.0,"turns":3.0},{"damage":27.0,"enemies":"3 Sentries","floor":13.0,"turns":10.0},{"damage":21.0,"enemies":"Exordium Thugs","floor":14.0,"turns":5.0},{"damage":25.0,"enemies":"The Guardian","floor":16.0,"turns":10.0},{"damage":0.0,"enemies":"Chosen","floor":18.0,"turns":3.0},{"damage":18.0,"enemies":"Shell Parasite","floor":22.0,"turns":3.0},{"damage":21.0,"enemies":"Book of Stabbing","floor":24.0,"turns":3.0},{"damage":24.0,"enemies":"Gremlin Leader","floor":27.0,"turns":4.0},{"damage":9.0,"enemies":"Snake Plant","floor":28.0,"turns":1.0},{"damage":0.0,"enemies":"Book of Stabbing","floor":31.0,"turns":3.0},{"damage":62,"enemies":"Champ","floor":33,"turns":10},{"damage":4,"enemies":"3 Shapes","floor":35,"turns":6},{"damage":0,"enemies":"Orb Walker","floor":38,"turns":2},{"damage":65,"enemies":"Transient","floor":39,"turns":5},{"damage":26,"enemies":"Jaw Worm Horde","floor":41,"turns":4},{"damage":54,"enemies":"Reptomancer","floor":45,"turns":6},{"damage":0,"enemies":"Spire Growth","floor":48,"turns":4},{"damage":79,"enemies":"Awakened One","floor":50,"turns":8}],"seed_played":"7323130095517107102","potions_obtained":[{"floor":13.0,"key":"Fire Potion"},{"floor":14.0,"key":"GamblersBrew"},{"floor":16.0,"key":"LiquidBronze"},{"floor":35,"key":"BloodPotion"},{"floor":39,"key":"PowerPotion"},{"floor":41,"key":"Ancient Potion"},{"floor":48,"key":"BloodPotion"}],"is_trial":false,"path_per_floor":["M","M","?","?","?","E","R","?","T","M","M","?","E","M","R","B",null,"M","?","?","?","M","R","E","R","T","E","M","?","$","E","R","B",null,"M","$","?","M","M","R","M","?","T","R","E","$","?","M","R","B",null],"character_chosen":"IRONCLAD","items_purchased":["FossilizedHelix","Metallicize","Spot Weakness","Iron Wave","Second Wind","Ancient Tea Set"],"campfire_rested":2,"item_purchase_floors":[30,30,36,36,46,46],"current_hp_per_floor":[65,74,81,81,74,27,53,53,53,61,67,67,49,37,37,21,87,87,87,87,87,78,78,66,66,66,51,51,51,51,72,72,53,87,87,87,87,87,31,57,52,52,52,52,40,40,40,63,63,43],"gold":19,"neow_bonus":"ONE_RARE_RELIC","is_prod":false,"is_daily":false,"chose_seed":false,"campfire_upgraded":4,"win_rate":0,"timestamp":1548919412,"path_taken":["M","M","?","?","?","E","R","?","T","M","?","?","E","M","R","BOSS","M","?","?","?","M","R","E","R","T","E","?","?","$","E","R","BOSS","M","$","?","M","M","R","M","?","T","R","E","$","?","M","R","BOSS"],"build_version":"2019-01-23","purchased_purges":0,"victory":true,"max_hp_per_floor":[80,80,87,87,87,87,87,87,87,87,87,87,87,87,87,87,87,87,87,87,87,87,87,87,87,87,87,87,87,87,87,87,87,87,87,87,87,87,87,87,87,87,87,87,87,87,87,87,87,87],"card_choices":[{"not_picked":["Heavy Blade","Perfected Strike"],"picked":"Armaments","floor":1.0},{"not_picked":["Flex","Rage"],"picked":"Fiend Fire","floor":2.0},{"not_picked":["Twin Strike","Pommel Strike"],"picked":"Sword Boomerang","floor":6.0},{"not_picked":["Havoc","Twin Strike"],"picked":"Shrug It Off","floor":10.0},{"not_picked":["Warcry","Heavy Blade"],"picked":"Double Tap","floor":11.0},{"not_picked":["Pommel Strike","Armaments"],"picked":"Dropkick","floor":13.0},{"not_picked":["Fire Breathing","Warcry","Shockwave"],"picked":"SKIP","floor":14.0},{"not_picked":["Impervious","Brutality"],"picked":"Offering","floor":16.0},{"not_picked":["Clash","Body Slam+1"],"picked":"Sentinel","floor":18.0},{"not_picked":["Havoc","Pommel Strike","Blood for Blood"],"picked":"SKIP","floor":22.0},{"not_picked":["Rampage","Sever Soul"],"picked":"Sword Boomerang+1","floor":24.0},{"not_picked":["Pommel Strike+1","Hemokinesis+1"],"picked":"Flame Barrier","floor":27.0},{"not_picked":["Clash","True Grit"],"picked":"Reaper","floor":28.0},{"not_picked":["Corruption","Rupture"],"picked":"Power Through","floor":31.0},{"not_picked":["Berserk","Exhume"],"picked":"Bludgeon","floor":33},{"not_picked":["Sever Soul","Havoc+1"],"picked":"Heavy Blade","floor":35},{"not_picked":["Dropkick","Cleave+1"],"picked":"Wild Strike+1","floor":38},{"not_picked":["Sword Boomerang","Clash+1"],"picked":"Rampage","floor":39},{"not_picked":["Carnage+1","Shockwave+1"],"picked":"Sword Boomerang","floor":41},{"not_picked":["Seeing Red","Shockwave+1"],"picked":"Limit Break","floor":45},{"not_picked":["Jack Of All Trades","Violence"],"picked":"Thinking Ahead","floor":47},{"not_picked":["Havoc","Carnage+1"],"picked":"Rupture","floor":48},{"not_picked":["Wild Strike","Uppercut","Cleave"],"picked":"SKIP","floor":48}],"player_experience":226531,"relics_obtained":[{"floor":6.0,"key":"Vajra"},{"floor":9.0,"key":"Champion Belt"},{"floor":13.0,"key":"Whetstone"},{"floor":24.0,"key":"Torii"},{"floor":26.0,"key":"Ornamental Fan"},{"floor":27.0,"key":"Lantern"},{"floor":31.0,"key":"Smiling Mask"},{"floor":43,"key":"Shovel"},{"floor":44,"key":"Prayer Wheel"},{"floor":45,"key":"Omamori"},{"floor":49,"key":"Bird Faced Urn"}],"event_choices":[{"damage_healed":0.0,"max_hp_gain":0.0,"max_hp_loss":0.0,"gold_gain":0.0,"event_name":"Big Fish","player_choice":"Box","floor":3.0,"gold_loss":0.0,"damage_taken":0.0,"relics_obtained":["Strawberry"],"cards_obtained":["Regret"]},{"cards_removed":["Regret"],"damage_healed":0.0,"max_hp_gain":0.0,"max_hp_loss":0.0,"gold_gain":0.0,"event_name":"Living Wall","player_choice":"Forget","floor":4.0,"gold_loss":0.0,"damage_taken":0.0},{"cards_removed":["Strike_R"],"damage_healed":0.0,"max_hp_gain":0.0,"max_hp_loss":0.0,"gold_gain":0.0,"event_name":"Golden Wing","player_choice":"Card Removal","floor":5.0,"gold_loss":0.0,"damage_taken":7.0},{"damage_healed":0.0,"max_hp_gain":0.0,"max_hp_loss":0.0,"gold_gain":0.0,"cards_transformed":["Strike_R"],"event_name":"Transmorgrifier","player_choice":"Transformed","floor":8.0,"gold_loss":0.0,"damage_taken":0.0,"cards_obtained":["Flame Barrier"]},{"cards_removed":["Defend_R"],"damage_healed":0.0,"max_hp_gain":0.0,"max_hp_loss":0.0,"gold_gain":0.0,"event_name":"Bonfire Elementals","player_choice":"Offered Basic","floor":12.0,"gold_loss":0.0,"damage_taken":0.0},{"damage_healed":0.0,"max_hp_gain":0.0,"max_hp_loss":0.0,"gold_gain":0.0,"event_name":"Drug Dealer","player_choice":"Obtain J.A.X.","floor":19.0,"gold_loss":0.0,"damage_taken":0.0,"cards_obtained":["J.A.X."]},{"damage_healed":0.0,"max_hp_gain":0.0,"max_hp_loss":0.0,"gold_gain":0.0,"event_name":"Addict","player_choice":"Stole Relic","floor":20.0,"gold_loss":0.0,"damage_taken":0.0,"relics_obtained":["PreservedInsect"],"cards_obtained":["Shame"]},{"damage_healed":0.0,"max_hp_gain":0.0,"max_hp_loss":0.0,"gold_gain":0.0,"event_name":"Duplicator","player_choice":"Copied","floor":21.0,"gold_loss":0.0,"damage_taken":0.0,"cards_obtained":["Sword Boomerang"]},{"cards_removed":["Shame"],"damage_healed":0.0,"max_hp_gain":0.0,"max_hp_loss":0.0,"gold_gain":0.0,"event_name":"Beggar","player_choice":"Gave Gold","floor":29.0,"gold_loss":75.0,"damage_taken":0.0},{"damage_healed":0,"gold_gain":0,"player_choice":"Ignored","damage_taken":0,"max_hp_gain":0,"max_hp_loss":0,"event_name":"Mysterious Sphere","floor":37,"gold_loss":0},{"cards_removed":["Strike_R"],"damage_healed":0,"gold_gain":0,"player_choice":"Removed Attack","damage_taken":0,"max_hp_gain":0,"max_hp_loss":0,"event_name":"Falling","floor":42,"gold_loss":0},{"damage_healed":0,"gold_gain":0,"player_choice":"Memory 1","damage_taken":0,"max_hp_gain":0,"max_hp_loss":0,"event_name":"SensoryStone","floor":47,"gold_loss":0}],"is_beta":false,"boss_relics":[{"not_picked":["Busted Crown","Calling Bell"],"picked":"Mark of Pain"},{"not_picked":["Coffee Dripper","Runic Pyramid"],"picked":"Velvet Choker"}],"items_purged_floors":[],"is_endless":false,"potions_floor_spawned":[13,14,16,24,28,35,39,41,48],"ascension_level":4}