{"gold_per_floor":[117,128,128,145,164,164,178,195,240,240,165,181,181,193,193,271,271,290,320,50,50,0],"floor_reached":22,"playtime":44245,"items_purged":["Strike_G","Strike_G+1"],"score":388,"play_id":"be1d78b8-bea1-43ba-a6e9-bb6155ced357","local_time":"20190303105141","is_ascension_mode":true,"campfire_choices":[{"data":"Footwork","floor":6.0,"key":"SMITH"},{"data":"Neutralize","floor":10.0,"key":"SMITH"},{"data":"Infinite Blades","floor":13.0,"key":"SMITH"},{"floor":15.0,"key":"REST"}],"neow_cost":"NONE","seed_source_timestamp":65437367000931,"circlet_count":0,"master_deck":["AscendersBane","Defend_G+1","Defend_G","Defend_G","Defend_G","Defend_G","Strike_G","Strike_G","Strike_G","Survivor","Neutralize+1","Deep Breath","Footwork+1","Cloak And Dagger","Backflip","PiercingWail","Infinite Blades+1","Terror","Storm of Steel","Cloak And Dagger","Footwork","Infinite Blades","Finisher","Master of Strategy"],"special_seed":0,"relics":["Ring of the Snake","Lantern","Orrery","Red Mask","MutagenicStrength"],"potions_floor_usage":[],"damage_taken":[{"damage":0.0,"enemies":"2 Louse","floor":1.0,"turns":5.0},{"damage":4.0,"enemies":"Jaw Worm","floor":2.0,"turns":7.0},{"damage":0.0,"enemies":"Small Slimes","floor":4.0,"turns":5.0},{"damage":6.0,"enemies":"Gremlin Gang","floor":5.0,"turns":7.0},{"damage":1.0,"enemies":"2 Fungi Beasts","floor":7.0,"turns":5.0},{"damage":0.0,"enemies":"3 Louse","floor":8.0,"turns":7.0},{"damage":13.0,"enemies":"Red Slaver","floor":12.0,"turns":5.0},{"damage":14.0,"enemies":"Exordium Thugs","floor":14.0,"turns":7.0},{"damage":0.0,"enemies":"Hexaghost","floor":16.0,"turns":10.0},{"damage":12.0,"enemies":"Spheric Guardian","floor":18.0,"turns":8.0},{"damage":42.0,"enemies":"Masked Bandits","floor":19.0,"turns":10.0},{"damage":3,"enemies":"2 Thieves","floor":22,"turns":2}],"seed_played":"2867992477336208214","potions_obtained":[{"floor":2.0,"key":"Poison Potion"},{"floor":5.0,"key":"LiquidBronze"},{"floor":7.0,"key":"GamblersBrew"},{"floor":18.0,"key":"Energy Potion"}],"is_trial":false,"path_per_floor":["M","M","?","M","M","R","M","M","T","R","$","M","R","M","R","B",null,"M","?","$","?","M"],"character_chosen":"THE_SILENT","items_purchased":["Master of Strategy"],"campfire_rested":1,"item_purchase_floors":[20],"current_hp_per_floor":[59,55,42,42,36,36,35,35,35,35,35,22,22,8,27,27,56,44,2,2,2,0],"gold":0,"neow_bonus":"RANDOM_COLORLESS","is_prod":false,"is_daily":false,"chose_seed":false,"campfire_upgraded":3,"win_rate":0,"timestamp":1551606701,"path_taken":["M","M","?","M","M","R","M","M","T","R","$","M","R","M","R","BOSS","M","?","$","?","M"],"build_version":"2019-01-23","purchased_purges":2,"victory":false,"max_hp_per_floor":[66,66,66,66,66,66,66,66,66,66,66,66,66,66,66,66,66,66,66,66,66,66],"card_choices":[{"not_picked":["Poisoned Stab","Distraction"],"picked":"Footwork","floor":1.0},{"not_picked":["Reflex","Sucker Punch"],"picked":"Cloak And Dagger","floor":2.0},{"not_picked":["Masterful Stab","Flying Knee"],"picked":"Backflip","floor":4.0},{"not_picked":["Dodge and Roll","Deflect"],"picked":"PiercingWail","floor":5.0},{"not_picked":["Reflex","Blur","Escape Plan"],"picked":"SKIP","floor":7.0},{"not_picked":["Flying Knee","Dagger Throw","Underhanded Strike"],"picked":"SKIP","floor":8.0},{"not_picked":["Reflex","Flying Knee"],"picked":"Infinite Blades","floor":12.0},{"not_picked":["Unload","Bane"],"picked":"Terror","floor":14.0},{"not_picked":["Venomology","Unload"],"picked":"Storm of Steel","floor":16.0},{"not_picked":["Flying Knee","Bane"],"picked":"Cloak And Dagger","floor":17.0},{"not_picked":["Bouncing Flask","Dodge and Roll"],"picked":"Footwork","floor":17.0},{"not_picked":["Concentrate+1","Choke"],"picked":"Infinite Blades","floor":18.0},{"not_picked":["Deadly Poison","Flying Knee"],"picked":"Finisher","floor":19.0}],"player_experience":729082,"relics_obtained":[{"floor":9.0,"key":"Lantern"},{"floor":19.0,"key":"Red Mask"}],"event_choices":[{"damage_healed":0.0,"max_hp_gain":0.0,"max_hp_loss":0.0,"gold_gain":0.0,"event_name":"Shining Light","player_choice":"Entered Light","floor":3.0,"gold_loss":0.0,"damage_taken":13.0,"cards_upgraded":["Defend_G","Strike_G"]},{"damage_healed":0.0,"max_hp_gain":0.0,"max_hp_loss":0.0,"gold_gain":0.0,"event_name":"Masked Bandits","player_choice":"Fought Bandits","floor":19.0,"gold_loss":0.0,"damage_taken":0.0},{"damage_healed":0.0,"max_hp_gain":0.0,"max_hp_loss":0.0,"gold_gain":0.0,"event_name":"Drug Dealer","player_choice":"Inject Mutagens","floor":21.0,"gold_loss":0.0,"damage_taken":0.0,"relics_obtained":["MutagenicStrength"]}],"is_beta":false,"boss_relics":[{"not_picked":["White Beast Statue","Busted Crown"],"picked":"Orrery"}],"items_purged_floors":[11,20],"is_endless":false,"potions_floor_spawned":[2,5,7,18],"killed_by":"2 Thieves","ascension_level":14}