{"path_per_floor":["M","?","$","M","?","R","M","R","T","M","M","M","M","M","R","B",null,"M","$","?","?","M","R","?","M","T","M","R","M","?","$","R","B",null,"M","M","?"],"character_chosen":"THE_SILENT","items_purchased":["Noxious Fumes","Poisoned Stab","Distraction","Noxious Fumes","Poisoned Stab"],"gold_per_floor":[112,112,45,58,58,58,78,78,78,48,62,72,89,106,106,208,208,224,48,48,48,60,60,60,72,99,119,119,138,138,34,34,138,138,155,171,171],"floor_reached":38,"campfire_rested":3,"playtime":2393,"current_hp_per_floor":[67,67,67,67,67,67,57,57,57,57,44,33,22,12,33,22,70,66,66,66,66,50,50,50,23,23,8,29,13,13,13,34,10,70,45,31,31],"items_purged":["Normality"],"gold":171,"play_id":"6601206f-a9c7-4b4a-81a9-0182b91d443a","is_prod":false,"is_daily":false,"is_ascension_mode":false,"campfire_upgraded":3,"path_taken":["M","?","$","M","?","R","M","R","T","?","M","M","M","M","R","BOSS","M","$","?","?","M","R","?","?","T","M","R","?","?","$","R","BOSS","M","M","?","M"],"build_version":"2018-02-01-PROD3","purchased_purges":1,"victory":false,"master_deck":["Defend_G+1","Defend_G+1","Defend_G+1","Defend_G+1","Defend_G+1","Strike_G+1","Strike_G+1","Strike_G+1","Strike_G+1","Survivor","Neutralize","Malaise","Noxious Fumes+1","Noxious Fumes+1","Dagger Throw+1","Flying Knee","Poisoned Stab","Poisoned Stab","A Thousand Cuts","PiercingWail","Bouncing Flask","After Image+1","Choke","Poisoned Stab","Distraction","Catalyst","Backflip","Quick Slash","Adrenaline","Noxious Fumes","Poisoned Stab","Tools of the Trade","Regret","Prepared","Acrobatics+1"],"max_hp_per_floor":[70,70,70,70,70,70,70,70,70,70,70,70,70,70,70,70,70,70,70,70,70,70,70,70,70,70,70,70,70,70,70,70,70,70,70,70,70],"relics":["Ring of the Snake","Omamori","Ice Cream","Nloth\u0027s Gift","Whetstone","Calling Bell","Happy Flower","Gremlin Horn","Orichalcum"],"card_choices":[{"not_picked":["Skewer","Prepared"],"picked":"Noxious Fumes"},{"not_picked":["Outmaneuver","Well Laid Plans"],"picked":"Dagger Throw"},{"not_picked":["Prepared","Deflect"],"picked":"Flying Knee"},{"not_picked":["Endless Agony","Footwork"],"picked":"Poisoned Stab"},{"not_picked":["Eviscerate","Terror"],"picked":"Poisoned Stab"},{"not_picked":["Sucker Punch","Backflip"],"picked":"A Thousand Cuts"},{"not_picked":["Dagger Spray","Finisher"],"picked":"PiercingWail"},{"not_picked":["Phantasmal Killer","Riddle With Holes"],"picked":"Bouncing Flask"},{"not_picked":["Unload","Die Die Die"],"picked":"After Image"},{"not_picked":["Underhanded Strike","Calculated Gamble"],"picked":"Choke"},{"not_picked":["Slice","All Out Attack"],"picked":"Catalyst"},{"not_picked":["Deadly Poison","Dagger Throw"],"picked":"Backflip"},{"not_picked":["Dagger Throw","Choke"],"picked":"Quick Slash"},{"not_picked":["Slice","Deadly Poison"],"picked":"Adrenaline"},{"not_picked":["Night Terror","Tactician"],"picked":"Tools of the Trade"},{"not_picked":["Dagger Throw","Acrobatics"],"picked":"Prepared"},{"not_picked":["Blade Dance","Poisoned Stab"],"picked":"Acrobatics"}],"player_experience":48992,"potions_floor_usage":[33,33],"damage_taken":[{"damage":3.0,"enemies":"Small Slimes","floor":1.0,"turns":4.0},{"damage":0.0,"enemies":"2 Louse","floor":4.0,"turns":3.0},{"damage":10.0,"enemies":"Cultist","floor":7.0,"turns":5.0},{"damage":0.0,"enemies":"Looter","floor":10.0,"turns":4.0},{"damage":13.0,"enemies":"Gremlin Gang","floor":11.0,"turns":4.0},{"damage":11.0,"enemies":"Exordium Thugs","floor":12.0,"turns":4.0},{"damage":11.0,"enemies":"3 Louse","floor":13.0,"turns":3.0},{"damage":10.0,"enemies":"2 Fungi Beasts","floor":14.0,"turns":3.0},{"damage":11.0,"enemies":"Hexaghost","floor":16.0,"turns":7.0},{"damage":4.0,"enemies":"Chosen","floor":18.0,"turns":6.0},{"damage":16.0,"enemies":"2 Thieves","floor":22.0,"turns":5.0},{"damage":27.0,"enemies":"Snake Plant","floor":25.0,"turns":7.0},{"damage":15.0,"enemies":"Centurion and Healer","floor":27.0,"turns":9.0},{"damage":16.0,"enemies":"Snecko","floor":29.0,"turns":5.0},{"damage":24,"enemies":"Collector","floor":33,"turns":9},{"damage":25,"enemies":"3 Darklings","floor":35,"turns":7},{"damage":14,"enemies":"Orb Walker","floor":36,"turns":5},{"damage":32,"enemies":"3 Darklings","floor":38,"turns":6}],"event_choices":[{"event_name":"Golden Wing","player_choice":"Ignored","floor":2.0,"damage_taken":0.0},{"event_name":"Accursed Blacksmith","player_choice":"Rummage","floor":5.0,"damage_taken":0.0},{"event_name":"Addict","player_choice":"Ignored","floor":20.0,"damage_taken":0.0},{"event_name":"Beggar","player_choice":"Ignored","floor":21.0,"damage_taken":0.0},{"event_name":"N\u0027loth","player_choice":"Traded a White Beast Statue","floor":24.0,"damage_taken":0.0},{"event_name":"Back to Basics","player_choice":"Simplicity","floor":30.0,"damage_taken":0.0},{"event_name":"Mysterious Sphere","player_choice":"Ignore","floor":37,"damage_taken":0}],"boss_relics":[{"not_picked":["Black Star","Sozu"],"picked":"Calling Bell"}],"potions_floor_spawned":[1,4,13,14,18,22,27,33],"seed_played":"9020132863652210000","killed_by":"3 Darklings","ascension_level":0,"is_trial":false}