{"gold_per_floor":[119,56,73,39,52,85,85,117,195,195],"floor_reached":10,"playtime":561,"items_purged":[],"score":129,"play_id":"955a80ca-8876-47bf-a7d2-a999db872cf5","local_time":"20190227194957","is_ascension_mode":true,"campfire_choices":[{"data":"Zap","floor":7,"key":"SMITH"}],"neow_cost":"NONE","seed_source_timestamp":207531953263700,"circlet_count":0,"master_deck":["AscendersBane","Strike_B","Strike_B","Strike_B","Strike_B","Defend_B","Defend_B","Defend_B","Defend_B","Zap+1","Dualcast","Coolheaded","Gash","Tempest","Ball Lightning","Compile Driver"],"relics":["Cracked Core","NeowsBlessing","Torii","Art of War","Juzu Bracelet","Kunai"],"potions_floor_usage":[10,10],"damage_taken":[{"damage":0,"enemies":"2 Louse","floor":1,"turns":1},{"damage":0,"enemies":"Cultist","floor":3,"turns":1},{"damage":0,"enemies":"Jaw Worm","floor":5,"turns":1},{"damage":23,"enemies":"Gremlin Nob","floor":6,"turns":4},{"damage":39,"enemies":"3 Sentries","floor":8,"turns":6},{"damage":2,"enemies":"Gremlin Gang","floor":10,"turns":2}],"seed_played":"-2464302019487721007","potions_obtained":[{"floor":3,"key":"SpeedPotion"},{"floor":8,"key":"Swift Potion"}],"is_trial":false,"path_per_floor":["M","?","M","?","M","E","R","E","T","M"],"character_chosen":"DEFECT","items_purchased":[],"campfire_rested":0,"item_purchase_floors":[],"current_hp_per_floor":[64,64,64,64,64,41,41,2,2,0],"gold":195,"neow_bonus":"THREE_ENEMY_KILL","is_prod":false,"is_daily":false,"chose_seed":false,"campfire_upgraded":1,"win_rate":0,"timestamp":1551314997,"path_taken":["M","?","?","?","M","E","R","E","T","M"],"build_version":"2019-01-23","purchased_purges":0,"victory":false,"max_hp_per_floor":[71,71,71,71,71,71,71,71,71,71],"card_choices":[{"not_picked":["Leap","Sweeping Beam"],"picked":"Coolheaded","floor":1},{"not_picked":["Compile Driver","Sweeping Beam"],"picked":"Gash","floor":3},{"not_picked":["Storm","Sweeping Beam"],"picked":"Tempest","floor":5},{"not_picked":["Barrage","Compile Driver"],"picked":"Ball Lightning","floor":6},{"not_picked":["Amplify","Stack"],"picked":"Compile Driver","floor":8}],"player_experience":1395518,"relics_obtained":[{"floor":6,"key":"Art of War"},{"floor":8,"key":"Juzu Bracelet"},{"floor":9,"key":"Kunai"}],"event_choices":[{"damage_healed":0,"gold_gain":0,"player_choice":"Paid Gold","damage_taken":0,"relics_obtained":["Torii"],"max_hp_gain":0,"max_hp_loss":0,"event_name":"WeMeetAgain","floor":2,"gold_loss":63},{"damage_healed":0,"gold_gain":0,"player_choice":"Left Gold","damage_taken":0,"max_hp_gain":0,"max_hp_loss":0,"event_name":"World of Goop","floor":4,"gold_loss":34}],"is_beta":false,"boss_relics":[],"items_purged_floors":[],"is_endless":false,"potions_floor_spawned":[3,8],"killed_by":"Gremlin Gang","ascension_level":14}