{"path_per_floor":["M","M","M","M","M","E","R","M","T","M","E","?","?","?","R"],"character_chosen":"IRONCLAD","items_purchased":[],"gold_per_floor":[19,29,40,52,68,95,95,107,107,117,146,169,226,226,226],"floor_reached":16,"campfire_rested":1,"playtime":741,"current_hp_per_floor":[80,80,80,76,73,57,57,57,57,62,58,37,23,23,49],"items_purged":[],"gold":226,"score":114,"play_id":"2c89128d-eb55-4d5a-bc48-3b9537759859","local_time":"20180303164855","is_prod":false,"is_daily":false,"is_ascension_mode":false,"campfire_upgraded":1,"timestamp":1520113735,"path_taken":["M","M","M","M","M","E","R","M","T","M","E","?","?","?","R","BOSS"],"build_version":"2018-03-01-PROD1","purchased_purges":0,"victory":false,"master_deck":["Strike_R","Strike_R","Strike_R","Strike_R","Strike_R","Defend_R","Defend_R","Defend_R","Defend_R","Bash","Headbutt","Dark Embrace","Cleave","Perfected Strike","Seeing Red+1","Heavy Blade","Shockwave","Fire Breathing","Shockwave","Regret"],"max_hp_per_floor":[80,80,80,80,80,80,80,80,80,80,87,87,87,87,87],"relics":["Burning Blood","Sundial","Oddly Smooth Stone","Unceasing Top","Strawberry","Odd Mushroom","Prayer Wheel","Happy Flower"],"card_choices":[{"not_picked":["Clothesline","Shrug It Off"],"picked":"Headbutt"},{"not_picked":["True Grit","Perfected Strike"],"picked":"Dark Embrace"},{"not_picked":["Headbutt","Entrench"],"picked":"Cleave"},{"not_picked":["Second Wind","Heavy Blade"],"picked":"Perfected Strike"},{"not_picked":["Warcry","Entrench"],"picked":"Seeing Red"},{"not_picked":["True Grit","Armaments"],"picked":"Heavy Blade"},{"not_picked":["Reckless Charge","Anger"],"picked":"Shockwave"},{"not_picked":["Burning Pact","Sentinel"],"picked":"Fire Breathing"},{"not_picked":["Armaments","Bloodletting"],"picked":"Shockwave"}],"player_experience":70152,"potions_floor_usage":[6,6,11,11,16,16],"damage_taken":[{"damage":6,"enemies":"Jaw Worm","floor":1,"turns":3},{"damage":1,"enemies":"2 Louse","floor":2,"turns":3},{"damage":1,"enemies":"Cultist","floor":3,"turns":3},{"damage":10,"enemies":"Looter","floor":4,"turns":3},{"damage":9,"enemies":"2 Fungi Beasts","floor":5,"turns":3},{"damage":31,"enemies":"Lagavulin","floor":6,"turns":5},{"damage":6,"enemies":"Blue Slaver","floor":8,"turns":2},{"damage":1,"enemies":"3 Louse","floor":10,"turns":2},{"damage":26,"enemies":"Gremlin Nob","floor":11,"turns":4},{"damage":27,"enemies":"The Mushroom Lair","floor":12,"turns":5},{"damage":20,"enemies":"3 Sentries","floor":13,"turns":6},{"damage":50,"enemies":"Hexaghost","floor":16,"turns":8}],"event_choices":[{"event_name":"Mushrooms","player_choice":"Fought Mushrooms","floor":12,"damage_taken":0},{"event_name":"Dead Adventurer","player_choice":"Searched \u00271\u0027 times","floor":13,"damage_taken":0},{"event_name":"Big Fish","player_choice":"Box","floor":14,"damage_taken":0}],"boss_relics":[],"potions_floor_spawned":[3,4,5,10,12,13],"seed_played":"4515282103269565269","killed_by":"Hexaghost","ascension_level":0,"is_trial":false}