{"gold_per_floor":[111,23,23,37,47,47,47,57,135,150,164,164,179,104,104,207,237,249,249,249,268,183,183,200,200,227,227,227,227,241,251,251,348,348,366,386,0,10,10,10,25,25,70,30,30,30,46,56,56,56],"floor_reached":50,"playtime":2698,"items_purged":["Normality","Defend_B"],"score":511,"play_id":"0f735432-2bb0-440b-9347-83405686cdd0","local_time":"20180702222953","is_ascension_mode":false,"campfire_choices":[{"data":"Go for the Eyes","floor":6.0,"key":"SMITH"},{"data":"Go for the Eyes","floor":15.0,"key":"SMITH"},{"data":"1","floor":23.0,"key":"LIFT"},{"data":"2","floor":27.0,"key":"LIFT"},{"data":"3","floor":29.0,"key":"LIFT"},{"floor":32.0,"key":"REST"},{"data":"Loop","floor":40,"key":"SMITH"},{"data":"Creative AI","floor":42,"key":"SMITH"},{"data":"Stack","floor":46,"key":"SMITH"},{"data":"Gash","floor":49,"key":"SMITH"}],"neow_cost":"","seed_source_timestamp":0,"circlet_count":0,"master_deck":["Strike_B+1","Strike_B","Strike_B","Defend_B","Defend_B","Defend_B+1","Zap","Dualcast","Hyperbeam","Beam Cell","Good Instincts+1","FTL","Go for the Eyes+1","Go for the Eyes+1","Gash","Stack+1","Steam Power","Coolheaded","Chill","Core Surge","Go for the Eyes","FTL","Turbo+1","Gash+1","Loop+1","Redo+1","Creative AI+1","Gash+1","Coolheaded","Good Instincts","Blizzard+1","Madness","Gash","Blizzard","Stack","Streamline+1"],"special_seed":0,"relics":["Cracked Core","Strawberry","Centennial Puzzle","Tiny House","Girya","Singing Bowl","Eternal Feather","Anchor","Lantern"],"potions_floor_usage":[50,50],"damage_taken":[{"damage":0.0,"enemies":"Small Slimes","floor":1.0,"turns":1.0},{"damage":0.0,"enemies":"Cultist","floor":4.0,"turns":3.0},{"damage":0.0,"enemies":"2 Louse","floor":5.0,"turns":1.0},{"damage":5.0,"enemies":"Lots of Slimes","floor":8.0,"turns":3.0},{"damage":5.0,"enemies":"Red Slaver","floor":10.0,"turns":5.0},{"damage":0.0,"enemies":"2 Fungi Beasts","floor":11.0,"turns":1.0},{"damage":0.0,"enemies":"Blue Slaver","floor":13.0,"turns":1.0},{"damage":22.0,"enemies":"The Guardian","floor":16.0,"turns":12.0},{"damage":7.0,"enemies":"Shell Parasite","floor":18.0,"turns":6.0},{"damage":17.0,"enemies":"2 Thieves","floor":21.0,"turns":3.0},{"damage":0.0,"enemies":"Snecko","floor":24.0,"turns":7.0},{"damage":18.0,"enemies":"Slaver and Parasite","floor":30.0,"turns":3.0},{"damage":0.0,"enemies":"Chosen and Byrds","floor":31.0,"turns":3.0},{"damage":22.0,"enemies":"Champ","floor":33.0,"turns":11.0},{"damage":16.0,"enemies":"3 Darklings","floor":35.0,"turns":6.0},{"damage":9.0,"enemies":"Orb Walker","floor":36.0,"turns":2.0},{"damage":13.0,"enemies":"4 Shapes","floor":38.0,"turns":8.0},{"damage":27,"enemies":"Maw","floor":41,"turns":8},{"damage":1,"enemies":"3 Darklings","floor":47,"turns":3},{"damage":15,"enemies":"4 Shapes","floor":48,"turns":6},{"damage":101,"enemies":"Time Eater","floor":50,"turns":12}],"seed_played":"-5257403567212951988","potions_obtained":[{"floor":4.0,"key":"SteroidPotion"},{"floor":8.0,"key":"Block Potion"},{"floor":10.0,"key":"Poison Potion"},{"floor":13.0,"key":"Explosive Potion"},{"floor":17.0,"key":"PowerPotion"},{"floor":30.0,"key":"FocusPotion"},{"floor":33.0,"key":"Regen Potion"},{"floor":35.0,"key":"Swift Potion"},{"floor":38,"key":"Fire Potion"}],"is_trial":false,"path_per_floor":["M","$","?","M","M","R","?","M","T","M","M","?","M","$","R","B",null,"M","?","?","M","?","R","M","?","T","R","?","R","M","M","R","B",null,"M","M","$","M","?","R","M","R","T","$","?","R","M","M","R"],"character_chosen":"DEFECT","items_purchased":["Good Instincts","Anchor","Coolheaded","Good Instincts","Blizzard"],"campfire_rested":1,"item_purchase_floors":[],"current_hp_per_floor":[75,75,60,60,60,60,67,62,62,57,57,57,57,57,57,35,87,80,80,63,46,46,46,46,46,46,46,46,46,28,28,55,33,92,78,69,69,56,44,56,29,41,41,41,94,94,93,78,92,0],"gold":56,"neow_bonus":"","is_prod":false,"is_daily":false,"chose_seed":false,"campfire_upgraded":6,"win_rate":0,"timestamp":1530584993,"path_taken":["M","$","?","M","?","R","?","M","T","M","M","?","M","$","R","BOSS","M","?","?","M","?","R","?","?","T","R","?","R","M","M","R","BOSS","M","?","$","M","?","R","M","R","T","$","?","R","M","M","R","BOSS"],"build_version":"2018-06-28","purchased_purges":2,"victory":false,"max_hp_per_floor":[75,75,75,75,75,75,82,82,82,82,82,82,82,82,82,82,87,87,87,92,92,92,92,92,92,92,92,92,92,92,92,92,92,92,94,94,94,94,94,94,94,94,94,94,94,94,94,94,94,94],"card_choices":[{"not_picked":["Conserve Battery","Coolheaded"],"picked":"Beam Cell","floor":1.0},{"not_picked":["Coolheaded","Rebound"],"picked":"FTL","floor":4.0},{"not_picked":["Rebound","Redo"],"picked":"Go for the Eyes","floor":5.0},{"not_picked":["Hologram","Ball Lightning"],"picked":"Go for the Eyes","floor":8.0},{"not_picked":["Redo","Static Discharge"],"picked":"Gash","floor":10.0},{"not_picked":["Steam","Chaos"],"picked":"Stack","floor":11.0},{"not_picked":["Compile Driver","Genetic Algorithm"],"picked":"Chill","floor":13.0},{"not_picked":["Machine Learning","Hyperbeam"],"picked":"Core Surge","floor":16.0},{"not_picked":["Compile Driver","Beam Cell"],"picked":"Go for the Eyes","floor":17.0},{"not_picked":["Cold Snap","Barrage"],"picked":"FTL","floor":18.0},{"not_picked":["Recycle","Steam","Streamline+1"],"picked":"SKIP","floor":21.0},{"not_picked":["Chaos","Amplify"],"picked":"Turbo+1","floor":24.0},{"not_picked":["Coolheaded","Heatsinks"],"picked":"Loop","floor":30.0},{"not_picked":["Ball Lightning","Rip and Tear+1"],"picked":"Redo+1","floor":31.0},{"not_picked":["Machine Learning","Multi-Cast"],"picked":"Creative AI","floor":33.0},{"not_picked":["Rebound+1","Steam+1","Undo"],"picked":"Singing Bowl","floor":35.0},{"not_picked":["Rip and Tear+1","Stack+1"],"picked":"Gash+1","floor":36.0},{"not_picked":["Beam Cell","Reinforced Body+1"],"picked":"Blizzard+1","floor":38},{"not_picked":["Static Discharge","Go for the Eyes+1"],"picked":"Gash","floor":41},{"not_picked":["Steam Power","Static Discharge"],"picked":"Stack","floor":47},{"not_picked":["Rebound","Go for the Eyes+1"],"picked":"Streamline+1","floor":48}],"player_experience":541499,"relics_obtained":[{"floor":9.0,"key":"Centennial Puzzle"},{"floor":26.0,"key":"Singing Bowl"},{"floor":43,"key":"Lantern"}],"event_choices":[{"event_name":"Shining Light","player_choice":"Entered Light","floor":3.0,"damage_taken":0.0},{"event_name":"Accursed Blacksmith","player_choice":"Rummage","floor":7.0,"damage_taken":0.0},{"event_name":"Match and Keep!","player_choice":"2 cards matched","floor":12.0,"damage_taken":0.0},{"event_name":"Vampires","player_choice":"Ignored","floor":19.0,"damage_taken":0.0},{"event_name":"Forgotten Altar","player_choice":"Shed Blood","floor":20.0,"damage_taken":0.0},{"event_name":"Addict","player_choice":"Obtained Relic","floor":22.0,"damage_taken":0.0},{"event_name":"Back to Basics","player_choice":"Elegance","floor":25.0,"damage_taken":0.0},{"event_name":"Duplicator","player_choice":"One dupe","floor":28.0,"damage_taken":0.0},{"event_name":"Winding Halls","player_choice":"Embrace Madness","floor":39,"damage_taken":0},{"event_name":"Bonfire Elementals","player_choice":"UNCOMMON","floor":45,"damage_taken":0}],"boss_relics":[{"not_picked":["Coffee Dripper","Runic Pyramid"],"picked":"Tiny House"},{"not_picked":["Busted Crown","Inserter"],"picked":"Eternal Feather"}],"items_purged_floors":[],"is_endless":false,"potions_floor_spawned":[4,8,10,13,24,30,33,35,38,41],"killed_by":"Time Eater","ascension_level":0}