{"path_per_floor":["M","M","?","M","$","R","?","M","T","R","?","R","$","M","R","B",null,"M","$","?","$","?","R","M","R","T","M","M"],"character_chosen":"IRONCLAD","items_purchased":["Shrug It Off","Flex","Inflame","Flex"],"gold_per_floor":[110,123,73,88,36,36,36,52,52,52,52,52,2,18,18,113,113,126,5,5,5,5,5,21,21,21,34,51,51],"floor_reached":29,"campfire_rested":3,"playtime":1076,"current_hp_per_floor":[80,79,79,80,80,80,64,63,63,63,38,62,62,30,54,40,70,57,57,57,57,57,57,53,77,77,20,18,0],"items_purged":[],"gold":51,"score":266,"play_id":"a17e63e7-99fc-44d9-b9b9-71b004064820","local_time":"20180328224530","is_prod":false,"is_daily":false,"is_ascension_mode":true,"campfire_upgraded":3,"timestamp":1522291530,"path_taken":["M","M","?","M","$","R","?","M","T","R","?","R","$","M","R","BOSS","M","$","?","$","?","R","?","R","T","M","M","M"],"build_version":"2018-03-22v2","purchased_purges":0,"victory":false,"master_deck":["Strike_R","Strike_R","Strike_R","Defend_R","Defend_R","Defend_R+1","Defend_R","Bash","Heavy Blade+1","Clothesline+1","Shrug It Off","Sword Boomerang+1","Whirlwind","Flex","Spot Weakness+1","Shrug It Off","Double Tap","Inflame+1","Flex","Heavy Blade+1","Inflame","Pain","Heavy Blade"],"max_hp_per_floor":[80,80,80,80,80,80,80,80,80,80,80,80,80,80,80,80,80,80,80,80,80,80,80,80,80,80,80,80,80],"relics":["Burning Blood","Unceasing Top","Dream Catcher","Cursed Key","Shovel"],"card_choices":[{"not_picked":["Warcry","Clash"],"picked":"Heavy Blade","floor":1},{"not_picked":["Entrench","Blood for Blood"],"picked":"Clothesline","floor":2},{"not_picked":["Anger","True Grit"],"picked":"Sword Boomerang","floor":8},{"not_picked":["Pommel Strike","True Grit"],"picked":"Whirlwind","floor":12},{"not_picked":["Wild Strike","Second Wind"],"picked":"Spot Weakness","floor":14},{"not_picked":["Dark Embrace","Pommel Strike"],"picked":"Shrug It Off","floor":15},{"not_picked":["Bludgeon","Exhume"],"picked":"Double Tap","floor":16},{"not_picked":["Battle Trance","Intimidate"],"picked":"Heavy Blade","floor":24},{"not_picked":["True Grit","Rupture"],"picked":"Inflame","floor":25},{"not_picked":["Ghostly Armor","Shockwave"],"picked":"Heavy Blade","floor":28}],"player_experience":366968,"potions_floor_usage":[16,16,28],"damage_taken":[{"damage":1,"enemies":"Small Slimes","floor":1,"turns":4},{"damage":7,"enemies":"Jaw Worm","floor":2,"turns":6},{"damage":4,"enemies":"2 Louse","floor":4,"turns":3},{"damage":7,"enemies":"2 Fungi Beasts","floor":8,"turns":4},{"damage":38,"enemies":"Large Slime","floor":14,"turns":8},{"damage":20,"enemies":"Slime Boss","floor":16,"turns":6},{"damage":19,"enemies":"Shell Parasite","floor":18,"turns":4},{"damage":10,"enemies":"3 Byrds","floor":24,"turns":4},{"damage":63,"enemies":"Centurion and Healer","floor":27,"turns":5},{"damage":17,"enemies":"3 Cultists","floor":28,"turns":4},{"damage":24,"enemies":"Snake Plant","floor":29,"turns":3}],"event_choices":[{"event_name":"The Cleric","player_choice":"Card Removal","floor":3,"damage_taken":0},{"event_name":"Shining Light","player_choice":"Entered Light","floor":7,"damage_taken":0},{"event_name":"Scrap Ooze","player_choice":"success","floor":11,"damage_taken":25},{"event_name":"Upgrade Shrine","player_choice":"Upgraded","floor":20,"damage_taken":0},{"event_name":"Drug Dealer","player_choice":"Ignored","floor":22,"damage_taken":0}],"boss_relics":[{"not_picked":["Black Blood","Tiny House"],"picked":"Cursed Key"}],"potions_floor_spawned":[8,14,16,27,28],"seed_played":"1904673073385615574","killed_by":"Snake Plant","ascension_level":5,"is_trial":false}