{"path_per_floor":["M","M","$","?","M","R","E","$","T","M","$","M","E","M","R","B",null,"M","M","$","?","M","R","?","M","T","M","M","R","E","M","R","B",null,"M","?","$","M","M","E","M","M","T","R","E","R","M","?","R"],"character_chosen":"THE_SILENT","items_purchased":["Footwork","Noxious Fumes","Blood Vial","Dagger Throw+1","Regal Pillow","Well Laid Plans","Regen Potion"],"gold_per_floor":[110,130,130,130,145,145,176,33,103,118,42,52,84,97,97,202,202,221,237,38,38,55,55,55,69,118,133,145,145,176,196,196,296,296,306,306,10,22,34,59,79,95,118,118,147,147,158,158,158,158],"floor_reached":50,"campfire_rested":4,"playtime":4367,"item_purchase_floors":[8,11,20,20,37,37,37],"current_hp_per_floor":[69,68,68,68,66,66,22,22,22,22,22,22,18,16,16,15,70,68,57,57,57,54,54,54,33,33,25,5,26,11,2,23,35,70,54,54,54,40,38,14,11,13,13,49,35,70,70,70,70,0],"items_purged":["Regret"],"gold":158,"score":563,"play_id":"7c4351a4-726c-4f82-9b5e-bdc69fe18c98","local_time":"20180610142627","is_prod":false,"is_daily":false,"chose_seed":false,"is_ascension_mode":false,"campfire_upgraded":4,"win_rate":0,"timestamp":1528655187,"campfire_choices":[{"data":"Neutralize","floor":6,"key":"SMITH"},{"data":"Footwork","floor":15,"key":"SMITH"},{"data":"Footwork","floor":23,"key":"SMITH"},{"floor":29,"key":"REST"},{"floor":32,"key":"REST"},{"floor":44,"key":"REST"},{"floor":46,"key":"REST"},{"data":"After Image","floor":49,"key":"SMITH"}],"path_taken":["M","M","?","?","M","R","E","$","T","?","?","M","E","M","R","BOSS","M","M","$","?","M","R","?","?","T","M","M","R","E","M","R","BOSS","M","?","?","M","M","E","M","M","T","R","E","R","M","?","R","BOSS"],"build_version":"2018-06-07v3","seed_source_timestamp":1696178234717,"purchased_purges":1,"victory":false,"master_deck":["Defend_G+1","Defend_G+1","Defend_G+1","Defend_G+1","Defend_G+1","Strike_G+1","Strike_G+1","Strike_G+1","Strike_G+1","Strike_G+1","Survivor","Neutralize+1","Backflip+1","Sucker Punch","Dagger Spray","Malaise","Footwork+1","Dagger Spray+1","Noxious Fumes","Dagger Throw+1","Dodge and Roll+1","Noxious Fumes","Bane+1","Envenom","Dash+1","Footwork+1","Dagger Throw+1","Quick Slash+1","Noxious Fumes","Backstab+1","Deadly Poison","Caltrops","Predator+1","Deadly Poison+1","Blur+1","Die Die Die+1","Acrobatics+1","Backflip","Well Laid Plans","Bane+1","Blade Dance+1","Cloak And Dagger+1","Poisoned Stab+1","Dodge and Roll","Neutralize+1","After Image+1","Dramatic Entrance+1"],"max_hp_per_floor":[70,70,70,70,70,70,70,70,70,70,70,70,70,70,70,70,70,70,70,70,70,70,70,70,70,70,70,70,70,70,70,70,70,70,70,70,70,70,70,70,70,70,70,70,70,70,70,70,70,70],"relics":["Ring of the Snake","Lantern","Prayer Wheel","Molten Egg 2","Snake Skull","Lizard Tail","Blood Vial","Ancient Tea Set","War Paint","Gambling Chip","Busted Crown","Regal Pillow","Tingsha","Oddly Smooth Stone","Dodecahedron"],"card_choices":[{"not_picked":["Cloak And Dagger","Acrobatics"],"picked":"Backflip","floor":1},{"not_picked":["Backflip","Quick Slash"],"picked":"Sucker Punch","floor":2},{"not_picked":["Quick Slash","Bane"],"picked":"Dagger Spray","floor":5},{"not_picked":["Crippling Poison","Prepared"],"picked":"Malaise","floor":7},{"not_picked":["Reflex","Calculated Gamble"],"picked":"Dagger Spray+1","floor":10},{"not_picked":["Blade Dance","Deflect"],"picked":"Dagger Spray+1","floor":10},{"not_picked":["Sucker Punch+1","Flying Knee+1"],"picked":"Dagger Throw+1","floor":12},{"not_picked":["Infinite Blades","Poisoned Stab+1"],"picked":"Dodge and Roll","floor":12},{"not_picked":["Flechettes+1","Masterful Stab+1"],"picked":"Noxious Fumes","floor":13},{"not_picked":["Choke+1","Well Laid Plans"],"picked":"Bane+1","floor":14},{"not_picked":["Deadly Poison","Poisoned Stab+1","Venomology"],"picked":"SKIP","floor":14},{"not_picked":["Wraith Form v2","Tools of the Trade"],"picked":"Envenom","floor":16},{"not_picked":["Sucker Punch+1","Riddle With Holes+1"],"picked":"Dash+1","floor":18},{"not_picked":["Eviscerate+1","Prepared","Malaise"],"picked":"SKIP","floor":18},{"not_picked":["Backflip","Deflect"],"picked":"Footwork","floor":19},{"not_picked":["Expertise","Dodge and Roll","Skewer+1"],"picked":"SKIP","floor":19},{"not_picked":["Leg Sweep","Cloak And Dagger"],"picked":"Quick Slash+1","floor":22},{"not_picked":["Reflex","Cloak And Dagger","Flying Knee+1"],"picked":"SKIP","floor":22},{"not_picked":["Unload+1","Flying Knee+1"],"picked":"Noxious Fumes","floor":25},{"not_picked":["Prepared","Slice+1","Cloak And Dagger"],"picked":"SKIP","floor":25},{"not_picked":["Slice+1","Outmaneuver"],"picked":"Backstab+1","floor":27},{"not_picked":["Flying Knee+1","All Out Attack+1"],"picked":"Deadly Poison","floor":27},{"not_picked":["Deadly Poison","Prepared"],"picked":"Caltrops","floor":28},{"not_picked":["Calculated Gamble","Riddle With Holes+1","Sucker Punch+1"],"picked":"SKIP","floor":28},{"not_picked":["Eviscerate+1","Dash+1"],"picked":"Predator+1","floor":30},{"not_picked":["Quick Slash+1","Blade Dance"],"picked":"Deadly Poison+1","floor":31},{"not_picked":["Flechettes+1","Bouncing Flask"],"picked":"Blur+1","floor":31},{"not_picked":["Bullet Time","A Thousand Cuts"],"picked":"Die Die Die+1","floor":33},{"not_picked":[],"picked":"Acrobatics+1","floor":35},{"not_picked":[],"picked":"Backflip","floor":35},{"not_picked":[],"picked":"Bane+1","floor":38},{"not_picked":[],"picked":"Blade Dance+1","floor":38},{"not_picked":[],"picked":"Cloak And Dagger+1","floor":39},{"not_picked":[],"picked":"Poisoned Stab+1","floor":39},{"not_picked":["Tools of the Trade"],"picked":"SKIP","floor":40},{"not_picked":["Deflect"],"picked":"SKIP","floor":41},{"not_picked":["Heel Hook+1"],"picked":"SKIP","floor":41},{"not_picked":["Outmaneuver"],"picked":"SKIP","floor":42},{"not_picked":["Acrobatics"],"picked":"SKIP","floor":42},{"not_picked":["Endless Agony+1"],"picked":"SKIP","floor":45},{"not_picked":[],"picked":"Dodge and Roll","floor":47},{"not_picked":["Reflex+1"],"picked":"SKIP","floor":47}],"player_experience":134711,"potions_floor_usage":[25,28,31,33,39,45,45,50],"damage_taken":[{"damage":1,"enemies":"Cultist","floor":1,"turns":4},{"damage":1,"enemies":"Jaw Worm","floor":2,"turns":6},{"damage":2,"enemies":"Small Slimes","floor":5,"turns":3},{"damage":44,"enemies":"Gremlin Nob","floor":7,"turns":6},{"damage":0,"enemies":"Looter","floor":10,"turns":4},{"damage":0,"enemies":"2 Fungi Beasts","floor":12,"turns":2},{"damage":4,"enemies":"3 Sentries","floor":13,"turns":4},{"damage":2,"enemies":"3 Louse","floor":14,"turns":3},{"damage":1,"enemies":"The Guardian","floor":16,"turns":10},{"damage":2,"enemies":"3 Byrds","floor":18,"turns":3},{"damage":11,"enemies":"Spheric Guardian","floor":19,"turns":7},{"damage":5,"enemies":"3 Cultists","floor":22,"turns":3},{"damage":23,"enemies":"Snake Plant","floor":25,"turns":5},{"damage":10,"enemies":"Centurion and Healer","floor":27,"turns":8},{"damage":22,"enemies":"Snecko","floor":28,"turns":6},{"damage":17,"enemies":"Slavers","floor":30,"turns":6},{"damage":11,"enemies":"3 Cultists","floor":31,"turns":4},{"damage":60,"enemies":"Automaton","floor":33,"turns":9},{"damage":16,"enemies":"Orb Walker","floor":35,"turns":4},{"damage":16,"enemies":"3 Shapes","floor":38,"turns":3},{"damage":19,"enemies":"Sphere and 2 Shapes","floor":39,"turns":6},{"damage":26,"enemies":"Nemesis","floor":40,"turns":5},{"damage":5,"enemies":"4 Shapes","floor":41,"turns":5},{"damage":0,"enemies":"3 Darklings","floor":42,"turns":3},{"damage":16,"enemies":"2 Orb Walkers","floor":45,"turns":4},{"damage":0,"enemies":"Sphere and 2 Shapes","floor":47,"turns":3},{"damage":77,"enemies":"Donu and Deca","floor":50,"turns":8}],"relics_obtained":[{"floor":7,"key":"Prayer Wheel"},{"floor":9,"key":"Molten Egg 2"},{"floor":13,"key":"Snake Skull"},{"floor":26,"key":"War Paint"},{"floor":30,"key":"Gambling Chip"},{"floor":40,"key":"Tingsha"},{"floor":43,"key":"Oddly Smooth Stone"},{"floor":45,"key":"Dodecahedron"}],"event_choices":[{"event_name":"Big Fish","player_choice":"Box","floor":4,"damage_taken":0},{"event_name":"Back to Basics","player_choice":"Simplicity","floor":21,"damage_taken":0},{"event_name":"The Mausoleum","player_choice":"Yes","floor":24,"damage_taken":0},{"event_name":"Falling","player_choice":"Removed Attack","floor":36,"damage_taken":0},{"event_name":"Match and Keep!","player_choice":"3 cards matched","floor":48,"damage_taken":0}],"boss_relics":[{"not_picked":["Orrery","Runic Dome"],"picked":"Lizard Tail"},{"not_picked":["Philosopher\u0027s Stone","Sozu"],"picked":"Busted Crown"}],"items_purged_floors":[8],"potions_floor_spawned":[2,7,13,14,22,25,31,33,35,38,40],"seed_played":"-3147062385872142644","killed_by":"Donu and Deca","ascension_level":0,"potions_obtained":[{"floor":2,"key":"FearPotion"},{"floor":7,"key":"Fire Potion"},{"floor":13,"key":"GamblersBrew"},{"floor":22,"key":"Poison Potion"},{"floor":25,"key":"Weak Potion"},{"floor":31,"key":"FairyPotion"},{"floor":33,"key":"Energy Potion"},{"floor":35,"key":"Dexterity Potion"},{"floor":40,"key":"SpeedPotion"}],"is_trial":false}