{"path_per_floor":["M","M","?","M","M","R","M","M","T","$","M","M","M","M","R","B",null,"M","M","$","?","M","M","?","M","T","M","R","$","?","M","R"],"character_chosen":"IRONCLAD","items_purchased":["Evolve","Apotheosis","Shrug It Off"],"gold_per_floor":[113,126,126,147,167,167,180,205,231,87,106,122,141,154,154,282,282,300,319,6,6,30,53,53,73,73,92,92,39,39,53,53],"floor_reached":33,"campfire_rested":1,"playtime":1129,"current_hp_per_floor":[35,41,41,46,36,36,42,42,42,42,48,56,67,53,53,10,74,65,55,55,55,67,73,73,32,32,20,20,20,20,20,42],"items_purged":["Strike_R","Strike_R"],"gold":53,"score":275,"play_id":"04c94bd7-8e21-4c72-b226-263e1f1467d5","is_prod":false,"is_daily":false,"is_ascension_mode":false,"campfire_upgraded":3,"path_taken":["M","M","?","M","?","R","M","M","T","$","M","M","M","M","R","BOSS","M","M","?","?","M","M","?","?","T","M","R","$","?","M","R","BOSS"],"build_version":"2018-02-15-PROD1","purchased_purges":2,"victory":false,"master_deck":["Strike_R","Strike_R","Defend_R","Defend_R","Defend_R","Bash","Iron Wave","Cleave","Rampage+1","Dropkick","Reaper","Evolve","Shrug It Off","Whirlwind+1","Offering","Metallicize","Shrug It Off","Apotheosis+1","Shrug It Off+1","Pommel Strike","Shrug It Off","Uppercut+1"],"max_hp_per_floor":[80,80,74,74,74,74,74,74,74,74,74,74,74,74,74,74,74,74,74,74,74,74,74,74,74,74,74,74,74,74,74,74],"relics":["Burning Blood","Golden Idol","Art of War","Black Star","Smiling Mask","Calipers"],"card_choices":[{"not_picked":["Anger","Disarm"],"picked":"Iron Wave"},{"not_picked":["Warcry","Anger"],"picked":"Cleave"},{"not_picked":["Headbutt","Armaments"],"picked":"Rampage"},{"not_picked":["Wild Strike","Twin Strike"],"picked":"Dropkick"},{"not_picked":["Heavy Blade","Searing Blow"],"picked":"Reaper"},{"not_picked":["Infernal Blade","Warcry"],"picked":"Shrug It Off"},{"not_picked":["Headbutt","Bludgeon"],"picked":"Whirlwind"},{"not_picked":["Impervious","Immolate"],"picked":"Offering"},{"not_picked":["Havoc","Flame Barrier"],"picked":"Metallicize"},{"not_picked":["Seeing Red","Headbutt"],"picked":"Shrug It Off"},{"not_picked":["Carnage","Demon Form"],"picked":"Shrug It Off"},{"not_picked":["Warcry","Flame Barrier"],"picked":"Pommel Strike"},{"not_picked":["Wild Strike","Headbutt"],"picked":"Uppercut"}],"player_experience":269786,"potions_floor_usage":[16,18,22,23,31,31],"damage_taken":[{"damage":11.0,"enemies":"Jaw Worm","floor":1.0,"turns":2.0},{"damage":0.0,"enemies":"2 Louse","floor":2.0,"turns":2.0},{"damage":1.0,"enemies":"Cultist","floor":4.0,"turns":4.0},{"damage":16.0,"enemies":"Lots of Slimes","floor":5.0,"turns":3.0},{"damage":0.0,"enemies":"Large Slime","floor":7.0,"turns":4.0},{"damage":6.0,"enemies":"2 Fungi Beasts","floor":8.0,"turns":3.0},{"damage":0.0,"enemies":"Blue Slaver","floor":11.0,"turns":2.0},{"damage":6.0,"enemies":"Exordium Wildlife","floor":12.0,"turns":3.0},{"damage":4.0,"enemies":"3 Louse","floor":13.0,"turns":4.0},{"damage":26.0,"enemies":"Exordium Thugs","floor":14.0,"turns":5.0},{"damage":55,"enemies":"Hexaghost","floor":16,"turns":9},{"damage":15,"enemies":"Chosen","floor":18,"turns":6},{"damage":16,"enemies":"Spheric Guardian","floor":19,"turns":5},{"damage":16,"enemies":"Centurion and Healer","floor":22,"turns":7},{"damage":7,"enemies":"Snecko","floor":23,"turns":4},{"damage":47,"enemies":"Cultist and Chosen","floor":25,"turns":5},{"damage":18,"enemies":"Sentry and Sphere","floor":27,"turns":8},{"damage":6,"enemies":"Snake Plant","floor":31,"turns":5},{"damage":61,"enemies":"Automaton","floor":33,"turns":6}],"event_choices":[{"event_name":"Golden Idol","player_choice":"Lose Max HP","floor":3.0,"damage_taken":0.0},{"event_name":"Addict","player_choice":"Ignored","floor":21,"damage_taken":0},{"event_name":"Vampires","player_choice":"Ignored","floor":24,"damage_taken":0},{"event_name":"The Mausoleum","player_choice":"Yes","floor":30,"damage_taken":0}],"boss_relics":[{"not_picked":["Snecko Eye","Runic Pyramid"],"picked":"Black Star"}],"potions_floor_spawned":[1,8,11,12,16,18,19,25,27],"seed_played":"2094688134769670572","killed_by":"Automaton","ascension_level":0,"is_trial":false}