{"path_per_floor":["M","M","?","?","M","R","M","R","T","E","M","$","M","E","R"],"character_chosen":"IRONCLAD","items_purchased":["Regen Potion","Armaments","Shrug It Off"],"gold_per_floor":[112,131,131,131,148,148,165,165,215,248,259,32,50,80,80],"floor_reached":16,"campfire_rested":0,"playtime":1212,"current_hp_per_floor":[65,61,26,26,28,28,18,18,18,20,23,23,23,31,31],"items_purged":["Strike_R"],"gold":80,"score":196,"play_id":"bb5f9b30-bb07-4bc1-af93-0321f128b342","is_prod":false,"is_daily":false,"is_ascension_mode":true,"campfire_upgraded":3,"path_taken":["M","M","?","?","M","R","?","R","T","E","M","$","M","E","R","BOSS"],"build_version":"2018-02-16-BETA2","purchased_purges":1,"victory":false,"master_deck":["Strike_R","Strike_R","Strike_R","Strike_R","Defend_R","Defend_R","Defend_R","Defend_R","Bash","Fiend Fire","Searing Blow+2","Ghostly Armor","Exhume","Armaments+1","Armaments","Shrug It Off","Shockwave","Second Wind"],"max_hp_per_floor":[72,72,72,72,72,72,72,72,72,72,72,72,72,72,72],"relics":["Burning Blood","Red Skull","Bag of Preparation","Ginger","Mummified Hand"],"card_choices":[{"not_picked":["Warcry","Clothesline"],"picked":"Fiend Fire"},{"not_picked":["Sword Boomerang","Iron Wave"],"picked":"Searing Blow"},{"not_picked":["Havoc","Blood for Blood"],"picked":"Ghostly Armor"},{"not_picked":["Cleave","Sword Boomerang"],"picked":"Exhume"},{"not_picked":["Whirlwind","Body Slam"],"picked":"Armaments"},{"not_picked":["Clothesline","Body Slam"],"picked":"Shockwave"},{"not_picked":["Heavy Blade","Clash"],"picked":"Second Wind"}],"player_experience":783578,"potions_floor_usage":[10,14,16,16,16],"damage_taken":[{"damage":9,"enemies":"Jaw Worm","floor":1,"turns":4},{"damage":10,"enemies":"Small Slimes","floor":2,"turns":4},{"damage":4,"enemies":"2 Louse","floor":5,"turns":2},{"damage":16,"enemies":"Lots of Slimes","floor":7,"turns":4},{"damage":4,"enemies":"3 Sentries","floor":10,"turns":5},{"damage":3,"enemies":"Blue Slaver","floor":11,"turns":3},{"damage":6,"enemies":"Exordium Thugs","floor":13,"turns":3},{"damage":10,"enemies":"Lagavulin","floor":14,"turns":5},{"damage":31,"enemies":"Hexaghost","floor":16,"turns":9}],"event_choices":[{"event_name":"Scrap Ooze","player_choice":"success","floor":3,"damage_taken":35},{"event_name":"Match and Keep!","player_choice":"0 cards matched","floor":4,"damage_taken":0}],"boss_relics":[],"potions_floor_spawned":[2,7,13,14],"seed_played":"-8537276941008779540","killed_by":"Hexaghost","ascension_level":15,"is_trial":false}