{"path_per_floor":["M","?","M","?","$","R","E","?","T","M","M","M","R","M","R","B",null,"M","$","M"],"character_chosen":"IRONCLAD","items_purchased":["Uppercut","Block Potion","Feel No Pain","Battle Trance"],"gold_per_floor":[110,110,127,127,9,9,41,41,98,111,122,137,137,152,152,253,253,222,73,85],"floor_reached":21,"campfire_rested":1,"playtime":1426,"current_hp_per_floor":[59,80,80,80,80,80,60,60,60,53,31,32,32,30,54,32,68,46,46,27],"items_purged":[],"gold":85,"score":244,"play_id":"f09e2365-c737-404c-8010-31cbbc033ba9","is_prod":false,"is_daily":false,"is_ascension_mode":true,"campfire_upgraded":2,"path_taken":["M","?","?","?","?","R","E","?","T","M","M","?","R","M","R","BOSS","M","$","?","M"],"build_version":"2018-02-22-PROD2","purchased_purges":0,"victory":false,"master_deck":["Strike_R","Strike_R","Strike_R","Strike_R","Defend_R","Defend_R","Defend_R","Defend_R","Sentinel","Corruption+1","True Grit","Uppercut+1","Shockwave","Flex","Armaments","Rampage+1","Exhume","Sword Boomerang","Feel No Pain","Battle Trance","Twin Strike"],"max_hp_per_floor":[80,80,80,80,80,80,80,80,80,80,80,80,80,80,80,80,80,80,80,80],"relics":["Burning Blood","Kunai","Tiny Chest","Question Card"],"card_choices":[{"not_picked":["Bloodletting","Clash"],"picked":"Corruption"},{"not_picked":["Rage","Blood for Blood"],"picked":"True Grit"},{"not_picked":["Armaments","Headbutt"],"picked":"Shockwave"},{"not_picked":["Uppercut","Heavy Blade"],"picked":"Flex"},{"not_picked":["Heavy Blade","Carnage"],"picked":"Armaments"},{"not_picked":["Body Slam","Perfected Strike"],"picked":"Rampage"},{"not_picked":["Fiend Fire","Reaper"],"picked":"Exhume"},{"not_picked":["True Grit","Flex","Perfected Strike"],"picked":"Sword Boomerang"},{"not_picked":["Feel No Pain","Corruption","Flex"],"picked":"Twin Strike"}],"player_experience":289630,"potions_floor_usage":[3,7,16,16,21],"damage_taken":[{"damage":19,"enemies":"Cultist","floor":1,"turns":6},{"damage":2,"enemies":"Jaw Worm","floor":3,"turns":5},{"damage":26,"enemies":"Lagavulin","floor":7,"turns":8},{"damage":13,"enemies":"Small Slimes","floor":10,"turns":4},{"damage":28,"enemies":"Gremlin Gang","floor":11,"turns":7},{"damage":5,"enemies":"Blue Slaver","floor":12,"turns":5},{"damage":8,"enemies":"Lots of Slimes","floor":14,"turns":5},{"damage":28,"enemies":"The Guardian","floor":16,"turns":14},{"damage":28,"enemies":"2 Thieves","floor":18,"turns":5},{"damage":25,"enemies":"Spheric Guardian","floor":20,"turns":8},{"damage":35,"enemies":"Chosen and Byrds","floor":21,"turns":3}],"event_choices":[{"event_name":"Big Fish","player_choice":"Banana","floor":2,"damage_taken":0},{"event_name":"Upgrade Shrine","player_choice":"Upgraded","floor":4,"damage_taken":0},{"event_name":"Purifier","player_choice":"One Purge","floor":8,"damage_taken":0}],"boss_relics":[{"not_picked":["Tiny House","Velvet Choker"],"picked":"Question Card"}],"potions_floor_spawned":[1,7,12,16],"seed_played":"6264840834410387167","killed_by":"Chosen and Byrds","ascension_level":7,"is_trial":false}