{"path_per_floor":["M","$","?","$","M","R","M","M","T","?","R","M","R","M","R","B",null,"M","?","M","?","M","M","M"],"character_chosen":"IRONCLAD","items_purchased":["Heavy Blade"],"gold_per_floor":[116,63,63,63,78,78,93,113,140,90,90,103,103,123,123,226,226,246,146,157,157,177,190,206],"floor_reached":25,"campfire_rested":0,"playtime":965,"current_hp_per_floor":[80,80,64,64,70,70,74,64,64,64,64,62,62,64,64,32,80,80,80,80,65,61,41,18],"items_purged":[],"gold":206,"score":236,"play_id":"f8964ee1-359a-44e9-aa91-244485119db1","local_time":"20180313174519","is_prod":false,"is_daily":false,"is_ascension_mode":true,"campfire_upgraded":4,"timestamp":1520977519,"path_taken":["M","$","?","$","M","R","M","M","T","?","R","?","R","M","R","BOSS","M","?","?","?","M","?","M","M"],"build_version":"2018-03-09","purchased_purges":0,"victory":false,"master_deck":["Strike_R","Strike_R+1","Strike_R","Defend_R","Defend_R","Defend_R","Defend_R+1","Bash","Sword Boomerang","True Grit+1","Heavy Blade+1","Battle Trance","Flex+1","Inflame+1","Limit Break","Shrug It Off+1","J.A.X.","Battle Trance","Heavy Blade","Heavy Blade"],"max_hp_per_floor":[80,80,80,80,80,80,80,80,80,80,80,80,80,80,80,80,80,80,80,80,85,85,85,85],"relics":["Burning Blood","Orichalcum","Mark of Pain"],"card_choices":[{"not_picked":["Feel No Pain","Iron Wave"],"picked":"True Grit"},{"not_picked":["Corruption","Dark Embrace"],"picked":"Battle Trance"},{"not_picked":["Anger","Clothesline"],"picked":"Flex"},{"not_picked":["Warcry","Armaments"],"picked":"Inflame"},{"not_picked":["Dark Embrace","Barricade"],"picked":"Limit Break"},{"not_picked":["Intimidate","Headbutt"],"picked":"Shrug It Off"},{"not_picked":["Carnage","Clash"],"picked":"Battle Trance"},{"not_picked":["Clothesline","Ghostly Armor"],"picked":"Heavy Blade"},{"not_picked":["Evolve","Rampage"],"picked":"Heavy Blade"}],"player_experience":246895,"potions_floor_usage":[25],"damage_taken":[{"damage":5,"enemies":"Small Slimes","floor":1,"turns":3},{"damage":0,"enemies":"Cultist","floor":5,"turns":2},{"damage":2,"enemies":"2 Louse","floor":7,"turns":2},{"damage":16,"enemies":"Blue Slaver","floor":8,"turns":3},{"damage":8,"enemies":"Red Slaver","floor":12,"turns":3},{"damage":4,"enemies":"Gremlin Gang","floor":14,"turns":4},{"damage":38,"enemies":"Hexaghost","floor":16,"turns":7},{"damage":2,"enemies":"Chosen","floor":18,"turns":3},{"damage":6,"enemies":"Shell Parasite","floor":20,"turns":3},{"damage":10,"enemies":"Snecko","floor":22,"turns":4},{"damage":26,"enemies":"Snake Plant","floor":23,"turns":4},{"damage":29,"enemies":"Chosen and Byrds","floor":24,"turns":4},{"damage":20,"enemies":"Cultist and Chosen","floor":25,"turns":4}],"event_choices":[{"event_name":"Shining Light","player_choice":"Entered Light","floor":3,"damage_taken":0},{"event_name":"The Cleric","player_choice":"Card Removal","floor":10,"damage_taken":0},{"event_name":"Drug Dealer","player_choice":"Got JAXXED","floor":19,"damage_taken":0},{"event_name":"Forgotten Altar","player_choice":"Shed Blood","floor":21,"damage_taken":0}],"boss_relics":[{"not_picked":["Question Card","Runic Pyramid"],"picked":"Mark of Pain"}],"potions_floor_spawned":[1,8,14,18,23],"seed_played":"-4828317409506807707","killed_by":"Cultist and Chosen","ascension_level":4,"is_trial":false}