{"path_per_floor":["M","$","M","M","?","R","?","R","T","R","E","?","$","E","R","B",null,"M","?","M","?","$","R","M","M","T","E","?","E","M","M","R","B",null,"M","M","?","$","M","R","M","M","T","M","R","E","M","$","R"],"character_chosen":"IRONCLAD","items_purchased":["Reaper","Thunderclap","Regal Pillow","Shuriken","Weak Potion","Swift Potion","Reaper"],"gold_per_floor":[359,94,104,115,115,115,115,115,140,140,179,254,5,41,41,165,165,183,183,199,199,149,149,172,197,248,286,211,250,268,288,288,408,408,428,441,441,51,69,69,88,109,109,129,129,164,189,37,37],"floor_reached":50,"campfire_rested":1,"playtime":2649,"current_hp_per_floor":[57,57,63,69,69,69,69,69,69,69,61,50,50,65,65,54,69,63,47,23,23,23,53,32,14,14,47,47,69,63,53,53,18,59,47,60,60,60,50,50,46,78,78,83,83,81,91,91,91],"items_purged":["Pain","Defend_R","Defend_R","Decay"],"gold":37,"play_id":"a7a62669-ebc9-455d-b131-a1558a4c4e71","is_prod":false,"is_daily":false,"is_ascension_mode":true,"campfire_upgraded":8,"path_taken":["M","$","M","?","?","R","?","R","T","R","E","?","$","E","R","BOSS","M","?","?","?","$","R","M","M","T","E","?","E","M","M","R","BOSS","M","M","?","$","M","R","M","M","T","M","R","E","?","?","R","BOSS"],"build_version":"2018-02-01-PROD3","purchased_purges":4,"victory":false,"master_deck":["Bash+1","Intimidate","Reaper+1","Thunderclap+1","Spot Weakness+1","Heavy Blade+1","Feed+1","Iron Wave","Bite","Bite","Bite","Bite","Bite","Pommel Strike+1","Offering+1","Dropkick+1","Offering+1","Decay","Decay","Flex+1","Reaper"],"max_hp_per_floor":[80,80,80,80,74,74,74,74,74,74,74,74,74,74,74,74,74,77,77,77,53,53,53,56,59,59,59,59,69,69,72,72,72,72,72,72,72,72,72,72,79,83,83,83,83,89,91,91,91],"relics":["Burning Blood","Golden Idol","Mummified Hand","Orichalcum","Lantern","Regal Pillow","Smiling Mask","Lizard Tail","Nilry\u0027s Codex","Art of War","Frozen Eye","Strawberry","Calling Bell","Meat on the Bone","Bronze Scales","Gambling Chip","Shuriken","Ginger","Singing Bowl"],"card_choices":[{"not_picked":["Shrug It Off","True Grit"],"picked":"Intimidate"},{"not_picked":["Burning Pact","Warcry"],"picked":"Spot Weakness"},{"not_picked":["Shrug It Off","Power Through"],"picked":"Heavy Blade"},{"not_picked":["Immolate","Berserk"],"picked":"Feed"},{"not_picked":["Cleave","Sentinel"],"picked":"Iron Wave"},{"not_picked":["Iron Wave","Havoc"],"picked":"Pommel Strike"},{"not_picked":["Sever Soul","Armaments"],"picked":"Offering"},{"not_picked":["Searing Blow","Infernal Blade"],"picked":"Dropkick"},{"not_picked":["Brutality","Berserk"],"picked":"Offering"},{"not_picked":["Headbutt","Pommel Strike"],"picked":"Flex"}],"player_experience":221091,"potions_floor_usage":[16,16,25,27,29,30,39,50,50,50],"damage_taken":[{"damage":21.0,"enemies":"Blue Slaver","floor":1.0,"turns":4.0},{"damage":0.0,"enemies":"Small Slimes","floor":3.0,"turns":1.0},{"damage":0.0,"enemies":"Cultist","floor":4.0,"turns":4.0},{"damage":14,"enemies":"Gremlin Nob","floor":11,"turns":4},{"damage":6,"enemies":"3 Sentries","floor":14,"turns":5},{"damage":30,"enemies":"The Guardian","floor":16,"turns":7},{"damage":15,"enemies":"2 Thieves","floor":18,"turns":3},{"damage":35,"enemies":"Shell Parasite","floor":20,"turns":5},{"damage":47,"enemies":"3 Cultists","floor":24,"turns":6},{"damage":31,"enemies":"Snake Plant","floor":25,"turns":3},{"damage":10,"enemies":"Gremlin Leader","floor":27,"turns":4},{"damage":33,"enemies":"Slavers","floor":29,"turns":5},{"damage":20,"enemies":"Snecko","floor":30,"turns":4},{"damage":35,"enemies":"Chosen and Byrds","floor":31,"turns":4},{"damage":128,"enemies":"Automaton","floor":33,"turns":9},{"damage":32,"enemies":"3 Shapes","floor":35,"turns":2},{"damage":8,"enemies":"Orb Walker","floor":36,"turns":1},{"damage":38,"enemies":"Maw","floor":39,"turns":5},{"damage":31,"enemies":"Sphere and 2 Shapes","floor":41,"turns":4},{"damage":22,"enemies":"4 Shapes","floor":42,"turns":2},{"damage":12,"enemies":"Maw","floor":44,"turns":4},{"damage":34,"enemies":"Giant Head","floor":46,"turns":5},{"damage":8,"enemies":"3 Darklings","floor":47,"turns":2},{"damage":126,"enemies":"Time Eater","floor":50,"turns":7}],"event_choices":[{"event_name":"Golden Idol","player_choice":"Lose Max HP","floor":5.0,"damage_taken":0.0},{"event_name":"Dead Adventurer","player_choice":"Searched \u00271\u0027 times","floor":7.0,"damage_taken":0.0},{"event_name":"World of Goop","player_choice":"Gather Gold","floor":12,"damage_taken":0},{"event_name":"Cursed Tome","player_choice":"Obtained Book","floor":19,"damage_taken":0},{"event_name":"Vampires","player_choice":"Became a vampire","floor":21,"damage_taken":0},{"event_name":"Beggar","player_choice":"Gave Gold","floor":28,"damage_taken":0},{"event_name":"Purifier","player_choice":"One Purge","floor":37,"damage_taken":0}],"boss_relics":[{"not_picked":["Snecko Eye","Mark of Pain"],"picked":"Lizard Tail"},{"not_picked":["Astrolabe","Eternal Feather"],"picked":"Calling Bell"}],"potions_floor_spawned":[1,4,11,16,24,27,29,33,41,42,46,47],"seed_played":"-4444732943918297221","killed_by":"Time Eater","ascension_level":7,"is_trial":false}