{"path_per_floor":["M","$","M","?","?","E","R","M","T","M","R","M","R","M","R","B",null,"M","?","$","?","?","M"],"character_chosen":"IRONCLAD","items_purchased":["Flex","Fire Breathing"],"gold_per_floor":[110,35,47,47,47,80,80,96,96,109,109,120,120,136,136,238,238,255,255,34,34,34,49,49],"floor_reached":24,"campfire_rested":0,"playtime":789,"current_hp_per_floor":[80,80,80,80,80,80,80,80,80,73,73,73,73,78,78,46,80,43,43,43,43,43,42,0],"items_purged":["Strike_R","Strike_R"],"gold":49,"score":295,"play_id":"3216d1df-7580-4fcc-a025-dea6911eb9ea","local_time":"20180325220302","is_prod":false,"is_daily":false,"is_ascension_mode":true,"campfire_upgraded":4,"timestamp":1522029782,"path_taken":["M","$","M","?","?","E","R","?","T","?","R","M","R","M","R","BOSS","M","?","$","?","?","M","M"],"build_version":"2018-03-22v2","purchased_purges":2,"victory":false,"master_deck":["Defend_R","Defend_R","Defend_R","Defend_R","Bash+1","Heavy Blade+1","Flex+1","Dropkick+1","Dropkick+1","Limit Break+1","Warcry+1","Fiend Fire+1","Rupture+1","Dropkick","Flex","Fire Breathing"],"max_hp_per_floor":[80,80,80,80,80,80,80,80,80,80,80,80,80,80,80,80,80,80,80,80,80,80,80,80],"relics":["Burning Blood","NeowsBlessing","Shovel","Ornamental Fan","Astrolabe"],"card_choices":[{"not_picked":["Armaments","Ghostly Armor"],"picked":"Heavy Blade","floor":1},{"not_picked":["Shrug It Off","Heavy Blade"],"picked":"Flex","floor":6},{"not_picked":["Anger","Headbutt"],"picked":"Dropkick","floor":8},{"not_picked":["Cleave","Feel No Pain"],"picked":"Dropkick","floor":10},{"not_picked":["Twin Strike","Blood for Blood"],"picked":"Limit Break","floor":14},{"not_picked":["Armaments","Battle Trance"],"picked":"Dropkick","floor":18}],"player_experience":342555,"potions_floor_usage":[24,24],"damage_taken":[{"damage":0,"enemies":"Small Slimes","floor":1,"turns":1},{"damage":0,"enemies":"Cultist","floor":3,"turns":1},{"damage":0,"enemies":"Gremlin Nob","floor":6,"turns":1},{"damage":0,"enemies":"Jaw Worm","floor":8,"turns":1},{"damage":13,"enemies":"Exordium Wildlife","floor":10,"turns":4},{"damage":6,"enemies":"Looter","floor":12,"turns":2},{"damage":1,"enemies":"2 Fungi Beasts","floor":14,"turns":2},{"damage":38,"enemies":"The Guardian","floor":16,"turns":7},{"damage":43,"enemies":"3 Byrds","floor":18,"turns":6},{"damage":7,"enemies":"Chosen","floor":23,"turns":5},{"damage":43,"enemies":"Sentry and Sphere","floor":24,"turns":5}],"event_choices":[{"event_name":"The Cleric","player_choice":"Leave","floor":4,"damage_taken":0},{"event_name":"Upgrade Shrine","player_choice":"Upgraded","floor":5,"damage_taken":0},{"event_name":"The Mausoleum","player_choice":"No","floor":19,"damage_taken":0},{"event_name":"Beggar","player_choice":"Ignored","floor":21,"damage_taken":0},{"event_name":"Accursed Blacksmith","player_choice":"Forge","floor":22,"damage_taken":0}],"boss_relics":[{"not_picked":["Runic Pyramid","Pandora\u0027s Box"],"picked":"Astrolabe"}],"potions_floor_spawned":[8,12,14,18],"seed_played":"-5889374292791035329","killed_by":"Sentry and Sphere","ascension_level":4,"is_trial":false}