{"gold_per_floor":[119,136,151,151,163,163,109,109,134,161,126,151,47,77,77,172,172,185,110,125,125,142,142,242,242,266,12,27,60,76,88,88,88],"floor_reached":33,"playtime":2734,"items_purged":[],"score":355,"play_id":"ae338c94-ecc5-4968-8b55-dc68d0b149e5","local_time":"20190217213411","is_ascension_mode":true,"campfire_choices":[{"data":"Zap","floor":6,"key":"SMITH"},{"data":"White Noise","floor":8,"key":"SMITH"},{"data":"Buffer","floor":15,"key":"SMITH"},{"data":"Defragment","floor":23,"key":"SMITH"},{"floor":25,"key":"REST"},{"floor":32,"key":"REST"}],"neow_cost":"NONE","seed_source_timestamp":2454052510325307,"circlet_count":0,"master_deck":["Strike_B","Strike_B+1","Defend_B","Defend_B","Defend_B","Defend_B","Zap+1","Dualcast+1","Streamline","Auto Shields","White Noise+1","Sweeping Beam","Turbo","Conserve Battery","Core Surge","Buffer+1","Melter","Barrage","All For One","Leap+1","Defragment+1","Steam+1","Conserve Battery+1","White Noise","Lockon","Coolheaded","Steam+1"],"relics":["Cracked Core","Blood Vial","Art of War","Bag of Preparation","Smiling Mask","Nuclear Battery","Pear","Nunchaku","Shuriken","Boot","Symbiotic Virus","Anchor"],"potions_floor_usage":[10,12,12,18,22,30],"damage_taken":[{"damage":5,"enemies":"Small Slimes","floor":1,"turns":3},{"damage":0,"enemies":"Jaw Worm","floor":2,"turns":3},{"damage":0,"enemies":"2 Louse","floor":3,"turns":3},{"damage":8,"enemies":"Blue Slaver","floor":5,"turns":3},{"damage":15,"enemies":"3 Sentries","floor":10,"turns":9},{"damage":4,"enemies":"Gremlin Nob","floor":12,"turns":3},{"damage":33,"enemies":"The Guardian","floor":16,"turns":12},{"damage":0,"enemies":"3 Byrds","floor":18,"turns":5},{"damage":0,"enemies":"2 Thieves","floor":20,"turns":3},{"damage":33,"enemies":"Cultist and Chosen","floor":22,"turns":8},{"damage":6,"enemies":"Colosseum Slavers","floor":24,"turns":4},{"damage":36,"enemies":"Colosseum Nobs","floor":24,"turns":5},{"damage":0,"enemies":"Snecko","floor":28,"turns":4},{"damage":11,"enemies":"Book of Stabbing","floor":29,"turns":5},{"damage":10,"enemies":"Centurion and Healer","floor":30,"turns":5},{"damage":0,"enemies":"Shelled Parasite and Fungi","floor":31,"turns":5},{"damage":74,"enemies":"Champ","floor":33,"turns":11}],"seed_played":"6466461465899124686","potions_obtained":[{"floor":1,"key":"Block Potion"},{"floor":2,"key":"FearPotion"},{"floor":10,"key":"Regen Potion"},{"floor":18,"key":"Fruit Juice"},{"floor":20,"key":"Fire Potion"},{"floor":24,"key":"Strength Potion"}],"is_trial":false,"path_per_floor":["M","M","M","?","M","R","$","R","T","E","?","E","$","?","R","B",null,"M","?","M","?","M","R","?","R","T","$","M","E","M","M","R","B"],"character_chosen":"DEFECT","items_purchased":["Conserve Battery","Melter","Barrage","Symbiotic Virus"],"campfire_rested":2,"item_purchase_floors":[7,13,13,27],"current_hp_per_floor":[70,70,70,55,47,47,47,47,47,34,52,59,59,59,59,28,75,80,80,80,90,57,57,19,46,46,46,48,39,31,33,60,0],"gold":88,"neow_bonus":"TRANSFORM_CARD","is_prod":false,"is_daily":false,"chose_seed":false,"campfire_upgraded":4,"win_rate":0,"timestamp":1550439251,"path_taken":["M","M","M","?","M","R","$","R","T","E","?","E","$","?","R","BOSS","M","?","M","?","M","R","?","R","T","$","M","E","M","M","R","BOSS"],"build_version":"2019-01-23","purchased_purges":0,"victory":false,"max_hp_per_floor":[75,75,75,75,75,75,75,75,75,75,75,75,75,75,75,75,75,80,80,80,90,90,90,90,90,90,90,90,90,90,90,90,90],"card_choices":[{"not_picked":["Loop","Chaos"],"picked":"Auto Shields","floor":1},{"not_picked":["Auto Shields","Lockon"],"picked":"White Noise","floor":2},{"not_picked":["Steam Power","Ball Lightning"],"picked":"Sweeping Beam","floor":3},{"not_picked":["Go for the Eyes","Leap"],"picked":"Turbo","floor":5},{"not_picked":["Sweeping Beam","Cold Snap"],"picked":"Core Surge","floor":10},{"not_picked":["Tempest","Reinforced Body"],"picked":"Buffer","floor":12},{"not_picked":["Fission","Creative AI"],"picked":"All For One","floor":16},{"not_picked":["Ball Lightning","Rebound"],"picked":"Leap+1","floor":18},{"not_picked":["Sweeping Beam","Go for the Eyes+1"],"picked":"Defragment","floor":20},{"not_picked":["Barrage","Static Discharge"],"picked":"Steam+1","floor":22},{"not_picked":["Cold Snap","Auto Shields"],"picked":"Conserve Battery+1","floor":24},{"not_picked":["Streamline+1","Meteor Strike"],"picked":"White Noise","floor":28},{"not_picked":["All For One","Ball Lightning"],"picked":"Lockon","floor":29},{"not_picked":["Turbo+1","Streamline"],"picked":"Coolheaded","floor":30},{"not_picked":["Ball Lightning","Compile Driver+1"],"picked":"Steam+1","floor":31}],"player_experience":513583,"relics_obtained":[{"floor":9,"key":"Blood Vial"},{"floor":10,"key":"Art of War"},{"floor":12,"key":"Bag of Preparation"},{"floor":24,"key":"Nunchaku"},{"floor":24,"key":"Shuriken"},{"floor":26,"key":"Boot"},{"floor":29,"key":"Anchor"}],"event_choices":[{"damage_healed":0,"gold_gain":0,"player_choice":"Entered Light","damage_taken":15,"max_hp_gain":0,"max_hp_loss":0,"event_name":"Shining Light","floor":4,"gold_loss":0,"cards_upgraded":["Strike_B","Dualcast"]},{"damage_healed":18,"gold_gain":0,"player_choice":"Healed","damage_taken":0,"max_hp_gain":0,"max_hp_loss":0,"event_name":"The Cleric","floor":11,"gold_loss":35},{"damage_healed":0,"gold_gain":30,"player_choice":"Searched \u00273\u0027 times","damage_taken":0,"relics_obtained":["Smiling Mask"],"max_hp_gain":0,"max_hp_loss":0,"event_name":"Dead Adventurer","floor":14,"gold_loss":0},{"cards_removed":["Strike_B"],"damage_healed":0,"gold_gain":0,"player_choice":"Gave Gold","damage_taken":0,"max_hp_gain":0,"max_hp_loss":0,"event_name":"Beggar","floor":19,"gold_loss":75},{"damage_healed":0,"gold_gain":0,"player_choice":"Opened","damage_taken":0,"relics_obtained":["Pear"],"max_hp_gain":0,"max_hp_loss":0,"event_name":"The Mausoleum","floor":21,"gold_loss":0},{"damage_healed":0,"gold_gain":0,"player_choice":"Fight","damage_taken":0,"max_hp_gain":0,"max_hp_loss":0,"event_name":"Colosseum","floor":24,"gold_loss":0},{"damage_healed":0,"gold_gain":0,"player_choice":"Fought Nobs","damage_taken":0,"max_hp_gain":0,"max_hp_loss":0,"event_name":"Colosseum","floor":24,"gold_loss":0}],"is_beta":false,"boss_relics":[{"not_picked":["Inserter","Philosopher\u0027s Stone"],"picked":"Nuclear Battery"}],"items_purged_floors":[],"is_endless":false,"potions_floor_spawned":[1,2,10,18,20,24,24],"killed_by":"Champ","ascension_level":4}