{"gold_per_floor":[118,137,62,62,35,68,86,86,135,135,157,191,171,181,181,254,254,238,254,154,171,183,183,183,198,198,198,233,245,257,269,281,364,376,405,417,446,469,481,493,360,374,374,391,289,300,314,314,314,314],"floor_reached":51,"playtime":5410,"items_purged":["Strike_B","Strike_B"],"score":1076,"play_id":"1a86552b-aad5-4d0d-a6af-83ba7bfee570","local_time":"20190222102032","is_ascension_mode":true,"campfire_choices":[{"data":"Zap","floor":8.0,"key":"SMITH"},{"data":"Reinforced Body","floor":10.0,"key":"SMITH"},{"floor":15.0,"key":"REST"},{"floor":23,"key":"REST"},{"data":"Echo Form","floor":27,"key":"SMITH"},{"data":"Go for the Eyes","floor":29,"key":"SMITH"},{"data":"Reinforced Body","floor":32,"key":"SMITH"},{"data":"Sunder","floor":40,"key":"SMITH"},{"data":"Buffer","floor":49,"key":"SMITH"}],"neow_cost":"NONE","seed_source_timestamp":0,"circlet_count":0,"master_deck":["AscendersBane","Defend_B","Defend_B","Defend_B+1","Defend_B+1","Zap+1","Dualcast","Reinforced Body+1","Gash","Sunder+1","Core Surge","Glacier","Gash","Echo Form+1","Go for the Eyes+1","Gash","Reinforced Body+1","Sunder+1","Tempest","Recycle","Creative AI","Chill+1","BootSequence","Conserve Battery","Capacitor","Buffer+1"],"special_seed":0,"relics":["Cracked Core","NeowsBlessing","PreservedInsect","Blood Vial","Odd Mushroom","Dream Catcher","Orrery","Meat on the Bone","MawBank","Snecko Eye","Bag of Preparation","War Paint"],"potions_floor_usage":[21,28,47,50],"damage_taken":[{"damage":0.0,"enemies":"Cultist","floor":1.0,"turns":1.0},{"damage":0.0,"enemies":"Small Slimes","floor":2.0,"turns":1.0},{"damage":0.0,"enemies":"Gremlin Nob","floor":6.0,"turns":1.0},{"damage":0.0,"enemies":"2 Louse","floor":7.0,"turns":2.0},{"damage":28.0,"enemies":"The Mushroom Lair","floor":11.0,"turns":5.0},{"damage":10.0,"enemies":"3 Sentries","floor":12.0,"turns":5.0},{"damage":0.0,"enemies":"2 Fungi Beasts","floor":14.0,"turns":3.0},{"damage":9.0,"enemies":"The Guardian","floor":16.0,"turns":12.0},{"damage":14.0,"enemies":"2 Thieves","floor":18.0,"turns":4.0},{"damage":31,"enemies":"Shell Parasite","floor":19,"turns":5},{"damage":3,"enemies":"Snecko","floor":21,"turns":7},{"damage":7,"enemies":"Sentry and Sphere","floor":22,"turns":7},{"damage":1,"enemies":"3 Cultists","floor":25,"turns":4},{"damage":7,"enemies":"Gremlin Leader","floor":28,"turns":4},{"damage":75,"enemies":"Champ","floor":33,"turns":11},{"damage":4,"enemies":"3 Shapes","floor":35,"turns":5},{"damage":18,"enemies":"3 Darklings","floor":37,"turns":6},{"damage":34,"enemies":"Spire Growth","floor":38,"turns":6},{"damage":12,"enemies":"Maw","floor":42,"turns":6},{"damage":27,"enemies":"Transient","floor":44,"turns":5},{"damage":37,"enemies":"Writhing Mass","floor":46,"turns":8},{"damage":13,"enemies":"3 Darklings","floor":47,"turns":6},{"damage":69,"enemies":"Time Eater","floor":50,"turns":18}],"seed_played":"511699442364654941","potions_obtained":[{"floor":1.0,"key":"Ancient Potion"},{"floor":2.0,"key":"EssenceOfSteel"},{"floor":11.0,"key":"GamblersBrew"},{"floor":12.0,"key":"GamblersBrew"},{"floor":18,"key":"LiquidBronze"},{"floor":25,"key":"Explosive Potion"},{"floor":33,"key":"SteroidPotion"},{"floor":46,"key":"GamblersBrew"}],"is_trial":false,"path_per_floor":["M","M","$","?","$","E","M","R","T","R","?","E","?","M","R","B",null,"M","M","$","M","M","R","?","M","T","R","E","R","$","?","R","B",null,"M","?","M","M","?","R","$","M","T","M","$","M","M","?","R","B",null],"character_chosen":"DEFECT","items_purchased":["Gash","Bag of Preparation","BootSequence","Conserve Battery"],"campfire_rested":2,"item_purchase_floors":[5,41,45,45],"current_hp_per_floor":[68,68,68,73,73,73,73,73,73,73,47,39,39,41,65,58,75,63,34,34,33,28,52,52,53,53,53,48,48,48,74,74,13,63,61,61,45,25,80,80,80,68,68,43,43,20,21,70,70,13],"gold":314,"neow_bonus":"THREE_ENEMY_KILL","is_prod":false,"is_daily":false,"chose_seed":false,"campfire_upgraded":7,"win_rate":0,"timestamp":1550848832,"path_taken":["M","?","$","?","$","E","M","R","T","R","?","E","?","M","R","BOSS","M","M","$","M","M","R","?","M","T","R","E","R","$","?","R","BOSS","M","?","M","M","?","R","$","M","T","M","$","M","?","?","R","BOSS"],"build_version":"2019-01-23","purchased_purges":2,"victory":true,"max_hp_per_floor":[75,75,75,80,80,80,80,80,80,80,80,80,80,80,80,80,80,80,80,80,80,80,80,80,80,80,80,80,80,80,80,80,80,80,80,80,80,80,80,80,80,80,80,80,80,80,80,70,70,70],"card_choices":[{"not_picked":["Coolheaded","Sweeping Beam"],"picked":"Reinforced Body","floor":1.0},{"not_picked":["Redo","Turbo"],"picked":"Consume","floor":2.0},{"not_picked":["Hello World","Conserve Battery","Beam Cell"],"picked":"SKIP","floor":6.0},{"not_picked":["Doom and Gloom","Reprogram","Multi-Cast"],"picked":"SKIP","floor":7.0},{"not_picked":["Cold Snap","Compile Driver"],"picked":"Sunder","floor":11.0},{"not_picked":["Cold Snap","Aggregate"],"picked":"Core Surge","floor":12.0},{"not_picked":["Cold Snap","Sweeping Beam"],"picked":"Glacier","floor":14.0},{"not_picked":["Rebound","Leap"],"picked":"Gash","floor":15.0},{"not_picked":["Reboot","Biased Cognition"],"picked":"Echo Form","floor":16.0},{"not_picked":["Beam Cell","Rebound"],"picked":"Go for the Eyes","floor":17.0},{"not_picked":["Beam Cell","Ball Lightning"],"picked":"Gash","floor":17.0},{"not_picked":["Recycle","Conserve Battery","Reprogram"],"picked":"SKIP","floor":18},{"not_picked":["Stack","Reboot","Heatsinks"],"picked":"SKIP","floor":19},{"not_picked":["Ball Lightning","Beam Cell"],"picked":"Reinforced Body","floor":21},{"not_picked":["Rip and Tear","Rebound+1","Barrage"],"picked":"SKIP","floor":22},{"not_picked":["Capacitor","Blizzard"],"picked":"Sunder+1","floor":23},{"not_picked":["Stack","Sweeping Beam","Turbo"],"picked":"SKIP","floor":25},{"not_picked":["Scrape+1","Ball Lightning","Barrage"],"picked":"SKIP","floor":28},{"not_picked":["Core Surge","Hyperbeam"],"picked":"Creative AI","floor":33},{"not_picked":["Skim","Auto Shields","Beam Cell"],"picked":"SKIP","floor":35},{"not_picked":["Conserve Battery","Rebound"],"picked":"Chill+1","floor":37},{"not_picked":["Go for the Eyes+1","Storm","Ball Lightning+1"],"picked":"SKIP","floor":38},{"not_picked":["Compile Driver+1","Go for the Eyes","Gash"],"picked":"SKIP","floor":42},{"not_picked":["Sweeping Beam","Consume","Go for the Eyes+1"],"picked":"SKIP","floor":44},{"not_picked":["Streamline+1","Darkness"],"picked":"Capacitor","floor":46},{"not_picked":["Capacitor","Sunder"],"picked":"Buffer","floor":47}],"player_experience":1294202,"relics_obtained":[{"floor":6.0,"key":"PreservedInsect"},{"floor":9.0,"key":"Blood Vial"},{"floor":11.0,"key":"Odd Mushroom"},{"floor":12.0,"key":"Dream Catcher"},{"floor":26,"key":"Meat on the Bone"},{"floor":28,"key":"MawBank"},{"floor":43,"key":"War Paint"}],"event_choices":[{"damage_healed":0.0,"max_hp_gain":5.0,"max_hp_loss":0.0,"gold_gain":0.0,"event_name":"Big Fish","player_choice":"Donut","floor":4.0,"gold_loss":0.0,"damage_taken":0.0},{"damage_healed":0.0,"max_hp_gain":0.0,"max_hp_loss":0.0,"gold_gain":0.0,"event_name":"Mushrooms","player_choice":"Fought Mushrooms","floor":11.0,"gold_loss":0.0,"damage_taken":0.0},{"damage_healed":0.0,"max_hp_gain":0.0,"max_hp_loss":0.0,"gold_gain":0.0,"event_name":"The Woman in Blue","player_choice":"Bought 1 Potion","floor":13.0,"gold_loss":0.0,"damage_taken":0.0},{"damage_healed":0,"gold_gain":0,"cards_transformed":["Strike_B","Strike_B"],"player_choice":"Became Test Subject","damage_taken":0,"max_hp_gain":0,"max_hp_loss":0,"event_name":"Drug Dealer","floor":24,"gold_loss":0,"cards_obtained":["Tempest","Recycle"]},{"damage_healed":26,"gold_gain":0,"player_choice":"Heal","damage_taken":0,"max_hp_gain":0,"max_hp_loss":0,"event_name":"The Library","floor":31,"gold_loss":0},{"damage_healed":0,"gold_gain":0,"player_choice":"Ignored","damage_taken":0,"max_hp_gain":0,"max_hp_loss":0,"event_name":"Mysterious Sphere","floor":36,"gold_loss":0},{"cards_removed":["Consume"],"damage_healed":55,"gold_gain":0,"player_choice":"Offered Uncommon","damage_taken":0,"max_hp_gain":0,"max_hp_loss":0,"event_name":"Bonfire Elementals","floor":39,"gold_loss":0},{"damage_healed":70,"gold_gain":0,"player_choice":"Heal","damage_taken":0,"max_hp_gain":0,"max_hp_loss":10,"event_name":"The Moai Head","floor":48,"gold_loss":0}],"is_beta":false,"boss_relics":[{"not_picked":["Coffee Dripper","Tiny House"],"picked":"Orrery"},{"not_picked":["Inserter","FrozenCore"],"picked":"Snecko Eye"}],"items_purged_floors":[3,20],"is_endless":false,"potions_floor_spawned":[1,2,11,12,18,19,25,33,37,46],"ascension_level":13}