{"path_per_floor":["M","T","M","M","M","R","M","M","T","R","$","M","M","?","R","B",null,"M","$","?","$","?","R","M","M","T","M","?","$","R","M","R","B",null,"M","?","$","M","?","R","M"],"character_chosen":"THE_SILENT","items_purchased":["Caltrops","Storm of Steel","Bronze Scales","PiercingWail","Well Laid Plans","Infinite Blades","Noxious Fumes"],"gold_per_floor":[210,210,227,243,253,253,263,276,355,355,100,117,128,128,128,228,228,242,39,39,2,2,2,21,35,62,78,78,5,5,15,15,115,115,127,127,47,64,64,64,84],"floor_reached":42,"campfire_rested":4,"playtime":2938,"current_hp_per_floor":[67,67,61,59,28,49,46,38,38,59,59,51,42,42,42,11,70,53,53,53,53,53,61,46,30,30,15,15,15,25,2,35,8,70,43,34,34,4,4,39,24],"items_purged":["Strike_G"],"gold":84,"score":401,"play_id":"a35e2641-9c31-456e-8d89-fba38e35d130","is_prod":false,"is_daily":false,"is_ascension_mode":true,"campfire_upgraded":3,"path_taken":["M","?","?","M","M","R","M","M","T","R","?","M","?","?","R","BOSS","M","$","?","$","?","R","M","M","T","M","?","?","R","?","R","BOSS","M","?","$","M","?","R","M","M"],"build_version":"2018-02-22-PROD2","purchased_purges":1,"victory":false,"master_deck":["Defend_G","Defend_G","Defend_G","Defend_G","Defend_G","Strike_G","Strike_G","Strike_G","Strike_G","Survivor","Neutralize","Poisoned Stab","Acrobatics","Prepared","Predator","Flying Knee","Caltrops+1","Storm of Steel+1","Quick Slash","Backflip","Die Die Die","Noxious Fumes+1","PiercingWail","Well Laid Plans","Cloak And Dagger","Terror","Prepared+1","Footwork+1","Infinite Blades","Backflip+1","A Thousand Cuts","Bouncing Flask","Madness","Madness","Noxious Fumes","Backflip","Footwork"],"max_hp_per_floor":[70,70,70,70,70,70,70,70,70,70,70,70,70,70,70,70,70,70,70,70,70,70,70,70,70,70,70,70,70,70,70,70,70,70,70,70,70,70,70,70,70],"relics":["Ring of the Snake","Gambling Chip","Ninja Scroll","Eternal Feather","Bronze Scales","Singing Bowl","Lizard Tail"],"card_choices":[{"not_picked":["Deflect","PiercingWail"],"picked":"Poisoned Stab"},{"not_picked":["Deadly Poison","Bane"],"picked":"Acrobatics"},{"not_picked":["Endless Agony","Backstab"],"picked":"Prepared"},{"not_picked":["Acrobatics","Dagger Spray"],"picked":"Predator"},{"not_picked":["Quick Slash","Dagger Spray"],"picked":"Flying Knee"},{"not_picked":["Deadly Poison","Wraith Form"],"picked":"Quick Slash"},{"not_picked":["All Out Attack","Quick Slash"],"picked":"Backflip"},{"not_picked":["Night Terror","Glass Knife"],"picked":"Die Die Die"},{"not_picked":["Leg Sweep","Masterful Stab"],"picked":"Noxious Fumes"},{"not_picked":["Dagger Spray","Quick Slash"],"picked":"Cloak And Dagger"},{"not_picked":["Quick Slash","Bane"],"picked":"Terror"},{"not_picked":["Grand Finale","Malaise"],"picked":"Prepared"},{"not_picked":["Terror","Outmaneuver"],"picked":"Backflip"},{"not_picked":["Envenom","Tactician"],"picked":"A Thousand Cuts"},{"not_picked":["Dagger Throw","Bane"],"picked":"Bouncing Flask"},{"not_picked":["Masterful Stab","Dagger Throw"],"picked":"Backflip"},{"not_picked":["Acrobatics","Dagger Throw"],"picked":"Footwork"}],"player_experience":202485,"potions_floor_usage":[16,27,33,33],"damage_taken":[{"damage":3,"enemies":"Cultist","floor":1,"turns":4},{"damage":6,"enemies":"Small Slimes","floor":3,"turns":5},{"damage":2,"enemies":"2 Louse","floor":4,"turns":2},{"damage":31,"enemies":"Exordium Thugs","floor":5,"turns":9},{"damage":3,"enemies":"3 Louse","floor":7,"turns":6},{"damage":8,"enemies":"Large Slime","floor":8,"turns":6},{"damage":8,"enemies":"Blue Slaver","floor":12,"turns":2},{"damage":9,"enemies":"3 Louse","floor":13,"turns":3},{"damage":31,"enemies":"The Guardian","floor":16,"turns":10},{"damage":17,"enemies":"2 Thieves","floor":18,"turns":4},{"damage":15,"enemies":"Shell Parasite","floor":24,"turns":5},{"damage":16,"enemies":"3 Cultists","floor":25,"turns":4},{"damage":15,"enemies":"Sentry and Sphere","floor":27,"turns":5},{"damage":23,"enemies":"Snake Plant","floor":31,"turns":3},{"damage":27,"enemies":"Champ","floor":33,"turns":15},{"damage":27,"enemies":"Orb Walker","floor":35,"turns":5},{"damage":30,"enemies":"3 Darklings","floor":38,"turns":5},{"damage":52,"enemies":"Sphere and 2 Shapes","floor":41,"turns":8},{"damage":32,"enemies":"4 Shapes","floor":42,"turns":3}],"event_choices":[{"event_name":"The Lab","player_choice":"Got Potions","floor":14,"damage_taken":0},{"event_name":"Upgrade Shrine","player_choice":"Upgraded","floor":20,"damage_taken":0},{"event_name":"Drug Dealer","player_choice":"Ignored","floor":22,"damage_taken":0},{"event_name":"The Library","player_choice":"Read","floor":28,"damage_taken":0},{"event_name":"Winding Halls","player_choice":"Embrace Madness","floor":36,"damage_taken":0},{"event_name":"Mysterious Sphere","player_choice":"Ignore","floor":39,"damage_taken":0}],"boss_relics":[{"not_picked":["Runic Pyramid","Runic Dome"],"picked":"Eternal Feather"},{"not_picked":["Orrery","Tiny House"],"picked":"Lizard Tail"}],"potions_floor_spawned":[1,4,5,12,24,27],"seed_played":"3648846244711156399","killed_by":"4 Shapes","ascension_level":2,"is_trial":false}