{"gold_per_floor":[110,110,29,29,47,47,79,79,79,3,32,32,46,46,46,144,144,155,168,22,22,22,22],"floor_reached":23,"playtime":620,"items_purged":[],"score":264,"play_id":"47abd016-59c7-478d-9cbf-9ad93c578961","local_time":"20190127104629","is_ascension_mode":true,"campfire_choices":[{"data":"Rampage","floor":6.0,"key":"SMITH"},{"data":"Bash","floor":8.0,"key":"SMITH"},{"data":"Ghostly Armor","floor":12.0,"key":"SMITH"},{"floor":15.0,"key":"REST"}],"neow_cost":"NONE","seed_source_timestamp":1442644539274820,"circlet_count":0,"master_deck":["Strike_R","Strike_R","Strike_R","Strike_R","Strike_R","Defend_R","Defend_R","Defend_R","Defend_R","Bash+1","Heavy Blade","Rampage+1","Pain","Twin Strike","Dual Wield","Ghostly Armor+1","Iron Wave+1","Feed","Spot Weakness+1","Double Tap","Spot Weakness+1"],"special_seed":0,"relics":["Black Blood","NeowsBlessing","WarpedTongs","Dream Catcher","Question Card","Thread and Needle"],"potions_floor_usage":[],"damage_taken":[{"damage":0.0,"enemies":"Small Slimes","floor":1.0,"turns":1.0},{"damage":0.0,"enemies":"Jaw Worm","floor":5.0,"turns":1.0},{"damage":0.0,"enemies":"Lagavulin","floor":7.0,"turns":2.0},{"damage":35.0,"enemies":"3 Sentries","floor":11.0,"turns":9.0},{"damage":3.0,"enemies":"Cultist","floor":13.0,"turns":4.0},{"damage":44.0,"enemies":"Hexaghost","floor":16.0,"turns":11.0},{"damage":25.0,"enemies":"Spheric Guardian","floor":18.0,"turns":6.0},{"damage":11.0,"enemies":"Chosen","floor":19.0,"turns":5.0},{"damage":69,"enemies":"Slavers","floor":23,"turns":3}],"seed_played":"681268025434765710","potions_obtained":[{"floor":1.0,"key":"Fire Potion"},{"floor":13.0,"key":"SkillPotion"}],"is_trial":false,"path_per_floor":["M","?","$","?","M","R","E","R","T","$","E","R","M","?","R","B",null,"M","M","$","?","$","E"],"character_chosen":"IRONCLAD","items_purchased":["Rampage","Dual Wield","Double Tap"],"campfire_rested":1,"item_purchase_floors":[3,10,20],"current_hp_per_floor":[80,80,80,80,80,80,80,80,80,80,51,51,54,54,78,40,80,65,64,64,64,64,0],"gold":22,"neow_bonus":"THREE_ENEMY_KILL","is_prod":false,"is_daily":false,"chose_seed":false,"campfire_upgraded":3,"win_rate":0,"timestamp":1548614789,"path_taken":["M","?","?","?","?","R","E","R","T","$","E","R","M","?","R","BOSS","M","M","$","?","$","E"],"build_version":"2019-01-23","purchased_purges":0,"victory":false,"max_hp_per_floor":[80,80,80,80,80,80,80,80,80,80,80,80,80,80,80,80,80,80,80,80,80,80,80],"card_choices":[{"not_picked":["Pummel","Clash"],"picked":"Heavy Blade","floor":1.0},{"not_picked":["Anger","Headbutt"],"picked":"Twin Strike","floor":5.0},{"not_picked":["Cleave","Wild Strike","Exhume"],"picked":"SKIP","floor":7.0},{"not_picked":["Infernal Blade","True Grit","Havoc"],"picked":"Ghostly Armor","floor":11.0},{"not_picked":["Evolve","Perfected Strike","Searing Blow"],"picked":"Iron Wave","floor":13.0},{"not_picked":["Impervious","Offering","Reaper"],"picked":"Feed","floor":16.0},{"not_picked":["Pommel Strike+1","Power Through+1","Flex"],"picked":"Spot Weakness+1","floor":18.0},{"not_picked":["Rupture","Cleave","True Grit","Feel No Pain+1"],"picked":"SKIP","floor":19.0}],"player_experience":214080,"relics_obtained":[{"floor":7.0,"key":"Dream Catcher"},{"floor":9.0,"key":"Question Card"},{"floor":11.0,"key":"Thread and Needle"}],"event_choices":[{"damage_healed":0.0,"max_hp_gain":0.0,"max_hp_loss":0.0,"gold_gain":0.0,"event_name":"The Cleric","player_choice":"Leave","floor":2.0,"gold_loss":0.0,"damage_taken":0.0},{"damage_healed":0.0,"max_hp_gain":0.0,"max_hp_loss":0.0,"gold_gain":0.0,"event_name":"Accursed Blacksmith","player_choice":"Rummage","floor":4.0,"gold_loss":0.0,"damage_taken":0.0,"relics_obtained":["WarpedTongs"],"cards_obtained":["Pain"]},{"damage_healed":0.0,"max_hp_gain":0.0,"max_hp_loss":0.0,"gold_gain":0.0,"event_name":"Upgrade Shrine","player_choice":"Upgraded","floor":14.0,"gold_loss":0.0,"damage_taken":0.0,"cards_upgraded":["Iron Wave"]},{"damage_healed":0.0,"max_hp_gain":0.0,"max_hp_loss":0.0,"gold_gain":0.0,"event_name":"Duplicator","player_choice":"Copied","floor":21.0,"gold_loss":0.0,"damage_taken":0.0,"cards_obtained":["Spot Weakness"]}],"is_beta":false,"boss_relics":[{"not_picked":["Black Star","Orrery"],"picked":"Black Blood"}],"items_purged_floors":[],"is_endless":false,"potions_floor_spawned":[1,13],"killed_by":"Slavers","ascension_level":4}