{"path_per_floor":["M","$","M","?","M","E","?","R","T","R","?","M","M","E","R","B",null,"M","?","M","?","$","E","R","M","T","M","E","M","M","M","R","B",null,"M","$","M","$","?"],"character_chosen":"IRONCLAD","items_purchased":["Iron Wave","Pommel Strike","Shrug It Off","Whirlwind","Dropkick","Finesse"],"gold_per_floor":[112,14,26,26,44,75,105,105,173,173,123,133,153,184,184,284,284,297,297,313,313,146,179,179,193,193,206,232,250,268,278,278,381,381,397,219,232,1,1],"floor_reached":40,"campfire_rested":2,"playtime":4420,"current_hp_per_floor":[70,70,73,70,75,46,46,46,46,70,70,75,71,67,67,9,80,80,80,75,75,75,65,65,62,62,59,30,43,39,45,80,80,80,80,80,62,62,62],"items_purged":["Strike_R","Strike_R","Strike_R"],"gold":1,"play_id":"54a4411f-92da-4fe1-810e-243c9ed7d270","is_prod":false,"is_daily":false,"is_ascension_mode":false,"campfire_upgraded":3,"path_taken":["M","$","?","?","M","E","?","R","T","R","?","?","M","E","R","BOSS","M","?","M","?","$","E","R","M","T","?","E","M","M","?","R","BOSS","M","$","M","?","?","E"],"build_version":"2018-02-01-PROD3","purchased_purges":3,"victory":false,"master_deck":["Strike_R+1","Defend_R+1","Defend_R+1","Defend_R+1","Defend_R+1","Bash","Whirlwind","Iron Wave","Pommel Strike+1","Pommel Strike+1","Inflame","Inflame","Headbutt+1","Clash+1","Limit Break+1","Battle Trance+1","Writhe","Shrug It Off","Whirlwind+1","Metallicize","Heavy Blade+1","Body Slam+1","Body Slam+1","Dropkick+1","Heavy Blade+1","Finesse"],"max_hp_per_floor":[80,80,80,80,80,80,80,80,80,80,80,80,80,80,80,80,80,80,80,80,80,80,80,80,80,80,80,80,80,80,80,80,80,80,80,80,80,80,80],"relics":["Burning Blood","Molten Egg 2","Gremlin Horn","Bag of Preparation","Ornamental Fan","Charon\u0027s Ashes","White Beast Statue","Paper Frog","Regal Pillow","Meat on the Bone","Champion Belt","Cursed Key"],"card_choices":[{"not_picked":["Twin Strike","Perfected Strike"],"picked":"Whirlwind"},{"not_picked":["Burning Pact","Dark Embrace"],"picked":"Pommel Strike"},{"not_picked":["Flame Barrier","Clash"],"picked":"Inflame"},{"not_picked":["Rupture","Cleave"],"picked":"Inflame"},{"not_picked":["Rupture","Blood for Blood"],"picked":"Headbutt"},{"not_picked":["Searing Blow","Thunderclap"],"picked":"Clash"},{"not_picked":["Impervious","Juggernaut"],"picked":"Limit Break"},{"not_picked":["Combust","Warcry"],"picked":"Battle Trance"},{"not_picked":["Thunderclap","Hemokinesis"],"picked":"Metallicize"},{"not_picked":["True Grit","Reckless Charge"],"picked":"Heavy Blade"},{"not_picked":["Anger","Feel No Pain"],"picked":"Inflame"},{"not_picked":["Headbutt","Perfected Strike"],"picked":"Body Slam"},{"not_picked":["Cleave","Combust"],"picked":"Body Slam"},{"not_picked":["Perfected Strike","Cleave"],"picked":"Heavy Blade"}],"player_experience":49974,"potions_floor_usage":[6,23,25,25,28,28,28,29,30,31,33,35,40],"damage_taken":[{"damage":16,"enemies":"Blue Slaver","floor":1,"turns":6},{"damage":3,"enemies":"Small Slimes","floor":3,"turns":3},{"damage":1,"enemies":"Cultist","floor":5,"turns":3},{"damage":35,"enemies":"Lagavulin","floor":6,"turns":8},{"damage":1,"enemies":"3 Louse","floor":12,"turns":2},{"damage":10,"enemies":"Large Slime","floor":13,"turns":4},{"damage":10,"enemies":"3 Sentries","floor":14,"turns":3},{"damage":64,"enemies":"Hexaghost","floor":16,"turns":10},{"damage":0,"enemies":"3 Byrds","floor":18,"turns":4},{"damage":11,"enemies":"Spheric Guardian","floor":20,"turns":4},{"damage":16,"enemies":"Gremlin Leader","floor":23,"turns":6},{"damage":21,"enemies":"Snake Plant","floor":25,"turns":6},{"damage":9,"enemies":"Centurion and Healer","floor":27,"turns":8},{"damage":62,"enemies":"Slavers","floor":28,"turns":7},{"damage":20,"enemies":"Snecko","floor":29,"turns":6},{"damage":25,"enemies":"Snake Plant","floor":30,"turns":5},{"damage":12,"enemies":"Centurion and Healer","floor":31,"turns":5},{"damage":1,"enemies":"Champ","floor":33,"turns":10},{"damage":0,"enemies":"Orb Walker","floor":35,"turns":3},{"damage":24,"enemies":"3 Darklings","floor":37,"turns":3},{"damage":77,"enemies":"Nemesis","floor":40,"turns":9}],"event_choices":[{"event_name":"Scrap Ooze","player_choice":"success","floor":4,"damage_taken":3},{"event_name":"Dead Adventurer","player_choice":"Searched \u00272\u0027 times","floor":7,"damage_taken":0},{"event_name":"The Cleric","player_choice":"Card Removal","floor":11,"damage_taken":0},{"event_name":"Back to Basics","player_choice":"Simplicity","floor":19,"damage_taken":0},{"event_name":"The Mausoleum","player_choice":"Yes","floor":21,"damage_taken":0}],"boss_relics":[{"not_picked":["Runic Dome","Runic Pyramid"],"picked":"White Beast Statue"},{"not_picked":["Snecko Eye","Sozu"],"picked":"Cursed Key"}],"potions_floor_spawned":[3,6,13,16,18,20,23,25,27,28,29,30,31,33,35,37],"seed_played":"-721771820616582291","killed_by":"Nemesis","ascension_level":0,"is_trial":false}