{"gold_per_floor":[114,114,114,289,3,37,51,78,102,102,132,132,147,147,147,249,249,266,281,281,291,20,45,45,45],"floor_reached":25,"playtime":1616,"items_purged":["Doubt"],"score":366,"play_id":"10668ae2-a875-4ea9-934d-7e7ceab73a69","local_time":"20181224222131","is_ascension_mode":true,"campfire_choices":[{"floor":12,"key":"REST"},{"floor":15,"key":"REST"}],"neow_cost":"NONE","seed_source_timestamp":77507521048,"circlet_count":0,"master_deck":["Defend_G","Defend_G","Defend_G","Defend_G","Defend_G","Strike_G","Strike_G","Strike_G","Strike_G","Survivor","Neutralize","Bouncing Flask+1","Noxious Fumes+1","Cloak And Dagger","Poisoned Stab","Accuracy","Tools of the Trade","Prepared","Dagger Throw","After Image","Outmaneuver+1","Blade Dance+1","Flechettes","Deadly Poison","Underhanded Strike+1"],"relics":["Ring of the Snake","NeowsBlessing","Pen Nib","Art of War","Bronze Scales","Bag of Preparation","Ice Cream","Runic Pyramid","Pear","Matryoshka","Omamori","Bottled Tornado"],"potions_floor_usage":[11,21,23],"damage_taken":[{"damage":0,"enemies":"Small Slimes","floor":1,"turns":1},{"damage":0,"enemies":"Gremlin Nob","floor":6,"turns":1},{"damage":0,"enemies":"2 Louse","floor":7,"turns":1},{"damage":19,"enemies":"3 Sentries","floor":8,"turns":6},{"damage":7,"enemies":"Lagavulin","floor":11,"turns":5},{"damage":0,"enemies":"Cultist","floor":13,"turns":4},{"damage":11,"enemies":"The Guardian","floor":16,"turns":8},{"damage":6,"enemies":"Shell Parasite","floor":18,"turns":5},{"damage":12,"enemies":"2 Thieves","floor":19,"turns":5},{"damage":0,"enemies":"Snecko","floor":21,"turns":4},{"damage":35,"enemies":"Slavers","floor":23,"turns":6},{"damage":13,"enemies":"Book of Stabbing","floor":25,"turns":3}],"seed_played":"8151018129477210190","potions_obtained":[{"floor":8,"key":"EssenceOfSteel"},{"floor":11,"key":"GamblersBrew"},{"floor":21,"key":"GhostInAJar"}],"is_trial":false,"path_per_floor":["M","?","?","?","$","E","M","E","T","?","E","R","M","?","R","B",null,"M","M","?","M","$","E","T","E"],"character_chosen":"THE_SILENT","items_purchased":["Pen Nib","Noxious Fumes","Pear","Deadly Poison"],"campfire_rested":2,"item_purchase_floors":[5,5,22,22],"current_hp_per_floor":[63,63,63,63,63,63,63,44,44,44,37,58,58,58,70,59,67,61,49,36,36,46,11,11,0],"gold":45,"neow_bonus":"THREE_ENEMY_KILL","is_prod":false,"is_daily":false,"chose_seed":false,"campfire_upgraded":0,"win_rate":0,"timestamp":1545682891,"path_taken":["M","?","?","?","$","E","M","E","T","?","E","R","?","?","R","BOSS","M","M","?","M","$","E","?","E"],"build_version":"2018-12-20","purchased_purges":1,"victory":false,"max_hp_per_floor":[70,70,70,70,70,70,70,70,70,70,70,70,70,70,70,70,70,70,70,75,75,85,85,85,85],"card_choices":[{"not_picked":["Bane","Catalyst"],"picked":"Bouncing Flask","floor":1},{"not_picked":["Die Die Die","Sucker Punch"],"picked":"Cloak And Dagger","floor":6},{"not_picked":["Accuracy","Terror"],"picked":"Poisoned Stab","floor":7},{"not_picked":["Backflip","Flying Knee"],"picked":"Accuracy","floor":8},{"not_picked":["Deflect","Dagger Throw"],"picked":"Prepared","floor":11},{"not_picked":["Concentrate","Reflex"],"picked":"Dagger Throw","floor":13},{"not_picked":["Burst","Glass Knife"],"picked":"After Image","floor":16},{"not_picked":["Underhanded Strike","Eviscerate"],"picked":"Outmaneuver+1","floor":18},{"not_picked":["Quick Slash","Acrobatics"],"picked":"Blade Dance+1","floor":19},{"not_picked":["Terror","Setup"],"picked":"Flechettes","floor":21},{"not_picked":["Reflex","PiercingWail"],"picked":"Underhanded Strike+1","floor":23}],"player_experience":148904,"relics_obtained":[{"floor":6,"key":"Art of War"},{"floor":8,"key":"Bronze Scales"},{"floor":9,"key":"Bag of Preparation"},{"floor":11,"key":"Ice Cream"},{"floor":23,"key":"Matryoshka"},{"floor":24,"key":"Omamori"},{"floor":24,"key":"Bottled Tornado"}],"event_choices":[{"damage_healed":0,"gold_gain":0,"player_choice":"Grow","damage_taken":0,"max_hp_gain":0,"max_hp_loss":0,"event_name":"Living Wall","floor":2,"gold_loss":0,"cards_upgraded":["Bouncing Flask"]},{"damage_healed":0,"gold_gain":0,"player_choice":"Leave","damage_taken":0,"max_hp_gain":0,"max_hp_loss":0,"event_name":"The Cleric","floor":3,"gold_loss":0},{"damage_healed":0,"gold_gain":175,"player_choice":"AGREE","damage_taken":0,"max_hp_gain":0,"max_hp_loss":0,"event_name":"Liars Game","floor":4,"gold_loss":0,"cards_obtained":["Doubt"]},{"damage_healed":0,"gold_gain":0,"cards_transformed":["Strike_G"],"player_choice":"Transformed","damage_taken":0,"max_hp_gain":0,"max_hp_loss":0,"event_name":"Transmorgrifier","floor":10,"gold_loss":0,"cards_obtained":["Tools of the Trade"]},{"damage_healed":0,"gold_gain":0,"player_choice":"Forge","damage_taken":0,"max_hp_gain":0,"max_hp_loss":0,"event_name":"Accursed Blacksmith","floor":14,"gold_loss":0,"cards_upgraded":["Noxious Fumes"]},{"damage_healed":0,"gold_gain":0,"player_choice":"Shed Blood","damage_taken":18,"max_hp_gain":5,"max_hp_loss":0,"event_name":"Forgotten Altar","floor":20,"gold_loss":0}],"is_beta":false,"boss_relics":[{"not_picked":["Astrolabe","WristBlade"],"picked":"Runic Pyramid"}],"items_purged_floors":[5],"is_endless":false,"potions_floor_spawned":[8,11,21],"killed_by":"Book of Stabbing","ascension_level":6}