{"gold_per_floor":[113,113,113,128,128,128,148,177,177,352,352,277,277,297,297,297],"floor_reached":16,"playtime":893,"items_purged":["Regret"],"score":113,"play_id":"4a149c8e-241c-4439-b5f1-68d22ddc75da","local_time":"20190119135426","is_ascension_mode":true,"campfire_choices":[{"data":"Juggernaut","floor":6,"key":"SMITH"},{"floor":11,"key":"REST"},{"floor":15,"key":"REST"}],"neow_cost":"CURSE","seed_source_timestamp":247464850157200,"circlet_count":0,"master_deck":["Strike_R","Strike_R","Strike_R","Strike_R","Strike_R","Defend_R","Defend_R","Defend_R","Defend_R","Bash","Shame","Entrench+1","Shockwave","Juggernaut+1","Cleave","Thunderclap","Fire Breathing","Whirlwind"],"relics":["Burning Blood","Turnip","Bird Faced Urn","Dodecahedron","Nunchaku"],"potions_floor_usage":[16],"damage_taken":[{"damage":15,"enemies":"Jaw Worm","floor":1,"turns":6},{"damage":6,"enemies":"2 Louse","floor":4,"turns":4},{"damage":15,"enemies":"Cultist","floor":7,"turns":5},{"damage":56,"enemies":"Gremlin Nob","floor":8,"turns":6},{"damage":11,"enemies":"2 Fungi Beasts","floor":14,"turns":3},{"damage":63,"enemies":"The Guardian","floor":16,"turns":8}],"seed_played":"8058594135407423035","potions_obtained":[{"floor":4,"key":"SpeedPotion"},{"floor":14,"key":"GamblersBrew"}],"is_trial":false,"path_per_floor":["M","?","?","M","?","R","M","E","T","?","R","$","?","M","R","B"],"character_chosen":"IRONCLAD","items_purchased":[],"campfire_rested":2,"item_purchase_floors":[],"current_hp_per_floor":[71,71,71,71,71,71,64,16,16,16,40,40,33,30,54,0],"gold":297,"neow_bonus":"ONE_RARE_RELIC","is_prod":false,"is_daily":false,"chose_seed":false,"campfire_upgraded":1,"win_rate":0,"timestamp":1547924066,"path_taken":["M","?","?","?","?","R","M","E","T","?","R","$","?","M","R","BOSS"],"build_version":"2019-01-17v2","purchased_purges":1,"victory":false,"max_hp_per_floor":[80,80,80,80,80,80,80,80,80,80,80,80,80,80,80,80],"card_choices":[{"not_picked":["Hemokinesis","Sword Boomerang"],"picked":"Entrench","floor":1},{"not_picked":["Heavy Blade","Shockwave"],"picked":"Cleave","floor":4},{"not_picked":["Cleave","Power Through"],"picked":"Thunderclap","floor":7},{"not_picked":["Blood for Blood","Clash"],"picked":"Fire Breathing","floor":8},{"not_picked":["Twin Strike","Pommel Strike"],"picked":"Whirlwind","floor":14}],"player_experience":432205,"relics_obtained":[{"floor":8,"key":"Dodecahedron"},{"floor":9,"key":"Nunchaku"}],"event_choices":[{"damage_healed":0,"gold_gain":0,"player_choice":"Grow","damage_taken":0,"max_hp_gain":0,"max_hp_loss":0,"event_name":"Living Wall","floor":2,"gold_loss":0,"cards_upgraded":["Entrench"]},{"damage_healed":0,"gold_gain":0,"player_choice":"2 cards matched","damage_taken":0,"max_hp_gain":0,"max_hp_loss":0,"event_name":"Match and Keep!","floor":3,"gold_loss":0,"cards_obtained":["Shockwave","Juggernaut"]},{"damage_healed":0,"gold_gain":0,"player_choice":"Box","damage_taken":0,"relics_obtained":["Bird Faced Urn"],"max_hp_gain":0,"max_hp_loss":0,"event_name":"Big Fish","floor":5,"gold_loss":0,"cards_obtained":["Regret"]},{"damage_healed":0,"gold_gain":175,"player_choice":"AGREE","damage_taken":0,"max_hp_gain":0,"max_hp_loss":0,"event_name":"Liars Game","floor":10,"gold_loss":0,"cards_obtained":["Doubt"]},{"cards_removed":["Doubt"],"damage_healed":0,"gold_gain":0,"player_choice":"Card Removal","damage_taken":7,"max_hp_gain":0,"max_hp_loss":0,"event_name":"Golden Wing","floor":13,"gold_loss":0}],"is_beta":false,"boss_relics":[],"items_purged_floors":[12],"is_endless":false,"potions_floor_spawned":[4,14],"killed_by":"The Guardian","ascension_level":3}