{"path_per_floor":["M","?","M","?","$","R","M","M","T","E","?","?","$","M","R","B",null,"M","?","?","M","M","R","M","R","T","$","?","?","M","M","R","B",null,"M","?","?","M","$","R","M","R","T","M","M","?","M","M","R"],"character_chosen":"IRONCLAD","items_purchased":["Omamori","Pen Nib","Whetstone"],"gold_per_floor":[218,218,230,305,74,74,92,105,105,139,139,314,67,85,85,189,189,205,205,105,117,137,137,156,156,209,84,84,84,103,119,119,218,218,230,230,230,244,89,89,107,107,107,120,135,135,145,163,163],"floor_reached":50,"campfire_rested":4,"playtime":2727,"current_hp_per_floor":[76,76,71,60,60,60,65,61,61,41,41,41,41,20,44,10,80,62,62,62,64,57,57,36,60,60,60,80,80,80,68,68,40,80,79,79,79,73,73,73,36,60,60,39,43,63,35,24,48],"items_purged":["Defend_R","Defend_R","Strike_R"],"gold":163,"play_id":"1791d414-31df-4951-b40c-349f499faa37","is_prod":false,"is_daily":false,"campfire_rituals":0,"campfire_upgraded":4,"is_hardmode":false,"path_taken":["M","?","?","?","$","R","M","?","T","E","?","?","$","M","R","BOSS","M","?","?","?","M","R","M","R","T","$","?","?","M","M","R","BOSS","M","?","?","M","$","R","M","R","T","?","M","?","M","M","R","BOSS"],"build_version":"2018-01-18-PROD4","purchased_purges":3,"victory":false,"master_deck":["Strike_R","Strike_R","Strike_R","Strike_R","Bash","Dropkick","Double Tap","Dropkick","Rampage","Offering","Pommel Strike","Headbutt","Battle Trance","Evolve","Limit Break","Inflame","Warcry","Uppercut","Writhe","Shrug It Off"],"max_hp_per_floor":[80,80,80,80,80,80,80,80,80,80,80,80,80,80,80,80,80,80,80,80,80,80,80,80,80,80,80,80,80,80,80,80,80,80,80,80,80,80,80,80,80,80,80,80,80,80,80,80,80],"relics":["Burning Blood","Omamori","Sundial","Paper Frog","Pen Nib","Sozu","Tiny Chest","Black Star","Whetstone","Blood Vial"],"campfire_meditates":0,"card_choices":[{"not_picked":["Second Wind","Pummel"],"picked":"Dropkick"},{"not_picked":["Iron Wave","Thunderclap"],"picked":"Dropkick"},{"not_picked":["Spot Weakness","Anger"],"picked":"Rampage"},{"not_picked":["Dark Embrace","Demon Form"],"picked":"Offering"},{"not_picked":["Power Through","Bloodletting"],"picked":"Pommel Strike"},{"not_picked":["Perfected Strike","Cleave"],"picked":"Headbutt"},{"not_picked":["Headbutt","Flex"],"picked":"Battle Trance"},{"not_picked":["Metallicize","Havoc"],"picked":"Evolve"},{"not_picked":["Dark Embrace","Berserk"],"picked":"Limit Break"},{"not_picked":["Perfected Strike","Headbutt"],"picked":"Inflame"},{"not_picked":["Berserk","Pommel Strike"],"picked":"Warcry"},{"not_picked":["True Grit","Combust"],"picked":"Uppercut"},{"not_picked":["Rupture","Limit Break"],"picked":"Shrug It Off"}],"player_experience":161081,"potions_floor_usage":[3,16],"damage_taken":[{"damage":10,"enemies":"Small Slimes","floor":1,"turns":5},{"damage":14,"enemies":"Blue Slaver","floor":3,"turns":4},{"damage":1,"enemies":"Jaw Worm","floor":7,"turns":3},{"damage":10,"enemies":"Looter","floor":8,"turns":2},{"damage":26,"enemies":"Lagavulin","floor":10,"turns":5},{"damage":27,"enemies":"Exordium Thugs","floor":14,"turns":3},{"damage":40,"enemies":"The Guardian","floor":16,"turns":5},{"damage":24,"enemies":"2 Thieves","floor":18,"turns":3},{"damage":4,"enemies":"Chosen","floor":21,"turns":2},{"damage":13,"enemies":"3 Cultists","floor":22,"turns":3},{"damage":27,"enemies":"Centurion and Healer","floor":24,"turns":2},{"damage":3,"enemies":"Chosen and Byrds","floor":30,"turns":2},{"damage":18,"enemies":"Snecko","floor":31,"turns":3},{"damage":34,"enemies":"Champ","floor":33,"turns":4},{"damage":7,"enemies":"Orb Walker","floor":35,"turns":1},{"damage":12,"enemies":"3 Darklings","floor":38,"turns":3},{"damage":43,"enemies":"4 Shapes","floor":41,"turns":3},{"damage":29,"enemies":"Maw","floor":44,"turns":4},{"damage":4,"enemies":"3 Darklings","floor":45,"turns":2},{"damage":36,"enemies":"4 Shapes","floor":47,"turns":6},{"damage":19,"enemies":"Sphere and 2 Shapes","floor":48,"turns":4},{"damage":50,"enemies":"Donu and Deca","floor":50,"turns":2}],"event_choices":[{"event_name":"Transmorgrifier","player_choice":"Transform","floor":2,"damage_taken":0},{"event_name":"World of Goop","player_choice":"Gather Gold","floor":4,"damage_taken":0},{"event_name":"Living Wall","player_choice":"Forget","floor":11,"damage_taken":0},{"event_name":"Liars Game","player_choice":"agreed","floor":12,"damage_taken":0},{"event_name":"Forgotten Altar","player_choice":"Smashed Altar","floor":19,"damage_taken":0},{"event_name":"Drug Dealer","player_choice":"Got JAXXED","floor":20,"damage_taken":0},{"event_name":"The Library","player_choice":"Heal","floor":28,"damage_taken":0},{"event_name":"Back to Basics","player_choice":"Simplicity","floor":29,"damage_taken":0},{"event_name":"Mysterious Sphere","player_choice":"Ignore","floor":36,"damage_taken":0},{"event_name":"Winding Halls","player_choice":"Writhe","floor":46,"damage_taken":0}],"boss_relics":[{"not_picked":["Pandora\u0027s Box","Orrery"],"picked":"Sozu"},{"not_picked":["Tiny House","Runic Pyramid"],"picked":"Black Star"}],"potions_floor_spawned":[1,14,18,21,24,33,35,38,41,48],"seed_played":"5798335741811163242","killed_by":"Donu and Deca","is_trial":false}