{"path_per_floor":["M","?","?","M","M","E","R","?","T","?","T","M","E","M","R","B",null,"M","?","?","M","?","R","E","M","T","M","R","M","M","$","R"],"character_chosen":"IRONCLAD","items_purchased":["Toolbox","Warcry","Medical Kit","Thinking Ahead"],"gold_per_floor":[111,111,111,125,145,176,176,236,283,283,335,351,378,389,389,490,520,535,450,450,467,737,737,768,788,842,862,862,877,897,137,137],"floor_reached":33,"campfire_rested":1,"playtime":1387,"current_hp_per_floor":[78,78,78,81,71,62,62,53,53,36,36,41,51,58,58,10,80,64,64,64,81,49,80,65,56,56,79,79,74,79,79,79],"items_purged":["Defend_R"],"gold":137,"play_id":"7f3fd994-333e-48ef-8405-817e3a0ce07e","is_prod":false,"is_daily":false,"is_ascension_mode":true,"campfire_upgraded":4,"path_taken":["M","?","?","?","M","E","R","?","T","?","?","M","E","M","R","BOSS","M","?","?","M","?","R","E","?","T","M","R","M","M","$","R","BOSS"],"build_version":"2018-02-01-PROD3","purchased_purges":1,"victory":false,"master_deck":["Strike_R+1","Strike_R+1","Strike_R+1","Strike_R+1","Strike_R+1","Defend_R+1","Bash","Cleave","Seeing Red+1","Ghostly Armor+1","Flex","Uppercut+1","Feed","Battle Trance+1","Dropkick","Thunderclap","Pommel Strike+1","Warcry","Thinking Ahead+1"],"max_hp_per_floor":[87,87,87,87,87,87,87,87,87,87,87,87,97,97,97,97,102,102,102,102,105,105,105,105,105,105,108,108,111,114,114,114],"relics":["Burning Blood","Strawberry","Bronze Scales","Magic Flower","Vajra","Pen Nib","Pear","Tiny House","Art of War","War Paint","Prayer Wheel","Toolbox","Medical Kit"],"card_choices":[{"not_picked":["Wild Strike","Shrug It Off"],"picked":"Cleave"},{"not_picked":["Ghostly Armor","Shrug It Off"],"picked":"Flex"},{"not_picked":["Pommel Strike","Twin Strike"],"picked":"Uppercut"},{"not_picked":["Brutality","Bludgeon"],"picked":"Feed"},{"not_picked":["Iron Wave","Pummel"],"picked":"Battle Trance"},{"not_picked":["Shrug It Off","Dual Wield"],"picked":"Dropkick"},{"not_picked":["Armaments","Sword Boomerang"],"picked":"Thunderclap"},{"not_picked":["Hemokinesis","Juggernaut"],"picked":"Pommel Strike"}],"player_experience":231861,"potions_floor_usage":[8,8,8,12,21,24,27,33],"damage_taken":[{"damage":7,"enemies":"Small Slimes","floor":1,"turns":3},{"damage":3,"enemies":"2 Louse","floor":4,"turns":2},{"damage":16,"enemies":"Blue Slaver","floor":5,"turns":3},{"damage":15,"enemies":"Gremlin Nob","floor":6,"turns":3},{"damage":15,"enemies":"Lagavulin Event","floor":8,"turns":3},{"damage":4,"enemies":"3 Louse","floor":12,"turns":2},{"damage":9,"enemies":"3 Sentries","floor":13,"turns":4},{"damage":2,"enemies":"Large Slime","floor":14,"turns":4},{"damage":57,"enemies":"Hexaghost","floor":16,"turns":8},{"damage":25,"enemies":"2 Thieves","floor":18,"turns":3},{"damage":2,"enemies":"Shell Parasite","floor":21,"turns":2},{"damage":24,"enemies":"Slavers","floor":24,"turns":5},{"damage":18,"enemies":"Snake Plant","floor":25,"turns":3},{"damage":6,"enemies":"3 Cultists","floor":27,"turns":4},{"damage":19,"enemies":"Sentry and Sphere","floor":29,"turns":4},{"damage":9,"enemies":"Centurion and Healer","floor":30,"turns":3},{"damage":85,"enemies":"Automaton","floor":33,"turns":8}],"event_choices":[{"event_name":"Living Wall","player_choice":"Change","floor":2,"damage_taken":0},{"event_name":"Transmorgrifier","player_choice":"Transform","floor":3,"damage_taken":0},{"event_name":"Dead Adventurer","player_choice":"Searched \u00271\u0027 times","floor":8,"damage_taken":0},{"event_name":"Shining Light","player_choice":"Entered Light","floor":10,"damage_taken":0},{"event_name":"Addict","player_choice":"Obtained Relic","floor":19,"damage_taken":0},{"event_name":"Back to Basics","player_choice":"Simplicity","floor":20,"damage_taken":0},{"event_name":"Knowing Skull","player_choice":"GOLD GOLD GOLD ","floor":22,"damage_taken":0}],"boss_relics":[{"not_picked":["Runic Pyramid","Astrolabe"],"picked":"Tiny House"}],"potions_floor_spawned":[4,5,6,8,18,25,29],"seed_played":"-4359436153244706276","killed_by":"Automaton","ascension_level":7,"is_trial":false}