{"gold_per_floor":[16,28,28,28,28,59,59,59,82,82,139,139,64,78,78,78],"floor_reached":16,"playtime":438,"items_purged":["Strike_B"],"score":96,"play_id":"e1c48e69-4417-46a9-83b6-c5009687765c","local_time":"20190223145039","is_ascension_mode":false,"campfire_choices":[{"data":"Zap","floor":8,"key":"SMITH"},{"data":"Buffer","floor":10,"key":"SMITH"},{"data":"Dualcast","floor":12,"key":"SMITH"},{"data":"Gash","floor":15,"key":"SMITH"}],"neow_cost":"NO_GOLD","seed_source_timestamp":675936021629149,"circlet_count":0,"master_deck":["Strike_B","Strike_B","Strike_B","Defend_B","Defend_B","Defend_B","Zap+1","Dualcast+1","Buffer+1","Gash+1","Redo+1","Leap+1"],"relics":["Cracked Core","Happy Flower","Toxic Egg 2","Ancient Tea Set","Sundial"],"potions_floor_usage":[11],"damage_taken":[{"damage":0,"enemies":"Cultist","floor":1,"turns":4},{"damage":5,"enemies":"2 Louse","floor":2,"turns":2},{"damage":36,"enemies":"Gremlin Nob","floor":6,"turns":5},{"damage":0,"enemies":"Gremlin Nob","floor":11,"turns":3},{"damage":0,"enemies":"Small Slimes","floor":14,"turns":2},{"damage":16,"enemies":"Hexaghost","floor":16,"turns":9}],"seed_played":"48318870530515419","potions_obtained":[{"floor":1,"key":"FocusPotion"},{"floor":6,"key":"Dexterity Potion"},{"floor":11,"key":"Explosive Potion"}],"is_trial":false,"path_per_floor":["M","M","?","?","?","E","$","R","T","R","?","R","$","M","R","B"],"character_chosen":"DEFECT","items_purchased":[],"campfire_rested":0,"item_purchase_floors":[],"current_hp_per_floor":[75,70,75,57,50,14,14,14,14,14,14,14,14,14,14,0],"gold":78,"neow_bonus":"THREE_RARE_CARDS","is_prod":false,"is_daily":false,"chose_seed":false,"campfire_upgraded":4,"win_rate":0,"timestamp":1550901039,"path_taken":["M","M","?","?","?","E","$","R","T","R","?","R","$","M","R","BOSS"],"build_version":"2019-01-23","purchased_purges":1,"victory":false,"max_hp_per_floor":[75,75,80,80,80,80,80,80,80,80,80,80,80,80,80,80],"card_choices":[{"not_picked":["Amplify","Thunder Strike"],"picked":"Buffer","floor":0},{"not_picked":["Heatsinks","Coolheaded"],"picked":"Gash","floor":1},{"not_picked":["Redo","Chill","Barrage"],"picked":"SKIP","floor":2},{"not_picked":["Cold Snap","Creative AI","Barrage"],"picked":"SKIP","floor":6},{"not_picked":["Recycle+1","Stack+1"],"picked":"Redo+1","floor":11},{"not_picked":["White Noise+1","Steam Power+1"],"picked":"Leap+1","floor":14}],"player_experience":884696,"relics_obtained":[{"floor":6,"key":"Toxic Egg 2"},{"floor":9,"key":"Ancient Tea Set"},{"floor":11,"key":"Sundial"}],"event_choices":[{"damage_healed":0,"gold_gain":0,"player_choice":"Donut","damage_taken":0,"max_hp_gain":5,"max_hp_loss":0,"event_name":"Big Fish","floor":3,"gold_loss":0},{"damage_healed":0,"gold_gain":0,"player_choice":"Success","damage_taken":18,"relics_obtained":["Happy Flower"],"max_hp_gain":0,"max_hp_loss":0,"event_name":"Scrap Ooze","floor":4,"gold_loss":0},{"cards_removed":["Defend_B"],"damage_healed":0,"gold_gain":0,"player_choice":"Card Removal","damage_taken":7,"max_hp_gain":0,"max_hp_loss":0,"event_name":"Golden Wing","floor":5,"gold_loss":0},{"damage_healed":0,"gold_gain":30,"player_choice":"Searched \u00273\u0027 times","damage_taken":0,"max_hp_gain":0,"max_hp_loss":0,"event_name":"Dead Adventurer","floor":11,"gold_loss":0}],"is_beta":false,"boss_relics":[],"items_purged_floors":[13],"is_endless":false,"potions_floor_spawned":[1,6,11],"killed_by":"Hexaghost","ascension_level":0}