{"gold_per_floor":[218,218,104,120,70,70,101,112,112,124,159,159,194,211,211,306,306,316,333,82,82,96,96,128,77,102,102],"floor_reached":27,"playtime":2304,"items_purged":["Strike_R","Second Wind"],"score":276,"play_id":"dbf4f8ed-458b-4ff6-ae17-60f6f0e3d666","local_time":"20181230120420","is_ascension_mode":true,"campfire_choices":[{"data":"Rampage","floor":6,"key":"SMITH"},{"data":"Offering","floor":12,"key":"SMITH"},{"data":"Flame Barrier","floor":15,"key":"SMITH"},{"data":"J.A.X.","floor":23,"key":"SMITH"}],"neow_cost":"NONE","seed_source_timestamp":841305799479330,"circlet_count":0,"master_deck":["Bash","Rampage+1","Ghostly Armor","Cleave","Shockwave","Flame Barrier+1","Offering+1","Headbutt","Iron Wave","Exhume","Reckless Charge","Uppercut","Power Through","Flex","Spot Weakness","Sever Soul","J.A.X.+1","Heavy Blade","Rupture"],"relics":["Burning Blood","Gremlin Horn","Unceasing Top","Ornamental Fan","Omamori","Anchor","Pandora\u0027s Box","Vajra","Paper Frog","Pen Nib"],"potions_floor_usage":[7,7,13,16,16,27],"damage_taken":[{"damage":16,"enemies":"Small Slimes","floor":1,"turns":4},{"damage":0,"enemies":"2 Louse","floor":4,"turns":2},{"damage":16,"enemies":"Lagavulin","floor":7,"turns":5},{"damage":0,"enemies":"Cultist","floor":8,"turns":3},{"damage":1,"enemies":"Blue Slaver","floor":10,"turns":3},{"damage":13,"enemies":"3 Sentries","floor":11,"turns":9},{"damage":12,"enemies":"Lagavulin","floor":13,"turns":7},{"damage":10,"enemies":"Red Slaver","floor":14,"turns":3},{"damage":26,"enemies":"The Guardian","floor":16,"turns":9},{"damage":12,"enemies":"3 Byrds","floor":18,"turns":4},{"damage":17,"enemies":"Shell Parasite","floor":19,"turns":3},{"damage":15,"enemies":"Cultist and Chosen","floor":22,"turns":3},{"damage":30,"enemies":"Book of Stabbing","floor":24,"turns":3},{"damage":31,"enemies":"Slavers","floor":27,"turns":3}],"seed_played":"3424043279131226108","potions_obtained":[{"floor":1,"key":"Poison Potion"},{"floor":4,"key":"GamblersBrew"},{"floor":7,"key":"LiquidBronze"},{"floor":11,"key":"SkillPotion"},{"floor":13,"key":"Poison Potion"}],"is_trial":false,"path_per_floor":["M","?","$","M","?","R","E","M","T","M","E","R","E","M","R","B",null,"M","M","$","?","M","R","E","$","T","E"],"character_chosen":"IRONCLAD","items_purchased":["Ghostly Armor","Vajra","Strength Potion"],"campfire_rested":0,"item_purchase_floors":[3,20,25],"current_hp_per_floor":[70,67,67,73,73,73,63,69,69,74,67,67,61,57,57,37,80,74,63,63,63,54,54,30,30,30,0],"gold":102,"neow_bonus":"HUNDRED_GOLD","is_prod":false,"is_daily":false,"chose_seed":false,"campfire_upgraded":4,"win_rate":0,"timestamp":1546189460,"path_taken":["M","?","$","M","?","R","E","M","T","M","E","R","E","M","R","BOSS","M","M","$","?","M","R","E","$","T","E"],"build_version":"2018-12-20","purchased_purges":2,"victory":false,"max_hp_per_floor":[80,80,80,80,80,80,80,80,80,80,80,80,80,80,80,80,80,80,80,80,80,80,80,80,80,80,80],"card_choices":[{"not_picked":["Intimidate","Heavy Blade"],"picked":"Rampage","floor":1},{"not_picked":["Hemokinesis","Sword Boomerang","Havoc"],"picked":"SKIP","floor":4},{"not_picked":["Entrench","Dark Embrace"],"picked":"Cleave","floor":7},{"not_picked":["Entrench","Perfected Strike"],"picked":"Shockwave","floor":8},{"not_picked":["Twin Strike","Sword Boomerang"],"picked":"Flame Barrier","floor":10},{"not_picked":["Searing Blow","Heavy Blade"],"picked":"Offering","floor":11},{"not_picked":["Berserk","Shrug It Off"],"picked":"Headbutt","floor":13},{"not_picked":["Burning Pact","Body Slam"],"picked":"Iron Wave","floor":14},{"not_picked":["Juggernaut","Brutality"],"picked":"Exhume","floor":16},{"not_picked":["Clash","Cleave","Second Wind+1"],"picked":"SKIP","floor":18},{"not_picked":["Anger","Clash","Flame Barrier"],"picked":"SKIP","floor":19},{"not_picked":["Power Through","Rampage"],"picked":"Heavy Blade","floor":22},{"not_picked":["Pommel Strike+1","Bloodletting"],"picked":"Rupture","floor":24}],"player_experience":399062,"relics_obtained":[{"floor":7,"key":"Unceasing Top"},{"floor":9,"key":"Ornamental Fan"},{"floor":11,"key":"Omamori"},{"floor":13,"key":"Anchor"},{"floor":24,"key":"Paper Frog"},{"floor":26,"key":"Pen Nib"}],"event_choices":[{"damage_healed":0,"gold_gain":0,"player_choice":"Success","damage_taken":3,"relics_obtained":["Gremlin Horn"],"max_hp_gain":0,"max_hp_loss":0,"event_name":"Scrap Ooze","floor":2,"gold_loss":0},{"cards_removed":["Strike_R"],"damage_healed":0,"gold_gain":0,"player_choice":"Card Removal","damage_taken":0,"max_hp_gain":0,"max_hp_loss":0,"event_name":"The Cleric","floor":5,"gold_loss":50},{"damage_healed":0,"gold_gain":0,"player_choice":"Obtain J.A.X.","damage_taken":0,"max_hp_gain":0,"max_hp_loss":0,"event_name":"Drug Dealer","floor":21,"gold_loss":0,"cards_obtained":["J.A.X."]}],"is_beta":false,"boss_relics":[{"not_picked":["Black Star","Ectoplasm"],"picked":"Pandora\u0027s Box"}],"items_purged_floors":[3,20],"is_endless":false,"potions_floor_spawned":[1,4,7,11,13],"killed_by":"Slavers","ascension_level":2}