{"path_per_floor":["M","?","$","?","?","R","M","R","T","M","R","E","$","M","R","B",null,"M","?","M","M","M","R"],"character_chosen":"IRONCLAD","items_purchased":["Intimidate","Seeing Red","Flex","Pummel","Pantograph"],"gold_per_floor":[119,119,9,9,9,9,33,33,333,354,354,393,61,86,86,214,214,228,143,159,174,193,193],"floor_reached":24,"campfire_rested":0,"playtime":2028,"current_hp_per_floor":[96,96,96,77,77,77,72,72,72,75,75,51,51,40,40,49,96,92,92,82,71,50,50],"items_purged":[],"gold":193,"play_id":"41eb5eef-b758-46eb-ace7-74cb3515762b","is_prod":false,"is_daily":false,"campfire_rituals":0,"campfire_upgraded":5,"is_hardmode":false,"path_taken":["M","?","?","?","?","R","M","R","T","?","R","E","$","M","R","BOSS","M","?","?","M","M","R","M"],"build_version":"2018-01-11-PROD2","purchased_purges":0,"victory":false,"master_deck":["Strike_R","Strike_R","Strike_R","Strike_R","Strike_R","Defend_R","Defend_R","Defend_R","Bash","Clumsy","Inflame","Intimidate","Seeing Red","Injury","Anger","Dual Wield","Battle Trance","Flex","Pummel","Flame Barrier","Feed","Clash","Perfected Strike","Fire Breathing","Thunderclap"],"max_hp_per_floor":[96,96,96,96,96,96,96,96,96,96,96,96,96,96,96,96,96,96,96,96,96,96,96],"relics":["Burning Blood","Golden Idol","Old Coin","Magic Flower","Pantograph","Velvet Choker","Gremlin Horn"],"campfire_meditates":0,"card_choices":[{"not_picked":["Bloodletting","Disarm"],"picked":"Inflame"},{"not_picked":["Sever Soul","Metallicize"],"picked":"Anger"},{"not_picked":["Clash","Hemokinesis"],"picked":"Dual Wield"},{"not_picked":["Juggernaut","Rage"],"picked":"Battle Trance"},{"not_picked":["Combust","Sword Boomerang"],"picked":"Flame Barrier"},{"not_picked":["Bludgeon","Impervious"],"picked":"Feed"},{"not_picked":["Warcry","Body Slam"],"picked":"Clash"},{"not_picked":["Shrug It Off","Anger"],"picked":"Perfected Strike"},{"not_picked":["Reaper","Shrug It Off"],"picked":"Fire Breathing"},{"not_picked":["Headbutt","Sword Boomerang"],"picked":"Thunderclap"}],"player_experience":2654,"potions_floor_usage":[21,21,22,24],"damage_taken":[{"damage":5,"enemies":"Cultist","floor":1,"turns":4},{"damage":11,"enemies":"Blue Slaver","floor":7,"turns":5},{"damage":3,"enemies":"Small Slimes","floor":10,"turns":3},{"damage":30,"enemies":"Gremlin Nob","floor":12,"turns":5},{"damage":20,"enemies":"Exordium Thugs","floor":14,"turns":4},{"damage":38,"enemies":"Hexaghost","floor":16,"turns":7},{"damage":13,"enemies":"Shell Parasite","floor":18,"turns":5},{"damage":19,"enemies":"2 Thieves","floor":20,"turns":4},{"damage":35,"enemies":"Snake Plant","floor":21,"turns":4},{"damage":30,"enemies":"Slaver and Parasite","floor":22,"turns":5},{"damage":60,"enemies":"Chosen and Byrds","floor":24,"turns":6}],"event_choices":[{"event_name":"Bonfire Elementals","player_choice":"BASIC","floor":2,"damage_taken":0},{"event_name":"Shining Light","player_choice":"Entered Light","floor":4,"damage_taken":0},{"event_name":"Golden Idol","player_choice":"Take Wound","floor":5,"damage_taken":0},{"event_name":"Addict","player_choice":"Obtained Relic","floor":19,"damage_taken":0}],"boss_relics":[{"not_picked":["Runic Cube","Calling Bell"],"picked":"Velvet Choker"}],"potions_floor_spawned":[1,14,16,21],"seed_played":"-328561956506365631","killed_by":"Chosen and Byrds","is_trial":false}