{"gold_per_floor":[363,382,557,557,234,267,285,313,325,337,367,379,403,448,460,571,583,608,639,651,208,223,243,243,126,126,225,65,65,65,42,42,138,138,157,176,176],"floor_reached":37,"playtime":2758,"items_purged":["Doubt","Strike_R"],"score":412,"play_id":"0e9ce543-aaaa-4858-8fb9-556afb14f1f9","local_time":"20190127154204","is_ascension_mode":false,"campfire_choices":[{"data":"Exhume","floor":12,"key":"SMITH"},{"floor":15,"key":"REST"},{"data":"Double Tap","floor":24,"key":"SMITH"},{"floor":29,"key":"DIG"},{"data":"Heavy Blade","floor":32,"key":"SMITH"}],"neow_cost":"TEN_PERCENT_HP_LOSS","seed_source_timestamp":618473683735416,"circlet_count":0,"master_deck":["Strike_R","Strike_R","Strike_R","Strike_R","Defend_R","Defend_R","Defend_R","Defend_R","Bash","Shrug It Off","Sword Boomerang","Inflame","Intimidate","Shockwave","Exhume+1","Headbutt","Pommel Strike","Double Tap+1","Intimidate","Inflame+1","Demon Form+1","Shrug It Off+1","Uppercut","Cleave","Limit Break","Heavy Blade+1","Juggernaut+1","Rage"],"relics":["Black Blood","Happy Flower","Mercury Hourglass","Pocketwatch","MawBank","Dodecahedron","Frozen Egg 2","Runic Cube","HandDrill","Shovel","Blood Vial"],"potions_floor_usage":[6,6,14,16,19,30,36],"damage_taken":[{"damage":0,"enemies":"Small Slimes","floor":1,"turns":3},{"damage":2,"enemies":"Jaw Worm","floor":2,"turns":5},{"damage":22,"enemies":"Lagavulin","floor":6,"turns":6},{"damage":0,"enemies":"Cultist","floor":7,"turns":3},{"damage":35,"enemies":"3 Sentries","floor":8,"turns":6},{"damage":2,"enemies":"Blue Slaver","floor":11,"turns":3},{"damage":0,"enemies":"3 Louse","floor":13,"turns":2},{"damage":6,"enemies":"Lagavulin","floor":14,"turns":5},{"damage":28,"enemies":"Hexaghost","floor":16,"turns":11},{"damage":11,"enemies":"2 Thieves","floor":18,"turns":4},{"damage":8,"enemies":"Spheric Guardian","floor":19,"turns":4},{"damage":11,"enemies":"Snecko","floor":22,"turns":4},{"damage":13,"enemies":"Centurion and Healer","floor":23,"turns":6},{"damage":29,"enemies":"Colosseum Slavers","floor":30,"turns":3},{"damage":35,"enemies":"Collector","floor":33,"turns":8},{"damage":17,"enemies":"3 Shapes","floor":35,"turns":4},{"damage":39,"enemies":"Orb Walker","floor":36,"turns":6},{"damage":55,"enemies":"Transient","floor":37,"turns":5}],"seed_played":"2147494366054351128","potions_obtained":[{"floor":1,"key":"Strength Potion"},{"floor":2,"key":"Weak Potion"},{"floor":10,"key":"SkillPotion"},{"floor":10,"key":"Poison Potion"},{"floor":10,"key":"SteroidPotion"},{"floor":11,"key":"SkillPotion"},{"floor":13,"key":"Block Potion"},{"floor":18,"key":"Regen Potion"},{"floor":19,"key":"Ancient Potion"},{"floor":33,"key":"Block Potion"}],"is_trial":false,"path_per_floor":["M","M","?","?","$","E","M","E","T","?","M","R","M","E","R","B",null,"M","M","?","$","M","M","R","$","T","?","$","R","?","$","R","B",null,"M","M","M"],"character_chosen":"IRONCLAD","items_purchased":["Mercury Hourglass","Demon Form+1","HandDrill","Uppercut","Cleave","Limit Break","Heavy Blade"],"campfire_rested":1,"item_purchase_floors":[5,21,21,25,25,28,31],"current_hp_per_floor":[72,72,72,60,60,44,50,21,21,21,25,25,31,31,52,30,72,67,65,65,65,60,53,53,53,53,53,53,53,41,41,41,14,72,65,38,0],"gold":176,"neow_bonus":"TWO_FIFTY_GOLD","is_prod":false,"is_daily":false,"chose_seed":false,"campfire_upgraded":3,"win_rate":0,"timestamp":1548603724,"path_taken":["M","M","?","?","$","E","?","E","T","?","M","R","M","E","R","BOSS","M","?","?","$","M","M","R","$","T","?","?","R","?","?","R","BOSS","M","M","M"],"build_version":"2019-01-23","purchased_purges":2,"victory":false,"max_hp_per_floor":[72,72,72,72,72,72,72,72,72,72,72,72,72,72,72,72,72,72,72,72,72,72,72,72,72,72,72,72,72,72,72,72,72,72,72,72,72],"card_choices":[{"not_picked":["Shockwave","Warcry"],"picked":"Shrug It Off","floor":1},{"not_picked":["Dropkick","Havoc"],"picked":"Sword Boomerang","floor":2},{"not_picked":["Wild Strike","Twin Strike"],"picked":"Inflame","floor":6},{"not_picked":["Thunderclap","Perfected Strike"],"picked":"Intimidate","floor":7},{"not_picked":["Heavy Blade","Twin Strike"],"picked":"Shockwave","floor":8},{"not_picked":["Reckless Charge","Cleave"],"picked":"Exhume","floor":11},{"not_picked":["Flex","Bloodletting"],"picked":"Headbutt","floor":13},{"not_picked":["Sever Soul","Flex"],"picked":"Pommel Strike","floor":14},{"not_picked":["Offering","Brutality+1"],"picked":"Double Tap","floor":16},{"not_picked":["Pommel Strike","Clash"],"picked":"Intimidate","floor":18},{"not_picked":["Body Slam","Heavy Blade+1"],"picked":"Inflame+1","floor":19},{"not_picked":["Headbutt","Shockwave+1"],"picked":"Shrug It Off+1","floor":22},{"not_picked":["Iron Wave","Corruption+1","Second Wind"],"picked":"SKIP","floor":23},{"not_picked":["Fiend Fire","Bludgeon"],"picked":"Juggernaut+1","floor":33},{"not_picked":["Dual Wield+1","Thunderclap+1"],"picked":"Rage","floor":35},{"not_picked":["Havoc+1","Anger","Clash+1"],"picked":"SKIP","floor":36}],"player_experience":356360,"relics_obtained":[{"floor":6,"key":"Pocketwatch"},{"floor":8,"key":"MawBank"},{"floor":9,"key":"Dodecahedron"},{"floor":14,"key":"Frozen Egg 2"},{"floor":26,"key":"Shovel"},{"floor":29,"key":"Blood Vial"}],"event_choices":[{"damage_healed":0,"gold_gain":175,"player_choice":"AGREE","damage_taken":0,"max_hp_gain":0,"max_hp_loss":0,"event_name":"Liars Game","floor":3,"gold_loss":0,"cards_obtained":["Doubt"]},{"damage_healed":0,"gold_gain":0,"player_choice":"Success","damage_taken":12,"relics_obtained":["Happy Flower"],"max_hp_gain":0,"max_hp_loss":0,"event_name":"Scrap Ooze","floor":4,"gold_loss":0},{"damage_healed":0,"gold_gain":0,"player_choice":"Got Potions","damage_taken":0,"max_hp_gain":0,"max_hp_loss":0,"event_name":"Lab","floor":10,"gold_loss":0},{"damage_healed":0,"gold_gain":0,"player_choice":"Ignored","damage_taken":0,"max_hp_gain":0,"max_hp_loss":0,"event_name":"Vampires","floor":20,"gold_loss":0},{"damage_healed":0,"gold_gain":99,"player_choice":"Stole From Cult","damage_taken":0,"max_hp_gain":0,"max_hp_loss":0,"event_name":"Nest","floor":27,"gold_loss":0},{"damage_healed":0,"gold_gain":0,"player_choice":"Fight","damage_taken":0,"max_hp_gain":0,"max_hp_loss":0,"event_name":"Colosseum","floor":30,"gold_loss":0},{"damage_healed":0,"gold_gain":0,"player_choice":"Fled From Nobs","damage_taken":0,"max_hp_gain":0,"max_hp_loss":0,"event_name":"Colosseum","floor":30,"gold_loss":0}],"is_beta":false,"boss_relics":[{"not_picked":["Lizard Tail","Cursed Key"],"picked":"Runic Cube"},{"not_picked":["Pandora\u0027s Box","Fusion Hammer"],"picked":"Black Blood"}],"items_purged_floors":[5,21],"is_endless":false,"potions_floor_spawned":[1,2,11,13,18,19,33],"killed_by":"Transient","ascension_level":0}