{"path_per_floor":["M","M","?","?","?","R","$","R","T","M","M","?","R","M","R","B",null,"M","?","?","M","M","R","M","R","T","R","E","M","?","M","R","B",null,"M","?","?","M","M","R","M","M","T","R","$","M","M"],"character_chosen":"IRONCLAD","items_purchased":["Pummel","Whetstone","Bag of Marbles","Happy Flower","Jack Of All Trades"],"gold_per_floor":[114,129,129,204,204,204,169,169,169,188,207,207,207,226,226,351,351,370,370,293,312,331,331,350,350,350,350,388,407,407,426,426,551,551,570,593,926,941,956,956,971,986,1011,1011,386,401,416,416],"floor_reached":48,"campfire_rested":0,"playtime":1729,"item_purchase_floors":[7,45,45,45,45],"current_hp_per_floor":[80,80,60,49,42,42,42,42,42,48,45,45,45,50,50,29,80,62,40,40,40,40,40,37,37,37,37,31,39,39,39,39,17,43,43,43,43,43,26,26,34,17,17,17,17,24,26,0],"items_purged":["Defend_R"],"gold":416,"score":521,"play_id":"506cf5d3-ebff-4e98-9565-f825043911d7","local_time":"20180615170247","daily_mods":["Brewmaster","Time Dilation","Lethality"],"is_prod":false,"is_daily":true,"chose_seed":false,"is_ascension_mode":false,"campfire_upgraded":10,"win_rate":0,"timestamp":1529049767,"campfire_choices":[{"data":"Venomology","floor":6,"key":"SMITH"},{"data":"Venomology","floor":8,"key":"SMITH"},{"data":"Venomology","floor":13,"key":"SMITH"},{"data":"Venomology","floor":15,"key":"SMITH"},{"data":"Venomology","floor":23,"key":"SMITH"},{"data":"Pummel","floor":25,"key":"SMITH"},{"data":"Whirlwind","floor":27,"key":"SMITH"},{"data":"Sword Boomerang","floor":32,"key":"SMITH"},{"data":"Brutality","floor":40,"key":"SMITH"},{"data":"J.A.X.","floor":44,"key":"SMITH"}],"path_taken":["M","M","?","?","?","R","$","R","T","M","?","?","R","M","R","BOSS","M","?","?","M","M","R","M","R","T","R","E","M","?","M","R","BOSS","M","?","?","M","M","R","?","?","T","R","$","M","M","M"],"build_version":"2018-06-14v2","seed_source_timestamp":0,"purchased_purges":1,"victory":false,"master_deck":["Defend_R","Defend_R","Defend_R","Bash+1","Venomology+1","Venomology+1","Venomology+1","Venomology+1","Venomology+1","Rampage","Anger","Pummel+1","Inflame","Anger","Wild Strike+1","Juggernaut+1","Offering+1","Intimidate+1","Ghostly","Ghostly","Ghostly","Ghostly","Ghostly","J.A.X.+1","Whirlwind+1","Rupture+1","Combust","Metallicize+1","Sword Boomerang+1","Whirlwind+1","Brutality+1","Jack Of All Trades","Heavy Blade"],"max_hp_per_floor":[80,80,80,80,80,80,80,80,80,80,80,80,80,80,80,80,80,80,40,40,40,40,40,40,40,40,40,40,43,43,43,43,43,43,43,43,43,43,43,43,43,43,43,43,43,43,43,43],"special_seed":17697,"relics":["Burning Blood","White Beast Statue","Shuriken","Astrolabe","Anchor","Bronze Scales","Runic Cube","Magic Flower","Orichalcum","Whetstone","Bag of Marbles","Happy Flower"],"card_choices":[{"not_picked":["Anger","Intimidate"],"picked":"Rampage","floor":1},{"not_picked":["Battle Trance","Perfected Strike"],"picked":"Anger","floor":2},{"not_picked":["Shrug It Off","Power Through"],"picked":"Inflame","floor":10},{"not_picked":["Metallicize","Armaments","Clothesline"],"picked":"SKIP","floor":11},{"not_picked":["Heavy Blade","Headbutt"],"picked":"Anger","floor":14},{"not_picked":["Headbutt","Flame Barrier"],"picked":"Intimidate+1","floor":18},{"not_picked":["Shrug It Off+1","Sword Boomerang"],"picked":"Whirlwind","floor":21},{"not_picked":["Feel No Pain","Wild Strike+1"],"picked":"Rupture+1","floor":22},{"not_picked":["Blood for Blood","Shrug It Off"],"picked":"Combust","floor":24},{"not_picked":["Feel No Pain","Juggernaut"],"picked":"Metallicize+1","floor":28},{"not_picked":["Carnage","Clash","Anger"],"picked":"SKIP","floor":29},{"not_picked":["Clash","Thunderclap"],"picked":"Whirlwind","floor":31},{"not_picked":["Feed","Barricade"],"picked":"Brutality","floor":33},{"not_picked":["Battle Trance","Twin Strike+1","Shrug It Off+1"],"picked":"SKIP","floor":35},{"not_picked":["Uppercut","Armaments+1","Disarm"],"picked":"SKIP","floor":38},{"not_picked":["Pommel Strike+1","Flex","Headbutt"],"picked":"SKIP","floor":39},{"not_picked":["Havoc+1","Combust+1","Clothesline"],"picked":"SKIP","floor":41},{"not_picked":["Exhume","Corruption","Hemokinesis"],"picked":"SKIP","floor":42},{"not_picked":["Heavy Blade","Twin Strike","Perfected Strike"],"picked":"SKIP","floor":46},{"not_picked":["Twin Strike","Perfected Strike"],"picked":"Heavy Blade","floor":46},{"not_picked":["Metallicize+1","Carnage","Whirlwind"],"picked":"SKIP","floor":47}],"player_experience":797862,"potions_floor_usage":[1,2,10,10,14,14,14,16,16,16,16,16,16,16,16,18,21,21,21,21,22,22,22,24,24,28,28,29,29,29,31,31,31,31,31,33,33,33,33,33,33,35,35,35,36,36,36,38,38,38,39,48,48,48],"damage_taken":[{"damage":0,"enemies":"Cultist","floor":1,"turns":2},{"damage":1,"enemies":"Small Slimes","floor":2,"turns":3},{"damage":0,"enemies":"2 Louse","floor":10,"turns":2},{"damage":9,"enemies":"2 Fungi Beasts","floor":11,"turns":2},{"damage":1,"enemies":"Large Slime","floor":14,"turns":3},{"damage":35,"enemies":"The Guardian","floor":16,"turns":5},{"damage":24,"enemies":"2 Thieves","floor":18,"turns":3},{"damage":14,"enemies":"3 Byrds","floor":21,"turns":5},{"damage":6,"enemies":"Sentry and Sphere","floor":22,"turns":5},{"damage":9,"enemies":"Cultist and Chosen","floor":24,"turns":3},{"damage":16,"enemies":"Slavers","floor":28,"turns":4},{"damage":6,"enemies":"3 Cultists","floor":29,"turns":4},{"damage":6,"enemies":"Sentry and Sphere","floor":31,"turns":4},{"damage":32,"enemies":"Champ","floor":33,"turns":6},{"damage":5,"enemies":"Orb Walker","floor":35,"turns":4},{"damage":5,"floor":36,"turns":2},{"damage":5,"enemies":"3 Shapes","floor":38,"turns":3},{"damage":26,"enemies":"Maw","floor":39,"turns":6},{"damage":1,"enemies":"4 Shapes","floor":41,"turns":1},{"damage":26,"enemies":"Sphere and 2 Shapes","floor":42,"turns":4},{"damage":2,"enemies":"3 Darklings","floor":46,"turns":3},{"damage":7,"enemies":"Maw","floor":47,"turns":4}],"relics_obtained":[{"floor":9,"key":"Shuriken"},{"floor":26,"key":"Anchor"},{"floor":28,"key":"Bronze Scales"},{"floor":36,"key":"Magic Flower"},{"floor":43,"key":"Orichalcum"}],"event_choices":[{"event_name":"Golden Idol","player_choice":"Take Damage","floor":3,"damage_taken":0},{"event_name":"World of Goop","player_choice":"Gather Gold","floor":4,"damage_taken":0},{"event_name":"Golden Wing","player_choice":"Card Removal","floor":5,"damage_taken":0},{"event_name":"Living Wall","player_choice":"Forget","floor":12,"damage_taken":0},{"event_name":"Ghosts","player_choice":"Became a Ghost","floor":19,"damage_taken":0},{"event_name":"Drug Dealer","player_choice":"Got JAXXED","floor":20,"damage_taken":0},{"event_name":"The Library","player_choice":"Read","floor":30,"damage_taken":0},{"event_name":"Mysterious Sphere","player_choice":"Fight","floor":36,"damage_taken":0},{"event_name":"The Moai Head","player_choice":"Gave Idol","floor":37,"damage_taken":0}],"boss_relics":[{"not_picked":["Busted Crown","Runic Pyramid"],"picked":"Astrolabe"},{"not_picked":["Pandora\u0027s Box","Black Star"],"picked":"Runic Cube"}],"items_purged_floors":[45],"is_endless":false,"potions_floor_spawned":[1,2,10,11,14,16,18,21,22,24,28,29,31,33,35,36,38,39,41,42,46,47],"seed_played":"-2070942787049957180","killed_by":"4 Shapes","ascension_level":0,"potions_obtained":[{"floor":1,"key":"Strength Potion"},{"floor":2,"key":"SkillPotion"},{"floor":14,"key":"Dexterity Potion"},{"floor":16,"key":"BloodPotion"},{"floor":18,"key":"Dexterity Potion"},{"floor":21,"key":"GamblersBrew"},{"floor":22,"key":"Strength Potion"},{"floor":24,"key":"LiquidBronze"},{"floor":28,"key":"Regen Potion"},{"floor":29,"key":"PowerPotion"},{"floor":31,"key":"Swift Potion"},{"floor":33,"key":"SpeedPotion"},{"floor":36,"key":"Energy Potion"}],"is_trial":false}