{"gold_per_floor":[114,129,144,144,69,69,95,108,158,158,191,210,238,254,254,357,357,372,65,65,78,97,97,161,161],"floor_reached":25,"playtime":1050,"items_purged":["Strike_B"],"score":304,"play_id":"85895a42-d6c2-46cd-9460-c2baa0102046","local_time":"20190223142848","is_ascension_mode":true,"campfire_choices":[{"data":"Zap","floor":6,"key":"SMITH"},{"data":"Sweeping Beam","floor":10,"key":"SMITH"},{"data":"Redo","floor":15,"key":"SMITH"},{"data":"Dualcast","floor":23,"key":"SMITH"}],"neow_cost":"NONE","seed_source_timestamp":674011460204382,"circlet_count":0,"master_deck":["Strike_B","Strike_B+1","Strike_B+1","Defend_B","Defend_B","Defend_B","Zap+1","Dualcast+1","Cold Snap","Sweeping Beam+1","Ball Lightning","Redo+1","Leap+1","Beam Cell+1"],"relics":["Cracked Core","Whetstone","Darkstone Periapt","Oddly Smooth Stone","Bag of Marbles","Bottled Lightning","Velvet Choker","Emotion Chip","Tiny Chest"],"potions_floor_usage":[16,24],"damage_taken":[{"damage":1,"enemies":"Cultist","floor":1,"turns":3},{"damage":0,"enemies":"Small Slimes","floor":2,"turns":3},{"damage":2,"enemies":"Jaw Worm","floor":3,"turns":3},{"damage":19,"enemies":"Gremlin Nob","floor":7,"turns":4},{"damage":8,"enemies":"Exordium Thugs","floor":8,"turns":4},{"damage":12,"enemies":"Lagavulin","floor":11,"turns":6},{"damage":5,"enemies":"Blue Slaver","floor":12,"turns":3},{"damage":12,"enemies":"3 Sentries","floor":13,"turns":5},{"damage":2,"enemies":"Red Slaver","floor":14,"turns":2},{"damage":7,"enemies":"Hexaghost","floor":16,"turns":6},{"damage":10,"enemies":"Shell Parasite","floor":18,"turns":3},{"damage":10,"enemies":"2 Thieves","floor":21,"turns":2},{"damage":0,"enemies":"Cultist and Chosen","floor":22,"turns":4},{"damage":34,"enemies":"Slavers","floor":24,"turns":6},{"damage":10,"enemies":"Snake Plant","floor":25,"turns":1}],"seed_played":"6115443423564194306","potions_obtained":[{"floor":2,"key":"GamblersBrew"},{"floor":11,"key":"Strength Potion"},{"floor":12,"key":"Swift Potion"},{"floor":18,"key":"Dexterity Potion"},{"floor":20,"key":"EssenceOfSteel"},{"floor":24,"key":"FocusPotion"}],"is_trial":false,"path_per_floor":["M","M","M","?","$","R","E","M","T","R","E","M","E","M","R","B",null,"M","$","?","M","M","R","E","M"],"character_chosen":"DEFECT","items_purchased":["Emotion Chip"],"campfire_rested":0,"item_purchase_floors":[19],"current_hp_per_floor":[74,74,72,72,72,72,53,45,45,45,33,28,16,14,14,7,58,48,48,48,38,38,38,4,0],"gold":161,"neow_bonus":"RANDOM_COMMON_RELIC","is_prod":false,"is_daily":false,"chose_seed":false,"campfire_upgraded":4,"win_rate":0,"timestamp":1550899728,"path_taken":["M","M","?","?","$","R","E","M","T","R","E","M","E","M","R","BOSS","M","$","?","M","?","R","E","M"],"build_version":"2019-01-23","purchased_purges":1,"victory":false,"max_hp_per_floor":[75,75,75,75,75,75,75,75,75,75,75,75,75,75,75,75,75,75,75,75,75,75,75,75,75],"card_choices":[{"not_picked":["Conserve Battery","Stack"],"picked":"Cold Snap","floor":1},{"not_picked":["Rebound","Turbo","Coolheaded"],"picked":"SKIP","floor":2},{"not_picked":["Barrage","Storm","Chill"],"picked":"SKIP","floor":3},{"not_picked":["Tempest","Reinforced Body","Creative AI"],"picked":"SKIP","floor":7},{"not_picked":["Skim","Recycle"],"picked":"Sweeping Beam","floor":8},{"not_picked":["Sunder","Biased Cognition","Lockon"],"picked":"SKIP","floor":11},{"not_picked":["Conserve Battery","Steam"],"picked":"Ball Lightning","floor":12},{"not_picked":["Consume","Skim","Leap"],"picked":"SKIP","floor":13},{"not_picked":["Stack","Multi-Cast"],"picked":"Redo","floor":14},{"not_picked":["Reinforced Body","Coolheaded","Lockon"],"picked":"SKIP","floor":18},{"not_picked":["Fusion","Stack+1"],"picked":"Leap+1","floor":21},{"not_picked":["Ball Lightning","Compile Driver"],"picked":"Beam Cell+1","floor":22},{"not_picked":["Genetic Algorithm","Go for the Eyes","Redo"],"picked":"SKIP","floor":24},{"not_picked":["Genetic Algorithm","Go for the Eyes","Redo"],"picked":"SKIP","floor":24}],"player_experience":882804,"relics_obtained":[{"floor":7,"key":"Darkstone Periapt"},{"floor":9,"key":"Oddly Smooth Stone"},{"floor":11,"key":"Bag of Marbles"},{"floor":13,"key":"Bottled Lightning"},{"floor":24,"key":"Tiny Chest"}],"event_choices":[{"cards_removed":["Defend_B"],"damage_healed":0,"gold_gain":0,"player_choice":"Forget","damage_taken":0,"max_hp_gain":0,"max_hp_loss":0,"event_name":"Living Wall","floor":4,"gold_loss":0},{"damage_healed":0,"gold_gain":0,"player_choice":"Got Potions","damage_taken":0,"max_hp_gain":0,"max_hp_loss":0,"event_name":"Lab","floor":20,"gold_loss":0}],"is_beta":false,"boss_relics":[{"not_picked":["Lizard Tail","Ectoplasm"],"picked":"Velvet Choker"}],"items_purged_floors":[5],"is_endless":false,"potions_floor_spawned":[2,11,12,14,18,24],"killed_by":"Snake Plant","ascension_level":5}