{"gold_per_floor":[118,46,57,57,69,69,80,80,80,92,42,60,60,78,78,181,181,200,220,234,159,171,171],"floor_reached":23,"playtime":1114,"items_purged":["Strike_R"],"score":212,"play_id":"819ac663-311e-4056-a847-35c448bea2d1","local_time":"20181016182426","is_ascension_mode":false,"campfire_choices":[{"data":"Bash","floor":6,"key":"SMITH"},{"data":"Dropkick","floor":8,"key":"SMITH"},{"data":"Dropkick","floor":13,"key":"SMITH"},{"data":"Shrug It Off","floor":15,"key":"SMITH"}],"neow_cost":"NONE","seed_source_timestamp":572176128895810,"circlet_count":0,"master_deck":["Strike_R","Strike_R","Strike_R","Strike_R","Defend_R","Defend_R","Defend_R","Bash+1","Shrug It Off+1","Thunderclap","Dropkick+1","Dropkick+1","Feed"],"relics":["Burning Blood","Singing Bowl","Runic Pyramid"],"potions_floor_usage":[16,16,20,23],"damage_taken":[{"damage":0,"enemies":"Cultist","floor":1,"turns":4},{"damage":2,"enemies":"Jaw Worm","floor":3,"turns":3},{"damage":0,"enemies":"2 Louse","floor":5,"turns":2},{"damage":6,"enemies":"2 Fungi Beasts","floor":7,"turns":4},{"damage":14,"enemies":"Blue Slaver","floor":10,"turns":4},{"damage":0,"enemies":"3 Louse","floor":12,"turns":2},{"damage":8,"enemies":"Red Slaver","floor":14,"turns":4},{"damage":84,"enemies":"Hexaghost","floor":16,"turns":10},{"damage":18,"enemies":"Shell Parasite","floor":18,"turns":6},{"damage":10,"enemies":"Chosen","floor":19,"turns":3},{"damage":37,"enemies":"Snecko","floor":20,"turns":6},{"damage":15,"enemies":"Centurion and Healer","floor":22,"turns":5},{"damage":39,"enemies":"Slavers","floor":23,"turns":5}],"seed_played":"2391607238742128596","potions_obtained":[{"floor":1,"key":"BloodPotion"},{"floor":7,"key":"AttackPotion"},{"floor":19,"key":"Poison Potion"},{"floor":20,"key":"Swift Potion"}],"is_trial":false,"path_per_floor":["M","$","M","$","M","R","M","R","T","M","?","M","R","M","R","B",null,"M","M","M","$","M"],"character_chosen":"IRONCLAD","items_purchased":["Dropkick"],"campfire_rested":0,"item_purchase_floors":[2],"current_hp_per_floor":[80,80,80,80,80,80,80,80,80,74,74,80,80,80,80,10,84,77,78,52,52,48,12],"gold":171,"neow_bonus":"THREE_CARDS","is_prod":false,"is_daily":false,"chose_seed":false,"campfire_upgraded":4,"win_rate":0,"timestamp":1539728666,"path_taken":["M","$","M","$","?","R","M","R","T","M","?","M","R","M","R","BOSS","M","M","M","$","M","E"],"build_version":"2018-10-11","purchased_purges":1,"victory":false,"max_hp_per_floor":[80,80,80,80,80,80,80,80,80,82,82,82,82,84,84,84,84,89,94,99,99,104,107],"card_choices":[{"not_picked":["Reckless Charge","Cleave"],"picked":"Shrug It Off","floor":0},{"not_picked":["Sentinel","Evolve"],"picked":"Thunderclap","floor":1},{"not_picked":["Twin Strike","Clothesline","Perfected Strike"],"picked":"SKIP","floor":3},{"not_picked":["Heavy Blade","Corruption","Evolve"],"picked":"SKIP","floor":5},{"not_picked":["Flex","Warcry","Pommel Strike"],"picked":"SKIP","floor":7},{"not_picked":["Twin Strike","Pummel","Havoc"],"picked":"Singing Bowl","floor":10},{"not_picked":["Disarm","Fire Breathing"],"picked":"Dropkick","floor":12},{"not_picked":["Entrench","Rupture","Iron Wave"],"picked":"Singing Bowl","floor":14},{"not_picked":["Demon Form","Immolate"],"picked":"Feed","floor":16},{"not_picked":["Metallicize","Sword Boomerang","Pommel Strike+1"],"picked":"Singing Bowl","floor":18},{"not_picked":["Bloodletting","Flex+1","Perfected Strike+1"],"picked":"Singing Bowl","floor":19},{"not_picked":["Anger","Headbutt","Evolve"],"picked":"Singing Bowl","floor":20},{"not_picked":["Thunderclap","Headbutt+1","Body Slam"],"picked":"Singing Bowl","floor":22}],"player_experience":631428,"relics_obtained":[{"floor":9,"key":"Singing Bowl"}],"event_choices":[{"event_name":"The Cleric","player_choice":"Card Removal","floor":11,"damage_taken":0}],"is_beta":false,"boss_relics":[{"not_picked":["Black Blood","Velvet Choker"],"picked":"Runic Pyramid"}],"items_purged_floors":[21],"is_endless":false,"potions_floor_spawned":[1,7,19,20],"killed_by":"Slavers","ascension_level":0}