{"path_per_floor":["M","?","?","?","$","R","?","E","T","R","$","$","M","M","R","B",null,"M","?","?","?","$","R","$","R","T","M","M","M","R","M","R","B",null,"M","M","?","M","M","R","M","R","T","?","?","?","R","M","R"],"character_chosen":"IRONCLAD","items_purchased":["Impervious","Bronze Scales"],"gold_per_floor":[116,116,116,116,42,42,70,100,177,177,22,22,40,57,57,162,162,172,172,97,97,97,97,97,97,123,139,153,168,168,183,183,278,278,294,306,352,371,385,385,403,403,403,403,0,0,0,14,14],"floor_reached":50,"campfire_rested":0,"playtime":3131,"current_hp_per_floor":[72,72,72,58,58,58,63,50,50,50,50,50,56,62,62,55,72,63,70,70,70,70,70,70,70,70,76,79,79,79,79,79,31,79,74,71,63,69,61,61,59,59,59,59,59,59,59,65,65],"items_purged":[],"gold":14,"play_id":"a68ea163-421b-467e-9e15-0f34ba806084","is_prod":false,"is_daily":false,"is_ascension_mode":false,"campfire_upgraded":11,"path_taken":["M","?","?","?","$","R","?","E","T","R","?","$","?","M","R","BOSS","M","?","?","?","$","R","$","R","T","M","?","M","R","M","R","BOSS","M","M","?","M","M","R","M","R","T","?","?","?","R","M","R","BOSS"],"build_version":"2018-02-01-PROD3","purchased_purges":0,"victory":false,"master_deck":["Strike_R+1","Strike_R+1","Defend_R+1","Defend_R","Defend_R","Defend_R","Bash","Iron Wave+1","Impervious+1","Body Slam+1","Shockwave+1","Juggernaut+1","Cleave+1","Double Tap+1","Flex+1","Power Through+1","Shrug It Off+1","Body Slam+1","Barricade+1","Metallicize+1","Armaments+1","Shrug It Off+1","Seeing Red+1"],"max_hp_per_floor":[72,72,72,72,72,72,72,72,72,72,72,72,72,72,72,72,72,72,79,79,79,79,79,79,79,79,79,79,79,79,79,79,79,79,79,79,79,79,79,79,79,79,79,79,79,79,79,79,79],"relics":["Burning Blood","Thread and Needle","Odd Mushroom","Ginger","Mummified Hand","Bronze Scales","Astrolabe","Strawberry","Orichalcum","White Beast Statue","Du-Vu Doll","Sundial","Red Mask"],"card_choices":[{"not_picked":["Flex","Clash"],"picked":"Iron Wave"},{"not_picked":["Thunderclap","Twin Strike"],"picked":"Feel No Pain"},{"not_picked":["Fire Breathing","Perfected Strike"],"picked":"Body Slam"},{"not_picked":["Reckless Charge","Anger"],"picked":"Shockwave"},{"not_picked":["Reaper","Demon Form"],"picked":"Juggernaut"},{"not_picked":["Reaper","Searing Blow"],"picked":"Power Through"},{"not_picked":["Thunderclap","Rupture"],"picked":"Shrug It Off"},{"not_picked":["Searing Blow","True Grit"],"picked":"Body Slam"},{"not_picked":["Immolate","Limit Break"],"picked":"Barricade"},{"not_picked":["Perfected Strike","Cleave"],"picked":"Metallicize"},{"not_picked":["Second Wind","Sword Boomerang"],"picked":"Armaments"},{"not_picked":["Clash","Rage"],"picked":"Shrug It Off"},{"not_picked":["Bludgeon","Clash"],"picked":"Seeing Red"}],"player_experience":57361,"potions_floor_usage":[16,18,29,29,33,39,50,50],"damage_taken":[{"damage":0,"enemies":"Jaw Worm","floor":1,"turns":4},{"damage":1,"enemies":"The Mushroom Lair","floor":7,"turns":6},{"damage":19,"enemies":"Gremlin Nob","floor":8,"turns":4},{"damage":0,"enemies":"Small Slimes","floor":13,"turns":3},{"damage":0,"enemies":"2 Louse","floor":14,"turns":2},{"damage":13,"enemies":"Hexaghost","floor":16,"turns":11},{"damage":15,"enemies":"2 Thieves","floor":18,"turns":3},{"damage":0,"enemies":"Chosen","floor":27,"turns":3},{"damage":0,"enemies":"Centurion and Healer","floor":28,"turns":4},{"damage":0,"enemies":"Snake Plant","floor":29,"turns":3},{"damage":1,"enemies":"3 Cultists","floor":31,"turns":4},{"damage":54,"enemies":"Automaton","floor":33,"turns":12},{"damage":11,"enemies":"3 Shapes","floor":35,"turns":5},{"damage":9,"enemies":"3 Darklings","floor":36,"turns":8},{"damage":14,"enemies":"Mysterious Sphere","floor":37,"turns":10},{"damage":0,"enemies":"Maw","floor":38,"turns":8},{"damage":14,"enemies":"Sphere and 2 Shapes","floor":39,"turns":7},{"damage":8,"enemies":"4 Shapes","floor":41,"turns":11},{"damage":0,"enemies":"3 Darklings","floor":48,"turns":5},{"damage":81,"enemies":"Donu and Deca","floor":50,"turns":7}],"event_choices":[{"event_name":"Living Wall","player_choice":"Grow","floor":2,"damage_taken":0},{"event_name":"Golden Wing","player_choice":"Ignored","floor":3,"damage_taken":0},{"event_name":"Shining Light","player_choice":"Entered Light","floor":4,"damage_taken":0},{"event_name":"Mushrooms","player_choice":"Fought Mushrooms","floor":7,"damage_taken":0},{"event_name":"The Mausoleum","player_choice":"Yes","floor":19,"damage_taken":0},{"event_name":"Beggar","player_choice":"Gave Gold","floor":20,"damage_taken":0},{"event_name":"Drug Dealer","player_choice":"Ignored","floor":21,"damage_taken":0},{"event_name":"Mysterious Sphere","player_choice":"Fight","floor":37,"damage_taken":0},{"event_name":"The Woman in Blue","player_choice":"Bought 0 Potions","floor":44,"damage_taken":0},{"event_name":"Tomb of Lord Red Mask","player_choice":"Paid","floor":45,"damage_taken":0},{"event_name":"Upgrade Shrine","player_choice":"Upgraded","floor":46,"damage_taken":0}],"boss_relics":[{"not_picked":["Runic Pyramid","Runic Cube"],"picked":"Astrolabe"},{"not_picked":["Eternal Feather","Cursed Key"],"picked":"White Beast Statue"}],"potions_floor_spawned":[13,14,16,28,29,35,36,37,38,39,41,48],"seed_played":"-2606535951710920380","killed_by":"Donu and Deca","ascension_level":0,"is_trial":false}