{"gold_per_floor":[109,127,137,155,174,174,206,206,251,251,282,296,25,55,55,153,153,171,189,189,189,205,236,236,43,92,118,132,166,177,189,189,294,294,306,5,5,5,21,50,60,88,88,121,174,174,191,216,228,240],"floor_reached":51,"playtime":6109,"items_purged":[],"score":938,"play_id":"1312febb-646c-4115-9447-d2bae03085c5","local_time":"20180806035845","is_ascension_mode":true,"campfire_choices":[{"data":"Blade Dance","floor":6,"key":"SMITH"},{"data":"Backstab","floor":8,"key":"SMITH"},{"data":"Neutralize","floor":10,"key":"SMITH"},{"floor":15,"key":"REST"},{"floor":24,"key":"REST"},{"floor":32,"key":"REST"},{"floor":46,"key":"REST"},{"floor":49,"key":"REST"}],"neow_cost":"","seed_source_timestamp":81388312224892,"circlet_count":0,"master_deck":["Defend_G","Defend_G","Defend_G","Defend_G","Strike_G","Strike_G","Strike_G","Strike_G","Strike_G","Survivor","Neutralize+1","Backstab+1","Outmaneuver","Slice","Blade Dance+1","Dagger Throw","Escape Plan","Acrobatics","Flying Knee","Dark Shackles","Apotheosis","Terror","Envenom","Prepared+1","Quick Slash","Infinite Blades","Footwork","Footwork+1","Slice","Caltrops+1","Adrenaline+1","Deflect","Finisher+1","Endless Agony","Backstab","Prepared+1","Endless Agony+1","Backstab","Underhanded Strike"],"relics":["Ring of the Snake","The Specimen","Juzu Bracelet","Question Card","Strawberry","Runic Pyramid","Paper Crane","Lee\u0027s Waffle","Regal Pillow","Tough Bandages","Unceasing Top","Fusion Hammer","Happy Flower","Bronze Scales","Vajra","Ice Cream","Bird Faced Urn","Pear","StoneCalendar","MawBank"],"potions_floor_usage":[11,14,22,22,27,29,33,33,33,39,42,45,48,50,50],"damage_taken":[{"damage":0,"enemies":"Small Slimes","floor":1,"turns":4},{"damage":0,"enemies":"Cultist","floor":2,"turns":4},{"damage":0,"enemies":"Jaw Worm","floor":3,"turns":4},{"damage":3,"enemies":"Red Slaver","floor":4,"turns":5},{"damage":10,"enemies":"2 Fungi Beasts","floor":5,"turns":3},{"damage":4,"enemies":"3 Sentries","floor":7,"turns":8},{"damage":9,"enemies":"Gremlin Nob","floor":11,"turns":4},{"damage":5,"enemies":"Large Slime","floor":12,"turns":7},{"damage":3,"enemies":"Lagavulin","floor":14,"turns":4},{"damage":18,"enemies":"The Guardian","floor":16,"turns":9},{"damage":20,"enemies":"2 Thieves","floor":18,"turns":4},{"damage":4,"enemies":"Shell Parasite","floor":19,"turns":5},{"damage":10,"enemies":"Centurion and Healer","floor":22,"turns":6},{"damage":27,"enemies":"Gremlin Leader","floor":23,"turns":7},{"damage":5,"enemies":"Book of Stabbing","floor":27,"turns":5},{"damage":0,"enemies":"Snake Plant","floor":28,"turns":4},{"damage":53,"enemies":"Slavers","floor":29,"turns":8},{"damage":12,"enemies":"Sentry and Sphere","floor":30,"turns":6},{"damage":6,"enemies":"Snecko","floor":31,"turns":6},{"damage":22,"enemies":"Collector","floor":33,"turns":9},{"damage":0,"enemies":"3 Shapes","floor":35,"turns":4},{"damage":2,"enemies":"Orb Walker","floor":39,"turns":2},{"damage":7,"enemies":"Giant Head","floor":40,"turns":6},{"damage":29,"enemies":"4 Shapes","floor":41,"turns":4},{"damage":12,"enemies":"2 Orb Walkers","floor":42,"turns":4},{"damage":7,"enemies":"Giant Head","floor":44,"turns":5},{"damage":4,"floor":45,"turns":3},{"damage":11,"enemies":"3 Darklings","floor":47,"turns":3},{"damage":0,"enemies":"Nemesis","floor":48,"turns":4},{"damage":46,"enemies":"Time Eater","floor":50,"turns":7}],"seed_played":"7244426796081439569","potions_obtained":[{"floor":1,"key":"Block Potion"},{"floor":2,"key":"GamblersBrew"},{"floor":7,"key":"GhostInAJar"},{"floor":12,"key":"Block Potion"},{"floor":16,"key":"Weak Potion"},{"floor":19,"key":"Poison Potion"},{"floor":20,"key":"Fruit Juice"},{"floor":20,"key":"GhostInAJar"},{"floor":22,"key":"GhostInAJar"},{"floor":27,"key":"EssenceOfSteel"},{"floor":29,"key":"Poison Potion"},{"floor":30,"key":"PowerPotion"},{"floor":33,"key":"Fruit Juice"},{"floor":39,"key":"Block Potion"},{"floor":41,"key":"Swift Potion"},{"floor":44,"key":"PowerPotion"},{"floor":47,"key":"Block Potion"},{"floor":48,"key":"SteroidPotion"}],"is_trial":false,"path_per_floor":["M","M","M","M","M","R","E","R","T","R","E","M","$","E","R","B",null,"M","M","?","?","M","E","R","$","T","E","M","E","M","M","R","B",null,"M","$","?","$","M","E","M","E","T","E","?","R","M","E","R","B"],"character_chosen":"THE_SILENT","items_purchased":["Dark Shackles","Apotheosis","Lee\u0027s Waffle","Happy Flower","Bronze Scales"],"campfire_rested":5,"item_purchase_floors":[13,13,25,36,36],"current_hp_per_floor":[70,70,70,67,57,57,53,53,53,53,44,39,39,43,66,48,77,57,53,53,53,48,21,45,89,89,84,84,31,19,13,54,32,89,89,89,89,89,92,85,56,44,44,57,57,103,93,101,104,64],"gold":252,"neow_bonus":"","is_prod":false,"is_daily":false,"chose_seed":false,"campfire_upgraded":3,"win_rate":0,"timestamp":1533517125,"path_taken":["M","M","M","M","M","R","E","R","T","R","E","M","$","E","R","BOSS","M","M","?","?","M","E","R","?","T","E","M","E","M","M","R","BOSS","M","$","?","$","M","E","M","E","T","E","?","R","M","E","R","BOSS"],"build_version":"2018-08-02","purchased_purges":0,"victory":true,"max_hp_per_floor":[70,70,70,70,70,70,70,70,70,70,70,70,70,77,77,77,77,77,77,77,77,82,82,82,89,89,89,89,89,89,89,89,89,89,89,89,89,89,94,94,94,94,94,104,104,104,104,104,104,104],"card_choices":[{"not_picked":["Reflex","Prepared"],"picked":"Backstab","floor":1},{"not_picked":["PiercingWail","Catalyst"],"picked":"Outmaneuver","floor":2},{"not_picked":["Unload","Caltrops"],"picked":"Slice","floor":3},{"not_picked":["Masterful Stab","Slice"],"picked":"Blade Dance","floor":4},{"not_picked":["Deadly Poison","Acrobatics"],"picked":"Dagger Throw","floor":5},{"not_picked":["All Out Attack","Dodge and Roll"],"picked":"Escape Plan","floor":7},{"not_picked":["Eviscerate","Outmaneuver"],"picked":"Acrobatics","floor":11},{"not_picked":["Deadly Poison","Heel Hook","Glass Knife"],"picked":"Flying Knee","floor":12},{"not_picked":["Heel Hook","Dagger Spray","Bane"],"picked":"Terror","floor":14},{"not_picked":["Unload","Malaise","Tools of the Trade"],"picked":"Envenom","floor":16},{"not_picked":["Leg Sweep","Acrobatics+1","Caltrops+1"],"picked":"Prepared+1","floor":18},{"not_picked":["Terror","Dagger Throw","Flechettes"],"picked":"Quick Slash","floor":19},{"not_picked":["PiercingWail","Quick Slash","Dagger Throw+1"],"picked":"Infinite Blades","floor":22},{"not_picked":["Acrobatics","Blade Dance+1","Leg Sweep+1"],"picked":"Footwork","floor":23},{"not_picked":["Terror","Dash+1","Eviscerate"],"picked":"Footwork+1","floor":27},{"not_picked":["Catalyst","Terror","All Out Attack","Malaise"],"picked":"SKIP","floor":28},{"not_picked":["Backflip","Terror","Dash","Quick Slash+1"],"picked":"SKIP","floor":29},{"not_picked":["Dagger Throw","Dodge and Roll","Quick Slash"],"picked":"Slice","floor":30},{"not_picked":["Well Laid Plans","Flying Knee","Dodge and Roll"],"picked":"Caltrops+1","floor":31},{"not_picked":["Unload","Tools of the Trade","Burst"],"picked":"Adrenaline","floor":33},{"not_picked":["Outmaneuver","Blur+1","Bouncing Flask"],"picked":"Deflect","floor":35},{"not_picked":["Acrobatics","Underhanded Strike","Deflect+1"],"picked":"Finisher+1","floor":39},{"not_picked":["Outmaneuver","Bouncing Flask","Flying Knee"],"picked":"Endless Agony","floor":40},{"not_picked":["PiercingWail+1","Footwork","Burst","Acrobatics+1"],"picked":"SKIP","floor":41},{"not_picked":["Blur","Blade Dance+1","Backflip+1"],"picked":"Backstab","floor":42},{"not_picked":["Sucker Punch","Dagger Spray+1","Deadly Poison+1"],"picked":"Prepared+1","floor":44},{"not_picked":["Outmaneuver","Dagger Spray+1","Slice+1"],"picked":"Endless Agony+1","floor":45},{"not_picked":["Noxious Fumes+1","Wraith Form v2","Slice+1"],"picked":"Backstab","floor":47},{"not_picked":["Die Die Die","Dagger Spray","Reflex+1"],"picked":"Underhanded Strike","floor":48}],"player_experience":18302,"relics_obtained":[{"floor":7,"key":"The Specimen"},{"floor":9,"key":"Juzu Bracelet"},{"floor":11,"key":"Question Card"},{"floor":14,"key":"Strawberry"},{"floor":23,"key":"Paper Crane"},{"floor":26,"key":"Regal Pillow"},{"floor":27,"key":"Tough Bandages"},{"floor":29,"key":"Unceasing Top"},{"floor":40,"key":"Vajra"},{"floor":42,"key":"Ice Cream"},{"floor":43,"key":"Bird Faced Urn"},{"floor":44,"key":"Pear"},{"floor":45,"key":"StoneCalendar"},{"floor":48,"key":"MawBank"}],"event_choices":[{"event_name":"The Lab","player_choice":"Got Potions","floor":20,"damage_taken":0},{"event_name":"Bonfire Elementals","player_choice":"BASIC","floor":21,"damage_taken":0},{"event_name":"Accursed Blacksmith","player_choice":"Forge","floor":37,"damage_taken":0},{"event_name":"Mysterious Sphere","player_choice":"Fight","floor":45,"damage_taken":0}],"is_beta":false,"boss_relics":[{"not_picked":["Empty Cage","Orrery"],"picked":"Runic Pyramid"},{"not_picked":["Tiny House","Ring of the Serpent"],"picked":"Fusion Hammer"}],"items_purged_floors":[],"is_endless":false,"potions_floor_spawned":[1,2,7,12,16,19,22,27,29,30,33,39,41,44,47,48],"ascension_level":1}