{"path_per_floor":["M","M","M","M","?","E","M","M","T","$","R","M","M","$","R","B",null,"M","$","?","$","M","R","M"],"character_chosen":"THE_SILENT","items_purchased":["Bronze Scales","Deadly Poison","Infinite Blades"],"gold_per_floor":[112,132,142,158,158,198,214,238,238,10,10,24,48,48,48,176,176,197,197,197,111,126,126,142],"floor_reached":25,"campfire_rested":2,"playtime":3186,"current_hp_per_floor":[70,70,70,66,66,13,11,2,2,2,38,36,23,23,59,40,70,65,65,65,65,58,58,38],"items_purged":["Injury"],"gold":142,"score":207,"play_id":"10eca6ad-2f62-467a-be5b-df95355679cc","local_time":"20180308192153","is_prod":false,"is_daily":false,"is_ascension_mode":false,"campfire_upgraded":1,"timestamp":1520554913,"path_taken":["M","M","?","M","?","E","M","M","T","?","R","?","M","$","R","BOSS","M","$","?","$","M","R","?","E"],"build_version":"2018-03-01-PROD1","purchased_purges":2,"victory":false,"master_deck":["Defend_G","Defend_G","Defend_G","Defend_G","Defend_G","Strike_G","Strike_G","Strike_G","Strike_G","Strike_G","Survivor","Neutralize","Deadly Poison","Burst","Bouncing Flask","Bouncing Flask","Endless Agony","Well Laid Plans","Bouncing Flask","After Image+1","Predator+1","Deadly Poison","Infinite Blades","Noxious Fumes"],"max_hp_per_floor":[70,70,70,70,70,70,70,70,70,70,70,70,70,70,70,70,70,70,70,70,70,70,70,70],"relics":["Ring of the Snake","Golden Idol","Regal Pillow","Ninja Scroll","Bronze Scales","The Specimen"],"card_choices":[{"not_picked":["Dagger Throw","Backflip"],"picked":"Deadly Poison"},{"not_picked":["Bane","Outmaneuver"],"picked":"Burst"},{"not_picked":["Prepared","Cloak And Dagger"],"picked":"Bouncing Flask"},{"not_picked":["Malaise","Dodge and Roll"],"picked":"Bouncing Flask"},{"not_picked":["Underhanded Strike","Cloak And Dagger"],"picked":"Endless Agony"},{"not_picked":["Terror","Acrobatics"],"picked":"Well Laid Plans"},{"not_picked":["Cloak And Dagger","Eviscerate"],"picked":"Bouncing Flask"},{"not_picked":["Storm of Steel","A Thousand Cuts"],"picked":"After Image"},{"not_picked":["Dagger Spray","Expertise"],"picked":"Predator"},{"not_picked":["Poisoned Stab","Outmaneuver"],"picked":"Noxious Fumes"}],"player_experience":111983,"potions_floor_usage":[4,6,7,16,22,22,24,25],"damage_taken":[{"damage":0,"enemies":"Cultist","floor":1,"turns":5},{"damage":0,"enemies":"Jaw Worm","floor":2,"turns":4},{"damage":0,"enemies":"2 Louse","floor":3,"turns":2},{"damage":4,"enemies":"2 Fungi Beasts","floor":4,"turns":6},{"damage":53,"enemies":"Gremlin Nob","floor":6,"turns":6},{"damage":2,"enemies":"Exordium Wildlife","floor":7,"turns":5},{"damage":9,"enemies":"Lots of Slimes","floor":8,"turns":7},{"damage":2,"enemies":"Large Slime","floor":12,"turns":5},{"damage":13,"enemies":"Gremlin Gang","floor":13,"turns":3},{"damage":19,"enemies":"Hexaghost","floor":16,"turns":6},{"damage":5,"enemies":"Chosen","floor":18,"turns":4},{"damage":7,"enemies":"2 Thieves","floor":22,"turns":4},{"damage":20,"enemies":"3 Cultists","floor":24,"turns":5},{"damage":47,"enemies":"Gremlin Leader","floor":25,"turns":7}],"event_choices":[{"event_name":"Golden Idol","player_choice":"Take Wound","floor":5,"damage_taken":0},{"event_name":"The Lab","player_choice":"Got Potions","floor":20,"damage_taken":0}],"boss_relics":[{"not_picked":["Astrolabe","Orrery"],"picked":"The Specimen"}],"potions_floor_spawned":[3,6,8,13,24],"seed_played":"756352838939998129","killed_by":"Gremlin Leader","ascension_level":0,"is_trial":false}