{"gold_per_floor":[110,34,109,121,135,135,161,179,179,197,214,214,214],"floor_reached":13,"playtime":905,"items_purged":[],"score":91,"play_id":"62279d3f-8596-4065-b089-fff847134646","local_time":"20181030232503","is_ascension_mode":true,"campfire_choices":[{"data":"Havoc","floor":6,"key":"SMITH"},{"data":"Exhume","floor":12,"key":"SMITH"}],"neow_cost":"NONE","seed_source_timestamp":1800021285009042,"circlet_count":0,"master_deck":["Strike_R","Strike_R","Strike_R","Strike_R","Strike_R","Defend_R","Defend_R","Defend_R","Defend_R","Bash","Exhume+1","Havoc+1","Metallicize","Burning Pact","Intimidate","Shrug It Off","Corruption"],"relics":["Burning Blood","Question Card","Letter Opener"],"potions_floor_usage":[],"damage_taken":[{"damage":2,"enemies":"2 Louse","floor":1,"turns":3},{"damage":1,"enemies":"Jaw Worm","floor":4,"turns":6},{"damage":12,"enemies":"Cultist","floor":5,"turns":5},{"damage":36,"enemies":"3 Sentries","floor":7,"turns":13},{"damage":9,"enemies":"Looter","floor":8,"turns":4},{"damage":14,"enemies":"Large Slime","floor":10,"turns":6},{"damage":10,"enemies":"Lots of Slimes","floor":11,"turns":6},{"damage":33,"enemies":"Exordium Thugs","floor":13,"turns":6}],"seed_played":"-6847965354202673979","potions_obtained":[{"floor":4,"key":"FearPotion"},{"floor":7,"key":"GamblersBrew"},{"floor":8,"key":"Energy Potion"}],"is_trial":false,"path_per_floor":["M","$","?","M","M","R","E","M","T","M","M","R"],"character_chosen":"IRONCLAD","items_purchased":["Metallicize"],"campfire_rested":0,"item_purchase_floors":[2],"current_hp_per_floor":[80,80,69,74,68,68,38,35,35,27,23,23,0],"gold":214,"neow_bonus":"ONE_RANDOM_RARE_CARD","is_prod":false,"is_daily":false,"chose_seed":false,"campfire_upgraded":2,"win_rate":0,"timestamp":1540956303,"path_taken":["M","$","?","?","M","R","E","M","T","M","M","R","M"],"build_version":"2018-10-25v2","purchased_purges":0,"victory":false,"max_hp_per_floor":[80,80,80,80,80,80,80,80,80,80,80,80,80],"card_choices":[{"not_picked":["Twin Strike","Hemokinesis"],"picked":"Havoc","floor":1},{"not_picked":["Power Through","Armaments","Fire Breathing"],"picked":"SKIP","floor":4},{"not_picked":["Body Slam","Ghostly Armor"],"picked":"Burning Pact","floor":5},{"not_picked":["Flame Barrier","Thunderclap"],"picked":"Intimidate","floor":7},{"not_picked":["Dual Wield","Thunderclap","Rage"],"picked":"Shrug It Off","floor":8},{"not_picked":["Uppercut","Rampage","Anger","Iron Wave"],"picked":"SKIP","floor":10},{"not_picked":["Cleave","Flame Barrier","Metallicize"],"picked":"Corruption","floor":11}],"player_experience":710472,"relics_obtained":[{"floor":7,"key":"Question Card"},{"floor":9,"key":"Letter Opener"}],"event_choices":[{"damage_healed":0,"gold_gain":75,"player_choice":"Gather Gold","damage_taken":11,"max_hp_gain":0,"max_hp_loss":0,"event_name":"World of Goop","floor":3,"gold_loss":0}],"is_beta":false,"boss_relics":[],"items_purged_floors":[],"is_endless":false,"potions_floor_spawned":[4,7,8],"killed_by":"Exordium Thugs","ascension_level":1}