{"gold_per_floor":[114,114,134,148,158,191,191,77,77,77,91,106,82,98,98,98],"floor_reached":16,"playtime":1035,"items_purged":["Regret"],"score":104,"play_id":"41692927-7d0b-4273-abf9-c14468dc6e77","local_time":"20181110131052","is_ascension_mode":false,"campfire_choices":[{"floor":7,"key":"REST"},{"floor":15,"key":"REST"}],"neow_cost":"CURSE","seed_source_timestamp":415195990697366,"circlet_count":0,"master_deck":["Strike_B","Strike_B","Strike_B","Strike_B","Defend_B","Defend_B","Defend_B","Defend_B","Zap","Dualcast","Normality","Redo","Tempest","BootSequence","Compile Driver","Multi-Cast","Capacitor+1","Ball Lightning","Static Discharge","Double Energy"],"relics":["Cracked Core","Nunchaku","Pocketwatch","Bottled Flame","Calipers"],"potions_floor_usage":[6,12,16,16],"damage_taken":[{"damage":6,"enemies":"Jaw Worm","floor":1,"turns":3},{"damage":12,"enemies":"Small Slimes","floor":3,"turns":4},{"damage":4,"enemies":"2 Louse","floor":4,"turns":3},{"damage":30,"enemies":"Exordium Thugs","floor":5,"turns":4},{"damage":20,"enemies":"Gremlin Nob","floor":6,"turns":3},{"damage":6,"enemies":"3 Louse","floor":11,"turns":4},{"damage":9,"enemies":"Lots of Slimes","floor":12,"turns":3},{"damage":5,"enemies":"Looter","floor":14,"turns":3},{"damage":35,"enemies":"Slime Boss","floor":16,"turns":6}],"seed_played":"7185684366076481961","potions_obtained":[{"floor":3,"key":"AttackPotion"},{"floor":5,"key":"Dexterity Potion"},{"floor":12,"key":"PowerPotion"},{"floor":14,"key":"FearPotion"}],"is_trial":false,"path_per_floor":["M","?","M","M","M","E","R","$","T","?","M","M","?","M","R","B"],"character_chosen":"DEFECT","items_purchased":["Capacitor"],"campfire_rested":2,"item_purchase_floors":[8],"current_hp_per_floor":[69,69,57,53,23,3,25,25,25,25,19,10,10,5,27,0],"gold":98,"neow_bonus":"ONE_RARE_RELIC","is_prod":false,"is_daily":false,"chose_seed":false,"campfire_upgraded":0,"win_rate":0.0,"timestamp":1541873452,"path_taken":["M","?","M","M","M","E","R","$","T","?","M","M","?","M","R","BOSS"],"build_version":"2018-11-08","purchased_purges":1,"victory":false,"max_hp_per_floor":[75,75,75,75,75,75,75,75,75,75,75,75,75,75,75,75],"card_choices":[{"not_picked":["Steam","Leap"],"picked":"Redo","floor":1},{"not_picked":["Ball Lightning","Sweeping Beam"],"picked":"Tempest","floor":3},{"not_picked":["Blizzard","Stack"],"picked":"BootSequence","floor":4},{"not_picked":["Coolheaded","Redo"],"picked":"Compile Driver","floor":5},{"not_picked":["Leap","Cold Snap"],"picked":"Multi-Cast","floor":6},{"not_picked":["Compile Driver","Conserve Battery"],"picked":"Ball Lightning","floor":11},{"not_picked":["Barrage","Hologram"],"picked":"Static Discharge","floor":12},{"not_picked":["Cold Snap","Tempest"],"picked":"Double Energy","floor":14}],"player_experience":143098,"relics_obtained":[{"floor":6,"key":"Bottled Flame"},{"floor":9,"key":"Calipers"}],"event_choices":[{"damage_healed":0,"gold_gain":0,"player_choice":"Box","damage_taken":0,"relics_obtained":["Pocketwatch"],"max_hp_gain":0,"max_hp_loss":0,"event_name":"Big Fish","floor":2,"gold_loss":0,"cards_obtained":["Regret"]},{"damage_healed":0,"gold_gain":0,"player_choice":"Grow","damage_taken":0,"max_hp_gain":0,"max_hp_loss":0,"event_name":"Living Wall","floor":10,"gold_loss":0,"cards_upgraded":["Capacitor"]},{"damage_healed":0,"gold_gain":0,"player_choice":"Left Gold","damage_taken":0,"max_hp_gain":0,"max_hp_loss":0,"event_name":"World of Goop","floor":13,"gold_loss":24}],"is_beta":false,"boss_relics":[],"items_purged_floors":[8],"is_endless":false,"potions_floor_spawned":[3,5,12,14],"killed_by":"Slime Boss","ascension_level":0}