{"gold_per_floor":[112,37,187,202,219,250,268,301,301,301,301],"floor_reached":11,"playtime":683,"items_purged":[],"score":154,"play_id":"5a5e1499-fc19-4e3a-86f6-47d6526101a5","local_time":"20190116154749","is_ascension_mode":true,"campfire_choices":[{"floor":10,"key":"REST"}],"neow_cost":"NONE","seed_source_timestamp":4408215796988,"circlet_count":0,"master_deck":["AscendersBane","Defend_G","Defend_G","Defend_G","Defend_G","Defend_G","Strike_G","Strike_G","Strike_G","Strike_G","Survivor","Neutralize","Cloak And Dagger","Doubt","Deadly Poison","Catalyst","Catalyst","Poisoned Stab","Catalyst"],"special_seed":0,"relics":["Philosopher\u0027s Stone","Ancient Tea Set","Bag of Marbles","Blue Candle"],"potions_floor_usage":[8,11],"damage_taken":[{"damage":3.0,"enemies":"Jaw Worm","floor":1.0,"turns":6.0},{"damage":5.0,"enemies":"Small Slimes","floor":4.0,"turns":6.0},{"damage":0.0,"enemies":"Cultist","floor":5.0,"turns":4.0},{"damage":33.0,"enemies":"3 Sentries","floor":6.0,"turns":12.0},{"damage":5.0,"enemies":"Blue Slaver","floor":7.0,"turns":6.0},{"damage":9,"enemies":"Gremlin Nob","floor":8,"turns":3},{"damage":27,"enemies":"3 Sentries","floor":11,"turns":8}],"seed_played":"4013934747076405330","potions_obtained":[{"floor":4.0,"key":"SteroidPotion"},{"floor":6.0,"key":"Poison Potion"},{"floor":7.0,"key":"GamblersBrew"}],"is_trial":false,"path_per_floor":["M","?","?","M","M","E","M","E","T","R","E"],"character_chosen":"THE_SILENT","items_purchased":[],"campfire_rested":1,"item_purchase_floors":[],"current_hp_per_floor":[56,56,56,51,51,18,13,4,4,23,0],"gold":301,"neow_bonus":"BOSS_RELIC","is_prod":false,"is_daily":false,"chose_seed":false,"campfire_upgraded":0,"win_rate":0,"timestamp":1547646469,"path_taken":["M","?","?","M","M","E","M","E","T","R","E"],"build_version":"2019-01-10","purchased_purges":0,"victory":false,"max_hp_per_floor":[66,66,66,66,66,66,66,66,66,66,66],"card_choices":[{"not_picked":["Blade Dance","Backflip"],"picked":"Cloak And Dagger","floor":1.0},{"not_picked":["Infinite Blades","Underhanded Strike"],"picked":"Deadly Poison","floor":4.0},{"not_picked":["Reflex","Prepared"],"picked":"Catalyst","floor":5.0},{"not_picked":["Endless Agony","Phantasmal Killer"],"picked":"Catalyst","floor":6.0},{"not_picked":["Dagger Spray","PiercingWail"],"picked":"Poisoned Stab","floor":7.0},{"not_picked":["Wraith Form v2","Blade Dance"],"picked":"Catalyst","floor":8}],"player_experience":306982,"relics_obtained":[{"floor":6.0,"key":"Ancient Tea Set"},{"floor":8,"key":"Bag of Marbles"},{"floor":9,"key":"Blue Candle"}],"event_choices":[{"cards_removed":["Strike_G"],"damage_healed":0.0,"max_hp_gain":0.0,"max_hp_loss":0.0,"gold_gain":0.0,"event_name":"The Cleric","player_choice":"Card Removal","floor":2.0,"gold_loss":75.0,"damage_taken":0.0},{"damage_healed":0.0,"max_hp_gain":0.0,"max_hp_loss":0.0,"gold_gain":150.0,"event_name":"Liars Game","player_choice":"AGREE","floor":3.0,"gold_loss":0.0,"damage_taken":0.0,"cards_obtained":["Doubt"]}],"is_beta":false,"boss_relics":[],"items_purged_floors":[],"is_endless":false,"potions_floor_spawned":[4,6,7],"killed_by":"3 Sentries","ascension_level":17}