{"gold_per_floor":[109,89,164,178,194,194,226,236,263,277,277,210,210],"floor_reached":13,"playtime":705,"items_purged":[],"score":85,"play_id":"5efd89b5-3a13-4816-8d2e-576b8224e77f","local_time":"20181011214610","is_ascension_mode":false,"campfire_choices":[{"data":"Redo","floor":6,"key":"SMITH"}],"neow_cost":"NONE","seed_source_timestamp":100551501691394,"circlet_count":0,"master_deck":["Strike_B","Strike_B","Strike_B","Strike_B","Defend_B","Defend_B","Defend_B","Defend_B","Zap","Dualcast","Reprogram","Sweeping Beam","Redo+1","Coolheaded","Seek+1","Self Repair"],"relics":["Cracked Core","Art of War","PreservedInsect"],"potions_floor_usage":[5,7,13,13],"damage_taken":[{"damage":7,"enemies":"2 Louse","floor":1,"turns":3},{"damage":0,"enemies":"Cultist","floor":4,"turns":3},{"damage":5,"enemies":"Jaw Worm","floor":5,"turns":3},{"damage":26,"enemies":"Lagavulin","floor":7,"turns":7},{"damage":11,"enemies":"3 Louse","floor":8,"turns":2},{"damage":18,"enemies":"Gremlin Gang","floor":10,"turns":5},{"damage":14,"enemies":"Gremlin Nob","floor":13,"turns":2}],"seed_played":"-7992724336096106400","potions_obtained":[{"floor":2,"key":"AttackPotion"},{"floor":4,"key":"Weak Potion"},{"floor":5,"key":"FearPotion"},{"floor":10,"key":"FocusPotion"}],"is_trial":false,"path_per_floor":["M","?","?","M","M","R","E","M","T","M","?","$"],"character_chosen":"DEFECT","items_purchased":["Self Repair"],"campfire_rested":0,"item_purchase_floors":[12],"current_hp_per_floor":[68,68,61,61,56,56,30,19,19,1,1,1,0],"gold":210,"neow_bonus":"THREE_CARDS","is_prod":false,"is_daily":false,"chose_seed":false,"campfire_upgraded":1,"win_rate":0,"timestamp":1539290770,"path_taken":["M","?","?","M","M","R","E","?","T","M","?","$","E"],"build_version":"2018-10-04v2","purchased_purges":0,"victory":false,"max_hp_per_floor":[75,75,75,75,75,75,75,75,75,75,75,75,75],"card_choices":[{"not_picked":["Hologram","Stack"],"picked":"Reprogram","floor":0},{"not_picked":["Streamline","Sunder"],"picked":"Sweeping Beam","floor":1},{"not_picked":["Stack","Fusion"],"picked":"Redo","floor":4},{"not_picked":["Reinforced Body","Turbo"],"picked":"Coolheaded","floor":5},{"not_picked":["Consume","Recycle"],"picked":"Seek","floor":7},{"not_picked":["Blizzard","Streamline","Barrage"],"picked":"SKIP","floor":8},{"not_picked":["Chaos","Compile Driver","Fusion"],"picked":"SKIP","floor":10}],"player_experience":204811,"relics_obtained":[{"floor":7,"key":"Art of War"},{"floor":9,"key":"PreservedInsect"}],"event_choices":[{"event_name":"The Woman in Blue","player_choice":"Bought 1 Potion","floor":2,"damage_taken":0},{"event_name":"FaceTrader","player_choice":"Touch","floor":3,"damage_taken":0},{"event_name":"Living Wall","player_choice":"Grow","floor":11,"damage_taken":0}],"is_beta":false,"boss_relics":[],"items_purged_floors":[],"is_endless":false,"potions_floor_spawned":[4,5,10],"killed_by":"Gremlin Nob","ascension_level":0}