{"gold_per_floor":[109,34,50,63,75,75,100,100,100,0,0,31,31,49,49,120,120,138,61,61,72,72,99,99,134,158,158,183,1,1,1,1,72,72,92,1091,1091,1102,1102,1102,1130,1141,1165,1165,1200,1200,1226,1238,1238,1238,1238],"floor_reached":51,"playtime":3241,"items_purged":["Strike_R","Strike_R","Writhe"],"score":1594,"play_id":"48d4c42d-30a9-4376-a814-6fa30bad082f","local_time":"20181228093803","is_ascension_mode":true,"campfire_choices":[{"data":"Bash","floor":6,"key":"SMITH"},{"data":"Inflame","floor":8,"key":"SMITH"},{"data":"Twin Strike","floor":11,"key":"SMITH"},{"data":"Whirlwind","floor":13,"key":"SMITH"},{"data":"Whirlwind","floor":15,"key":"SMITH"},{"data":"Inflame","floor":27,"key":"SMITH"},{"floor":32,"key":"REST"},{"data":"Feel No Pain","floor":40,"key":"SMITH"},{"data":"Burning Pact","floor":44,"key":"SMITH"},{"floor":46,"key":"REST"},{"floor":49,"key":"RECALL"}],"neow_cost":"NONE","seed_source_timestamp":568367470270355,"circlet_count":0,"master_deck":["AscendersBane","Strike_R","Strike_R","Defend_R","Defend_R","Defend_R","Defend_R","Bash+1","Spot Weakness","Twin Strike+1","Flame Barrier","Shrug It Off","Inflame+1","Whirlwind+1","Whirlwind+1","Offering","Anger","Burning Pact+1","Inflame+1","True Grit","Shockwave","Normality","Feel No Pain+1","Corruption","Uppercut"],"relics":["Burning Blood","Ornamental Fan","Sundial","Singing Bowl","Busted Crown","Bag of Preparation","Vajra","Gremlin Horn","Omamori","The Courier","Necronomicon","Velvet Choker","Oddly Smooth Stone","Mercury Hourglass","Potion Belt"],"potions_floor_usage":[7,23,28,28,35,50],"damage_taken":[{"damage":1,"enemies":"Cultist","floor":1,"turns":4},{"damage":2,"enemies":"2 Louse","floor":3,"turns":3},{"damage":9,"enemies":"Small Slimes","floor":4,"turns":4},{"damage":10,"enemies":"2 Fungi Beasts","floor":5,"turns":4},{"damage":1,"enemies":"Lagavulin","floor":7,"turns":8},{"damage":27,"enemies":"Gremlin Nob","floor":12,"turns":4},{"damage":4,"enemies":"Exordium Thugs","floor":14,"turns":3},{"damage":17,"enemies":"Slime Boss","floor":16,"turns":6},{"damage":20,"enemies":"Shell Parasite","floor":18,"turns":4},{"damage":17,"enemies":"Spheric Guardian","floor":21,"turns":5},{"damage":31,"enemies":"Slavers","floor":23,"turns":4},{"damage":0,"enemies":"Gremlin Leader","floor":25,"turns":3},{"damage":38,"enemies":"Book of Stabbing","floor":28,"turns":3},{"damage":31,"enemies":"Automaton","floor":33,"turns":5},{"damage":16,"enemies":"3 Shapes","floor":35,"turns":2},{"damage":0,"enemies":"3 Darklings","floor":38,"turns":1},{"damage":17,"enemies":"Nemesis","floor":41,"turns":3},{"damage":3,"enemies":"4 Shapes","floor":42,"turns":26},{"damage":42,"enemies":"Giant Head","floor":45,"turns":5},{"damage":22,"enemies":"Reptomancer","floor":47,"turns":3},{"damage":0,"enemies":"Maw","floor":48,"turns":3},{"damage":34,"enemies":"Time Eater","floor":50,"turns":7},{"damage":30,"enemies":"Donu and Deca","floor":51,"turns":3}],"seed_played":"8534443228824529217","potions_obtained":[{"floor":1,"key":"Fire Potion"},{"floor":5,"key":"PowerPotion"},{"floor":12,"key":"AttackPotion"},{"floor":18,"key":"Regen Potion"},{"floor":23,"key":"SneckoOil"},{"floor":33,"key":"Fire Potion"},{"floor":41,"key":"Weak Potion"},{"floor":45,"key":"SpeedPotion"},{"floor":47,"key":"SpeedPotion"}],"is_trial":false,"path_per_floor":["M","$","M","M","M","R","E","R","T","$","R","E","R","M","R","B",null,"M","$","?","M","?","E","?","E","T","R","E","$","?","?","R","B",null,"M","?","?","M","?","R","E","M","T","R","E","R","E","M","R","B","B"],"character_chosen":"IRONCLAD","items_purchased":["Burning Pact","True Grit","Shockwave"],"campfire_rested":2,"item_purchase_floors":[19,29,29],"current_hp_per_floor":[80,80,82,79,75,75,80,80,80,80,80,59,59,61,61,50,74,60,60,60,51,51,40,40,48,48,48,18,18,36,15,41,18,72,64,64,64,72,72,72,63,68,68,68,32,61,45,53,53,25,0],"gold":1238,"neow_bonus":"TEN_PERCENT_HP_BONUS","is_prod":false,"is_daily":false,"chose_seed":false,"campfire_upgraded":8,"win_rate":0,"timestamp":1546018683,"path_taken":["M","$","M","M","M","R","E","R","T","?","R","E","R","M","R","BOSS","M","$","?","M","?","E","?","E","T","R","E","$","?","?","R","BOSS","M","?","?","?","?","R","E","M","T","R","E","R","E","M","R","BOSS","BOSS"],"build_version":"2018-12-25","purchased_purges":3,"victory":false,"max_hp_per_floor":[82,82,82,82,82,82,82,82,82,82,82,82,82,82,82,82,82,82,82,82,84,84,84,84,86,86,86,88,88,88,88,88,90,90,92,92,92,94,94,94,96,98,98,98,98,98,98,100,100,100,100],"card_choices":[{"not_picked":["Seeing Red","Shrug It Off"],"picked":"Spot Weakness","floor":1},{"not_picked":["Sentinel","Heavy Blade"],"picked":"Twin Strike","floor":3},{"not_picked":["Bloodletting","Intimidate"],"picked":"Flame Barrier","floor":4},{"not_picked":["Warcry","Heavy Blade"],"picked":"Shrug It Off","floor":5},{"not_picked":["Iron Wave","Infernal Blade"],"picked":"Inflame","floor":7},{"not_picked":["Reckless Charge","Demon Form"],"picked":"Whirlwind","floor":12},{"not_picked":["Wild Strike","Thunderclap"],"picked":"Whirlwind","floor":14},{"not_picked":["Dark Embrace","Barricade"],"picked":"Offering","floor":16},{"not_picked":[],"picked":"Anger","floor":18},{"not_picked":["Wild Strike"],"picked":"Singing Bowl","floor":21},{"not_picked":[],"picked":"Inflame","floor":23},{"not_picked":["Double Tap"],"picked":"Singing Bowl","floor":25},{"not_picked":["Infernal Blade"],"picked":"Singing Bowl","floor":28},{"not_picked":["Berserk"],"picked":"Singing Bowl","floor":33},{"not_picked":["Iron Wave"],"picked":"Singing Bowl","floor":35},{"not_picked":["Body Slam"],"picked":"Singing Bowl","floor":38},{"not_picked":["Sword Boomerang"],"picked":"Singing Bowl","floor":41},{"not_picked":["Body Slam"],"picked":"Singing Bowl","floor":42},{"not_picked":[],"picked":"Corruption","floor":45},{"not_picked":[],"picked":"Uppercut","floor":47},{"not_picked":["Intimidate"],"picked":"Singing Bowl","floor":48}],"player_experience":4083431,"relics_obtained":[{"floor":7,"key":"Ornamental Fan"},{"floor":9,"key":"Sundial"},{"floor":12,"key":"Singing Bowl"},{"floor":23,"key":"Bag of Preparation"},{"floor":25,"key":"Gremlin Horn"},{"floor":26,"key":"Omamori"},{"floor":28,"key":"The Courier"},{"floor":31,"key":"Necronomicon"},{"floor":41,"key":"Oddly Smooth Stone"},{"floor":45,"key":"Mercury Hourglass"},{"floor":47,"key":"Potion Belt"}],"event_choices":[{"damage_healed":0,"gold_gain":0,"player_choice":"Ignored","damage_taken":0,"max_hp_gain":0,"max_hp_loss":0,"event_name":"Beggar","floor":22,"gold_loss":0},{"damage_healed":0,"gold_gain":0,"player_choice":"Opened","damage_taken":0,"relics_obtained":["Vajra"],"max_hp_gain":0,"max_hp_loss":0,"event_name":"The Mausoleum","floor":24,"gold_loss":0,"cards_obtained":["Writhe"]},{"damage_healed":18,"gold_gain":0,"player_choice":"Heal","damage_taken":0,"max_hp_gain":0,"max_hp_loss":0,"event_name":"The Library","floor":30,"gold_loss":0},{"damage_healed":0,"gold_gain":0,"player_choice":"Obtained Book","damage_taken":21,"max_hp_gain":0,"max_hp_loss":0,"event_name":"Cursed Tome","floor":31,"gold_loss":0},{"damage_healed":0,"gold_gain":999,"player_choice":"Gold","damage_taken":0,"max_hp_gain":0,"max_hp_loss":0,"event_name":"MindBloom","floor":36,"gold_loss":0,"cards_obtained":["Normality","Normality"]},{"damage_healed":0,"gold_gain":0,"player_choice":"Ignored","damage_taken":0,"max_hp_gain":0,"max_hp_loss":0,"event_name":"Tomb of Lord Red Mask","floor":37,"gold_loss":0},{"damage_healed":0,"gold_gain":0,"cards_transformed":["Strike_R"],"player_choice":"Transformed","damage_taken":0,"max_hp_gain":0,"max_hp_loss":0,"event_name":"Transmorgrifier","floor":39,"gold_loss":0,"cards_obtained":["Feel No Pain"]}],"is_beta":true,"boss_relics":[{"not_picked":["White Beast Statue","Empty Cage"],"picked":"Busted Crown"},{"not_picked":["Snecko Eye","Black Blood"],"picked":"Velvet Choker"}],"items_purged_floors":[2,10,29],"is_endless":false,"potions_floor_spawned":[1,5,12,18,23,33,41,45,47],"killed_by":"Donu and Deca","ascension_level":20}