{"gold_per_floor":[109,126,144,144,19,19,44,44,116,143,158,158,174,192,192,192],"floor_reached":16,"playtime":1270,"items_purged":["Strike_R"],"score":185,"play_id":"ccbbbbe8-9e74-41fe-97a6-069fd8e0e5e8","local_time":"20190219144556","is_ascension_mode":true,"campfire_choices":[{"data":"Armaments","floor":6,"key":"SMITH"},{"floor":8,"key":"REST"},{"floor":12,"key":"REST"},{"data":"Armaments","floor":15,"key":"SMITH"}],"neow_cost":"NONE","seed_source_timestamp":449185152899900,"circlet_count":0,"master_deck":["AscendersBane","Strike_R+1","Strike_R","Strike_R","Strike_R","Defend_R","Defend_R","Defend_R","Defend_R","Bash","Uppercut+1","Searing Blow","Body Slam+1","Corruption","Armaments+1","Twin Strike","Inflame","Armaments+1"],"relics":["Burning Blood","Whetstone","Shuriken","Bag of Marbles"],"potions_floor_usage":[10,16],"damage_taken":[{"damage":0,"enemies":"Small Slimes","floor":1,"turns":3},{"damage":7,"enemies":"Jaw Worm","floor":2,"turns":3},{"damage":6,"enemies":"2 Louse","floor":3,"turns":3},{"damage":44,"enemies":"3 Sentries","floor":7,"turns":13},{"damage":29,"enemies":"Gremlin Nob","floor":10,"turns":5},{"damage":12,"enemies":"Looter","floor":11,"turns":3},{"damage":6,"enemies":"Exordium Wildlife","floor":13,"turns":3},{"damage":8,"enemies":"Blue Slaver","floor":14,"turns":3},{"damage":59,"enemies":"Slime Boss","floor":16,"turns":11}],"seed_played":"-1001554098313868152","potions_obtained":[{"floor":3,"key":"Strength Potion"},{"floor":7,"key":"LiquidBronze"},{"floor":10,"key":"Poison Potion"}],"is_trial":false,"path_per_floor":["M","M","M","?","$","R","E","R","T","E","M","R","M","M","R","B"],"character_chosen":"IRONCLAD","items_purchased":["Armaments"],"campfire_rested":2,"item_purchase_floors":[5],"current_hp_per_floor":[78,77,77,77,77,77,39,63,63,40,34,58,58,56,56,0],"gold":192,"neow_bonus":"THREE_CARDS","is_prod":false,"is_daily":false,"chose_seed":false,"campfire_upgraded":2,"win_rate":0,"timestamp":1550605556,"path_taken":["M","M","M","?","$","R","E","R","T","E","M","R","M","M","R","BOSS"],"build_version":"2019-01-23","purchased_purges":1,"victory":false,"max_hp_per_floor":[80,80,80,80,80,80,80,80,80,80,80,80,80,80,80,80],"card_choices":[{"not_picked":["Cleave","Thunderclap"],"picked":"Uppercut","floor":0},{"not_picked":["Heavy Blade","Clash"],"picked":"Searing Blow","floor":1},{"not_picked":["Reckless Charge","Power Through"],"picked":"Body Slam","floor":2},{"not_picked":["Pommel Strike","Rampage"],"picked":"Corruption","floor":3},{"not_picked":["Perfected Strike","Blood for Blood","Searing Blow"],"picked":"SKIP","floor":7},{"not_picked":["Heavy Blade","Wild Strike"],"picked":"Twin Strike","floor":10},{"not_picked":["Fire Breathing","Shrug It Off"],"picked":"Inflame","floor":11},{"not_picked":["True Grit","Dropkick"],"picked":"Armaments","floor":13},{"not_picked":["Flex","Combust","Clash"],"picked":"SKIP","floor":14}],"player_experience":1241568,"relics_obtained":[{"floor":7,"key":"Whetstone"},{"floor":9,"key":"Shuriken"},{"floor":10,"key":"Bag of Marbles"}],"event_choices":[{"damage_healed":0,"gold_gain":0,"player_choice":"Grow","damage_taken":0,"max_hp_gain":0,"max_hp_loss":0,"event_name":"Living Wall","floor":4,"gold_loss":0,"cards_upgraded":["Uppercut"]}],"is_beta":false,"boss_relics":[],"items_purged_floors":[5],"is_endless":false,"potions_floor_spawned":[3,7,10,14],"killed_by":"Slime Boss","ascension_level":13}