{"gold_per_floor":[109,109,14,14,29,29,50,131,158,83,83,108,123,123,123,242,242,255,273,306,324,349,349,370,370,370,395,138,159,34,34,34,164,164,177,101,117,46,171,171,186,186,186,186,519,519,529,541,541,541],"floor_reached":51,"playtime":3846,"items_purged":["Strike_R","Strike_R","Defend_R"],"score":764,"play_id":"c3691562-89f0-4411-b785-a8bc636c0bfb","local_time":"20190131215144","is_ascension_mode":false,"campfire_choices":[{"data":"True Grit","floor":6,"key":"SMITH"},{"data":"Finesse","floor":11,"key":"SMITH"},{"floor":15,"key":"REST"},{"floor":23,"key":"REST"},{"floor":25,"key":"REST"},{"data":"Offering","floor":32,"key":"SMITH"},{"data":"Pommel Strike","floor":42,"key":"SMITH"},{"data":"Dropkick","floor":44,"key":"SMITH"},{"data":"Defend_R","floor":46,"key":"SMITH"},{"floor":49,"key":"REST"}],"neow_cost":"NONE","seed_source_timestamp":1957223899862247,"circlet_count":0,"master_deck":["Strike_R","Strike_R+1","Defend_R","Defend_R","Defend_R+1","Bash+1","True Grit+1","Finesse+1","Offering+1","Pommel Strike+1","Feed","Warcry+1","Disarm+1","Disarm+1","Disarm+1","Warcry+1","Disarm+1","Dropkick+1","Warcry+1","Dropkick","Dropkick+1","Parasite"],"relics":["Burning Blood","FossilizedHelix","Dream Catcher","Toxic Egg 2","White Beast Statue","Red Mask","Self Forming Clay","Strawberry","Orrery","Bird Faced Urn","Kunai"],"potions_floor_usage":[16,20,22,22,22,33],"damage_taken":[{"damage":8,"enemies":"Jaw Worm","floor":1,"turns":3},{"damage":4,"enemies":"Small Slimes","floor":5,"turns":3},{"damage":3,"enemies":"2 Louse","floor":7,"turns":3},{"damage":14,"enemies":"Gremlin Nob","floor":8,"turns":4},{"damage":0,"enemies":"Looter","floor":12,"turns":3},{"damage":6,"enemies":"3 Louse","floor":13,"turns":3},{"damage":50,"enemies":"Hexaghost","floor":16,"turns":12},{"damage":28,"enemies":"Shell Parasite","floor":18,"turns":6},{"damage":25,"enemies":"Spheric Guardian","floor":19,"turns":5},{"damage":12,"enemies":"Masked Bandits","floor":20,"turns":5},{"damage":8,"enemies":"Snake Plant","floor":21,"turns":5},{"damage":49,"enemies":"Sentry and Sphere","floor":22,"turns":9},{"damage":8,"enemies":"Centurion and Healer","floor":24,"turns":9},{"damage":0,"enemies":"Snake Plant","floor":27,"turns":6},{"damage":14,"enemies":"Shelled Parasite and Fungi","floor":29,"turns":8},{"damage":6,"enemies":"Colosseum Slavers","floor":31,"turns":6},{"damage":6,"enemies":"Champ","floor":33,"turns":7},{"damage":23,"enemies":"3 Darklings","floor":35,"turns":9},{"damage":21,"enemies":"Orb Walker","floor":37,"turns":6},{"damage":0,"enemies":"Mind Bloom Boss Battle","floor":39,"turns":9},{"damage":6,"enemies":"Writhing Mass","floor":41,"turns":9},{"damage":6,"enemies":"Spire Growth","floor":47,"turns":4},{"damage":12,"enemies":"Transient","floor":48,"turns":5},{"damage":39,"enemies":"Time Eater","floor":50,"turns":15}],"seed_played":"7583994708790437401","potions_obtained":[{"floor":7,"key":"Fire Potion"},{"floor":12,"key":"Fire Potion"},{"floor":13,"key":"Strength Potion"},{"floor":18,"key":"Block Potion"},{"floor":19,"key":"PowerPotion"},{"floor":20,"key":"BloodPotion"},{"floor":22,"key":"Fire Potion"},{"floor":24,"key":"Poison Potion"},{"floor":27,"key":"BloodPotion"},{"floor":33,"key":"Swift Potion"}],"is_trial":false,"path_per_floor":["M","?","$","?","M","R","M","?","T","$","R","M","M","T","R","B",null,"M","M","?","M","M","R","M","R","T","M","$","M","$","?","R","B",null,"M","$","M","$","?","?","M","R","T","R","?","R","M","M","R","B",null],"character_chosen":"IRONCLAD","items_purchased":["Finesse","Strawberry","Dropkick","Dropkick"],"campfire_rested":4,"item_purchase_floors":[3,28,36,38],"current_hp_per_floor":[78,62,62,42,44,44,47,39,39,39,39,45,45,45,69,25,80,61,45,42,40,9,36,37,65,65,74,81,76,76,79,79,82,114,97,97,82,82,88,88,91,91,91,91,91,91,91,85,117,84],"gold":541,"neow_bonus":"REMOVE_CARD","is_prod":false,"is_daily":false,"chose_seed":false,"campfire_upgraded":6,"win_rate":0,"timestamp":1548989504,"path_taken":["M","?","$","?","M","R","M","?","T","?","R","M","M","?","R","BOSS","M","M","?","M","M","R","M","R","T","M","$","M","$","?","R","BOSS","M","$","M","$","?","?","M","R","T","R","?","R","M","M","R","BOSS"],"build_version":"2019-01-23","purchased_purges":3,"victory":true,"max_hp_per_floor":[80,80,80,80,80,80,80,80,80,80,80,80,80,80,80,80,80,83,86,89,89,92,92,95,95,95,98,105,108,108,111,111,114,114,114,114,114,114,114,114,117,117,117,117,117,117,117,117,117,117],"card_choices":[{"not_picked":["Clothesline","Evolve"],"picked":"True Grit","floor":1},{"not_picked":["Havoc","Sword Boomerang","Heavy Blade"],"picked":"SKIP","floor":5},{"not_picked":["Body Slam","Iron Wave","Flex"],"picked":"SKIP","floor":7},{"not_picked":["Sword Boomerang","Feel No Pain"],"picked":"Offering","floor":12},{"not_picked":["Cleave","Wild Strike"],"picked":"Pommel Strike","floor":13},{"not_picked":["Impervious+1","Demon Form"],"picked":"Feed","floor":16},{"not_picked":["Sword Boomerang+1","Iron Wave"],"picked":"Warcry+1","floor":18},{"not_picked":["Inflame+1","Headbutt"],"picked":"Disarm+1","floor":19},{"not_picked":["Armaments+1","Flex+1"],"picked":"Disarm+1","floor":21},{"not_picked":["Headbutt","Clash"],"picked":"Disarm+1","floor":22},{"not_picked":["Spot Weakness+1","Evolve"],"picked":"Warcry+1","floor":23},{"not_picked":["Ghostly Armor+1","Twin Strike"],"picked":"Disarm+1","floor":24},{"not_picked":["Rage+1","Whirlwind","Havoc+1"],"picked":"SKIP","floor":27},{"not_picked":["Ghostly Armor+1","Reaper"],"picked":"Dropkick+1","floor":29},{"not_picked":["Clothesline","Havoc+1"],"picked":"Warcry+1","floor":34},{"not_picked":["Body Slam","Clothesline","Sentinel+1"],"picked":"SKIP","floor":35},{"not_picked":["Armaments+1","Disarm+1","Anger"],"picked":"SKIP","floor":37},{"not_picked":["Iron Wave+1","Combust","Corruption"],"picked":"SKIP","floor":41},{"not_picked":["Sentinel+1","Sword Boomerang+1","Berserk"],"picked":"SKIP","floor":47},{"not_picked":["Thunderclap+1","Fire Breathing","Anger+1"],"picked":"SKIP","floor":48}],"player_experience":975335,"relics_obtained":[{"floor":8,"key":"FossilizedHelix"},{"floor":9,"key":"Dream Catcher"},{"floor":14,"key":"Toxic Egg 2"},{"floor":20,"key":"Red Mask"},{"floor":26,"key":"Self Forming Clay"},{"floor":39,"key":"Bird Faced Urn"},{"floor":43,"key":"Kunai"}],"event_choices":[{"damage_healed":0,"gold_gain":0,"player_choice":"Entered Light","damage_taken":16,"max_hp_gain":0,"max_hp_loss":0,"event_name":"Shining Light","floor":2,"gold_loss":0,"cards_upgraded":["Strike_R","Bash"]},{"damage_healed":0,"gold_gain":0,"player_choice":"Take Damage","damage_taken":20,"relics_obtained":["Golden Idol"],"max_hp_gain":0,"max_hp_loss":0,"event_name":"Golden Idol","floor":4,"gold_loss":0},{"damage_healed":0,"gold_gain":0,"player_choice":"Searched \u00271\u0027 times","damage_taken":0,"max_hp_gain":0,"max_hp_loss":0,"event_name":"Dead Adventurer","floor":8,"gold_loss":0},{"damage_healed":0,"gold_gain":0,"player_choice":"Fought Bandits","damage_taken":0,"max_hp_gain":0,"max_hp_loss":0,"event_name":"Masked Bandits","floor":20,"gold_loss":0},{"damage_healed":0,"gold_gain":0,"player_choice":"Fight","damage_taken":0,"max_hp_gain":0,"max_hp_loss":0,"event_name":"Colosseum","floor":31,"gold_loss":0},{"damage_healed":0,"gold_gain":0,"player_choice":"Fled From Nobs","damage_taken":0,"max_hp_gain":0,"max_hp_loss":0,"event_name":"Colosseum","floor":31,"gold_loss":0},{"damage_healed":0,"gold_gain":0,"player_choice":"Fight","damage_taken":0,"max_hp_gain":0,"max_hp_loss":0,"event_name":"MindBloom","floor":39,"gold_loss":0},{"damage_healed":0,"gold_gain":0,"player_choice":"Ignored","damage_taken":0,"max_hp_gain":0,"max_hp_loss":0,"event_name":"Mysterious Sphere","floor":40,"gold_loss":0},{"damage_healed":0,"gold_gain":333,"player_choice":"Gave Idol","damage_taken":0,"max_hp_gain":0,"max_hp_loss":0,"event_name":"The Moai Head","floor":45,"relics_lost":["Golden Idol"],"gold_loss":0}],"is_beta":false,"boss_relics":[{"not_picked":["Eternal Feather","Velvet Choker"],"picked":"White Beast Statue"},{"not_picked":["Busted Crown","Tiny House"],"picked":"Orrery"}],"items_purged_floors":[10,28,30],"is_endless":false,"potions_floor_spawned":[7,12,13,18,19,20,21,22,24,27,29,31,33,35,37,39,41,47,48],"ascension_level":0}