{"gold_per_floor":[116,129,149,49,49,78,78,78,103,121,141,141,66,81,81,181,181,194,293,218,218,243,158,158,177,200,230,258,270,282,305,317,329],"floor_reached":33,"playtime":2616,"items_purged":["Strike_G"],"score":247,"play_id":"10ab6196-c657-4f02-995c-e14ae885ee25","local_time":"20190113205037","is_ascension_mode":false,"campfire_choices":[{"data":"Footwork","floor":7,"key":"SMITH"},{"data":"Neutralize","floor":12,"key":"SMITH"},{"data":"Catalyst","floor":15,"key":"SMITH"},{"data":"After Image","floor":24,"key":"SMITH"},{"floor":30,"key":"REST"},{"floor":32,"key":"REST"}],"neow_cost":"NONE","seed_source_timestamp":26505060195377,"circlet_count":0,"master_deck":["Defend_G","Defend_G","Defend_G","Defend_G","Strike_G","Strike_G","Strike_G","Survivor","Neutralize+1","Poisoned Stab","Cloak And Dagger","Backflip","Footwork+1","Deflect","Catalyst+1","Bane","Blade Dance","After Image+1","Poisoned Stab+1","Deflect+1","Corpse Explosion","Deflect"],"relics":["Ring of the Snake","NeowsBlessing","Bronze Scales","Snake Skull","Sozu","Red Mask","Art of War","MawBank","The Courier"],"potions_floor_usage":[6,14,14,16],"damage_taken":[{"damage":0,"enemies":"Cultist","floor":1,"turns":1},{"damage":0,"enemies":"Jaw Worm","floor":2,"turns":1},{"damage":0,"enemies":"2 Louse","floor":3,"turns":1},{"damage":22,"enemies":"Gremlin Nob","floor":6,"turns":6},{"damage":0,"enemies":"Large Slime","floor":10,"turns":8},{"damage":2,"enemies":"Looter","floor":11,"turns":3},{"damage":3,"enemies":"3 Louse","floor":14,"turns":3},{"damage":17,"enemies":"The Guardian","floor":16,"turns":13},{"damage":14,"enemies":"2 Thieves","floor":18,"turns":5},{"damage":15,"enemies":"Masked Bandits","floor":22,"turns":7},{"damage":0,"enemies":"3 Byrds","floor":25,"turns":4},{"damage":0,"enemies":"Shelled Parasite and Fungi","floor":27,"turns":5},{"damage":13,"enemies":"Snake Plant","floor":28,"turns":5},{"damage":17,"enemies":"Sentry and Sphere","floor":31,"turns":6},{"damage":61,"enemies":"Champ","floor":33,"turns":14}],"seed_played":"-5424748136543323546","potions_obtained":[{"floor":3,"key":"Weak Potion"},{"floor":6,"key":"Fire Potion"},{"floor":11,"key":"EssenceOfSteel"},{"floor":14,"key":"SteroidPotion"}],"is_trial":false,"path_per_floor":["M","M","M","$","?","E","R","?","T","M","M","R","$","M","R","B",null,"M","?","?","?","?","?","R","M","T","M","M","T","R","M","R","B"],"character_chosen":"THE_SILENT","items_purchased":["Footwork","Deflect"],"campfire_rested":2,"item_purchase_floors":[4,4],"current_hp_per_floor":[70,70,70,70,70,48,48,48,48,48,46,46,46,43,43,26,70,56,56,56,56,41,41,41,41,41,41,28,28,49,32,53,0],"gold":329,"neow_bonus":"THREE_ENEMY_KILL","is_prod":false,"is_daily":false,"chose_seed":false,"campfire_upgraded":4,"win_rate":0,"timestamp":1547412637,"path_taken":["M","M","?","$","?","E","R","?","T","M","?","R","$","M","R","BOSS","M","?","?","?","?","?","R","M","T","M","M","?","R","M","R","BOSS"],"build_version":"2019-01-10","purchased_purges":1,"victory":false,"max_hp_per_floor":[70,70,70,70,70,70,70,70,70,70,70,70,70,70,70,70,70,70,70,70,70,70,70,70,70,70,70,70,70,70,70,70,70],"card_choices":[{"not_picked":["Flechettes","Accuracy"],"picked":"Poisoned Stab","floor":1},{"not_picked":["Tactician","Endless Agony"],"picked":"Cloak And Dagger","floor":2},{"not_picked":["Blade Dance","Slice"],"picked":"Backflip","floor":3},{"not_picked":["Blade Dance","All Out Attack"],"picked":"Catalyst","floor":6},{"not_picked":["Slice","Sucker Punch"],"picked":"Bane","floor":10},{"not_picked":["Heel Hook","Masterful Stab"],"picked":"Blade Dance","floor":11},{"not_picked":["Dash","Heel Hook","Choke"],"picked":"SKIP","floor":14},{"not_picked":["Unload","Wraith Form v2"],"picked":"After Image","floor":16},{"not_picked":["Dagger Throw","Distraction","Blade Dance"],"picked":"SKIP","floor":18},{"not_picked":["Flying Knee","Crippling Poison"],"picked":"Poisoned Stab+1","floor":25},{"not_picked":["Backstab","Backflip"],"picked":"Deflect+1","floor":27},{"not_picked":["Sucker Punch","Predator"],"picked":"Corpse Explosion","floor":28},{"not_picked":["PiercingWail+1","Quick Slash"],"picked":"Deflect","floor":31}],"player_experience":309366,"relics_obtained":[{"floor":6,"key":"Bronze Scales"},{"floor":9,"key":"Snake Skull"},{"floor":22,"key":"Red Mask"},{"floor":26,"key":"MawBank"},{"floor":29,"key":"The Courier"}],"event_choices":[{"damage_healed":0,"gold_gain":0,"player_choice":"Ignored","damage_taken":0,"max_hp_gain":0,"max_hp_loss":0,"event_name":"Shining Light","floor":5,"gold_loss":0},{"cards_removed":["Defend_G"],"damage_healed":0,"gold_gain":0,"player_choice":"Purged","damage_taken":0,"max_hp_gain":0,"max_hp_loss":0,"event_name":"Purifier","floor":8,"gold_loss":0},{"damage_healed":0,"gold_gain":99,"player_choice":"Stole From Cult","damage_taken":0,"max_hp_gain":0,"max_hp_loss":0,"event_name":"Nest","floor":19,"gold_loss":0},{"cards_removed":["Strike_G"],"damage_healed":0,"gold_gain":0,"player_choice":"Gave Gold","damage_taken":0,"max_hp_gain":0,"max_hp_loss":0,"event_name":"Beggar","floor":20,"gold_loss":75},{"damage_healed":0,"gold_gain":0,"player_choice":"Ignored","damage_taken":0,"max_hp_gain":0,"max_hp_loss":0,"event_name":"Vampires","floor":21,"gold_loss":0},{"damage_healed":0,"gold_gain":0,"player_choice":"Fought Bandits","damage_taken":0,"max_hp_gain":0,"max_hp_loss":0,"event_name":"Masked Bandits","floor":22,"gold_loss":0},{"damage_healed":0,"gold_gain":0,"player_choice":"Obtained Relic","damage_taken":0,"relics_obtained":["Art of War"],"max_hp_gain":0,"max_hp_loss":0,"event_name":"Addict","floor":23,"gold_loss":85}],"is_beta":false,"boss_relics":[{"not_picked":["Tiny House","Busted Crown"],"picked":"Sozu"}],"items_purged_floors":[13],"is_endless":false,"potions_floor_spawned":[3,6,11,14,27,28,31],"killed_by":"Champ","ascension_level":0}