{"gold_per_floor":[112,122,142,162,179,179,32,32,57,144,176,208,220,232,244,354,366,346,377,389,401,425,437,464,476,488,500,522,246,246,263,263,358,358,376,197,197,216,616,616,616,627,627,627],"floor_reached":44,"playtime":2598,"items_purged":["Strike_G","Strike_G"],"score":427,"play_id":"af303c41-a9d0-4ed9-9dcb-3a0b46424abe","local_time":"20181219215017","is_ascension_mode":false,"campfire_choices":[{"data":"Cloak And Dagger","floor":6,"key":"SMITH"},{"data":"After Image","floor":15,"key":"SMITH"},{"floor":23,"key":"REST"},{"data":"Infinite Blades","floor":25,"key":"SMITH"},{"data":"Infinite Blades","floor":27,"key":"SMITH"},{"data":"Catalyst","floor":30,"key":"SMITH"},{"data":"Strike_G","floor":32,"key":"PURGE"},{"floor":40,"key":"REST"}],"neow_cost":"NONE","seed_source_timestamp":60917382533022,"circlet_count":0,"master_deck":["Defend_G","Defend_G+1","Defend_G","Defend_G+1","Defend_G","Strike_G","Strike_G","Survivor","Malaise","Cloak And Dagger+1","Catalyst+1","Dodge and Roll","Dagger Spray","After Image+1","Infinite Blades+1","Deflect","Adrenaline","Cloak And Dagger","Bouncing Flask","Infinite Blades+1","RitualDagger","Deadly Poison","Bouncing Flask","Flash of Steel","Backflip","All Out Attack","Footwork+1","Phantasmal Killer","Accuracy","Infinite Blades","Leg Sweep","Dodge and Roll+1","Purity","Cloak And Dagger+1"],"relics":["Ring of the Snake","MawBank","Peace Pipe","Sozu","Letter Opener","WristBlade","Old Coin","Vajra"],"potions_floor_usage":[16,33,33],"damage_taken":[{"damage":0,"enemies":"2 Louse","floor":1,"turns":4},{"damage":0,"enemies":"Jaw Worm","floor":2,"turns":6},{"damage":0,"enemies":"Small Slimes","floor":3,"turns":4},{"damage":0,"enemies":"Blue Slaver","floor":4,"turns":7},{"damage":2,"enemies":"2 Fungi Beasts","floor":5,"turns":4},{"damage":0,"enemies":"Lots of Slimes","floor":11,"turns":1},{"damage":0,"enemies":"Blue Slaver","floor":12,"turns":4},{"damage":8,"enemies":"Hexaghost","floor":16,"turns":16},{"damage":15,"enemies":"2 Thieves","floor":18,"turns":5},{"damage":11,"enemies":"Chosen","floor":19,"turns":8},{"damage":9,"enemies":"Centurion and Healer","floor":22,"turns":8},{"damage":4,"enemies":"Snake Plant","floor":24,"turns":6},{"damage":1,"enemies":"3 Cultists","floor":28,"turns":5},{"damage":0,"enemies":"Chosen and Byrds","floor":31,"turns":4},{"damage":34,"enemies":"Champ","floor":33,"turns":13},{"damage":2,"enemies":"Orb Walker","floor":35,"turns":4},{"damage":26,"enemies":"3 Darklings","floor":38,"turns":5},{"damage":31,"enemies":"Mind Bloom Boss Battle","floor":39,"turns":6},{"damage":18,"enemies":"Sphere and 2 Shapes","floor":42,"turns":5},{"damage":16,"enemies":"4 Shapes","floor":44,"turns":1}],"seed_played":"-290867635504791504","potions_obtained":[{"floor":2,"key":"AttackPotion"},{"floor":3,"key":"SpeedPotion"},{"floor":16,"key":"Dexterity Potion"}],"is_trial":false,"path_per_floor":["M","M","M","M","M","R","$","?","T","?","M","M","$","T","R","B",null,"M","M","?","?","M","R","M","R","T","R","M","$","R","M","R","B",null,"M","$","?","M","?","R","?","M","T","M"],"character_chosen":"THE_SILENT","items_purchased":["After Image","Flash of Steel","Backflip","All Out Attack","Infinite Blades"],"campfire_rested":2,"item_purchase_floors":[7,29,29,29,36],"current_hp_per_floor":[70,70,70,70,68,68,68,54,54,43,43,43,43,43,43,35,70,55,44,44,38,29,50,46,46,46,46,45,45,45,45,45,11,70,68,68,68,42,11,32,32,14,14,0],"gold":627,"neow_bonus":"ONE_RANDOM_RARE_CARD","is_prod":false,"is_daily":false,"chose_seed":false,"campfire_upgraded":5,"win_rate":0,"timestamp":1545274217,"path_taken":["M","M","M","M","M","R","$","?","T","?","M","M","$","?","R","BOSS","M","M","?","?","M","R","M","R","T","R","M","$","R","M","R","BOSS","M","$","?","M","?","R","?","M","T","M"],"build_version":"2018-12-13","purchased_purges":2,"victory":false,"max_hp_per_floor":[70,70,70,70,70,70,70,70,70,70,70,70,70,70,70,70,70,70,70,70,70,70,70,70,70,70,70,70,70,70,70,70,70,70,70,70,70,70,70,70,70,70,70,70],"card_choices":[{"not_picked":["Deflect","Sucker Punch"],"picked":"Cloak And Dagger","floor":1},{"not_picked":["Poisoned Stab","Underhanded Strike"],"picked":"Catalyst","floor":2},{"not_picked":["Quick Slash","Outmaneuver"],"picked":"Dodge and Roll","floor":3},{"not_picked":["Dagger Throw","Slice"],"picked":"Dagger Spray","floor":4},{"not_picked":["Poisoned Stab","Prepared","Grand Finale"],"picked":"SKIP","floor":5},{"not_picked":["Accuracy","Skewer"],"picked":"Infinite Blades","floor":11},{"not_picked":["Choke","PiercingWail"],"picked":"Deflect","floor":12},{"not_picked":["Bullet Time","Tools of the Trade"],"picked":"Adrenaline","floor":16},{"not_picked":["Skewer+1","Caltrops"],"picked":"Cloak And Dagger","floor":18},{"not_picked":["Cloak And Dagger","Caltrops"],"picked":"Bouncing Flask","floor":19},{"not_picked":["Deflect","Dagger Throw+1"],"picked":"Deadly Poison","floor":22},{"not_picked":["Dagger Spray","Masterful Stab"],"picked":"Bouncing Flask","floor":24},{"not_picked":["Acrobatics","Deflect","Blade Dance"],"picked":"SKIP","floor":28},{"not_picked":["Quick Slash","Crippling Poison+1"],"picked":"Footwork+1","floor":31},{"not_picked":["Burst","Night Terror"],"picked":"Phantasmal Killer","floor":33},{"not_picked":["Underhanded Strike","Footwork+1"],"picked":"Accuracy","floor":35},{"not_picked":["Concentrate","Blade Dance"],"picked":"Leg Sweep","floor":38},{"not_picked":["Deflect+1","Calculated Gamble+1"],"picked":"Dodge and Roll+1","floor":39},{"not_picked":["Forethought","Transmutation"],"picked":"Purity","floor":41},{"not_picked":["Setup+1","Predator"],"picked":"Cloak And Dagger+1","floor":42}],"player_experience":875181,"relics_obtained":[{"floor":9,"key":"MawBank"},{"floor":14,"key":"Peace Pipe"},{"floor":26,"key":"Letter Opener"},{"floor":39,"key":"Old Coin"},{"floor":43,"key":"Vajra"}],"event_choices":[{"damage_healed":0,"gold_gain":0,"player_choice":"Entered Light","damage_taken":14,"max_hp_gain":0,"max_hp_loss":0,"event_name":"Shining Light","floor":8,"gold_loss":0,"cards_upgraded":["Defend_G","Defend_G"]},{"damage_healed":0,"gold_gain":75,"player_choice":"Gather Gold","damage_taken":11,"max_hp_gain":0,"max_hp_loss":0,"event_name":"World of Goop","floor":10,"gold_loss":0},{"damage_healed":0,"gold_gain":0,"player_choice":"Read","damage_taken":0,"max_hp_gain":0,"max_hp_loss":0,"event_name":"The Library","floor":20,"gold_loss":0,"cards_obtained":["Infinite Blades"]},{"damage_healed":0,"gold_gain":0,"player_choice":"Joined the Cult","damage_taken":6,"max_hp_gain":0,"max_hp_loss":0,"event_name":"Nest","floor":21,"gold_loss":0,"cards_obtained":["RitualDagger"]},{"cards_removed":["Neutralize"],"damage_healed":0,"gold_gain":0,"player_choice":"Removed Attack","damage_taken":0,"max_hp_gain":0,"max_hp_loss":0,"event_name":"Falling","floor":37,"gold_loss":0},{"damage_healed":0,"gold_gain":0,"player_choice":"Fight","damage_taken":0,"max_hp_gain":0,"max_hp_loss":0,"event_name":"MindBloom","floor":39,"gold_loss":0},{"damage_healed":0,"gold_gain":0,"player_choice":"Memory 1","damage_taken":0,"max_hp_gain":0,"max_hp_loss":0,"event_name":"SensoryStone","floor":41,"gold_loss":0}],"is_beta":false,"boss_relics":[{"not_picked":["Orrery","Lizard Tail"],"picked":"Sozu"},{"not_picked":["Philosopher\u0027s Stone","Coffee Dripper"],"picked":"WristBlade"}],"items_purged_floors":[29,36],"is_endless":false,"potions_floor_spawned":[2,3,16,18,22,24,28,35,39],"killed_by":"4 Shapes","ascension_level":0}