{"path_per_floor":["M","?","M","$","?","E","R","M","T","T","R","?","M","M","R","B",null,"M","M","$","M","?","E","M","$","T","M","R","?","R","M","R","B",null,"M","?","M","?"],"character_chosen":"IRONCLAD","items_purchased":["Whirlwind","Orichalcum","Cleave","Shuriken"],"gold_per_floor":[359,359,369,47,47,78,78,93,93,118,118,118,132,150,150,249,249,260,277,277,293,293,321,331,70,70,83,83,83,83,100,130,230,230,246,246,258,307],"floor_reached":39,"campfire_rested":0,"playtime":3921,"current_hp_per_floor":[46,43,49,49,49,36,36,44,44,44,44,44,50,56,66,41,90,90,90,90,85,85,59,64,64,64,60,60,60,60,68,68,62,90,87,87,84,46],"items_purged":["Strike_R"],"gold":307,"play_id":"c4305402-5719-47be-93de-6c6d352d89cd","is_prod":false,"is_daily":false,"campfire_rituals":0,"campfire_upgraded":3,"is_hardmode":false,"path_taken":["M","?","?","$","?","E","R","M","T","?","R","?","M","M","R","BOSS","M","M","?","M","?","E","M","$","T","M","R","?","R","M","R","BOSS","M","?","M","?","M"],"build_version":"2018-01-11-PROD2","purchased_purges":1,"victory":false,"master_deck":["Strike_R","Strike_R","Defend_R","Defend_R","Defend_R","Defend_R","Bash","Evolve","Heavy Blade","Whirlwind","Cleave","True Grit","Uppercut","Limit Break","Flex","Barricade","Shrug It Off","Pommel Strike","Pommel Strike","Battle Trance","Flex","Reaper","Demon Form","True Grit"],"max_hp_per_floor":[80,80,80,80,80,80,80,80,80,80,80,80,80,80,90,90,90,90,90,90,90,90,90,90,90,90,90,90,90,90,90,90,90,90,90,90,90,90],"relics":["Burning Blood","Torii","Orichalcum","Darkstone Periapt","Shovel","Juzu Bracelet","Pear","Black Star","Whetstone","Omamori","Shuriken","Bag of Preparation","Ornamental Fan","Vajra","Tiny Chest","Cursed Key","Du-Vu Doll"],"campfire_meditates":0,"card_choices":[{"not_picked":["Iron Wave","Flex"],"picked":"Evolve"},{"not_picked":["Armaments","Rupture"],"picked":"Heavy Blade"},{"not_picked":["Heavy Blade","Metallicize"],"picked":"True Grit"},{"not_picked":["Thunderclap","Twin Strike"],"picked":"Limit Break"},{"not_picked":["Armaments","Twin Strike"],"picked":"Flex"},{"not_picked":["Brutality","Fiend Fire"],"picked":"Barricade"},{"not_picked":["Heavy Blade","Iron Wave"],"picked":"Shrug It Off"},{"not_picked":["Headbutt","Wild Strike"],"picked":"Pommel Strike"},{"not_picked":["Thunderclap","Whirlwind"],"picked":"Pommel Strike"},{"not_picked":["Searing Blow","Cleave"],"picked":"Battle Trance"},{"not_picked":["Clash","Battle Trance"],"picked":"Flex"},{"not_picked":["Intimidate","Twin Strike"],"picked":"Reaper"},{"not_picked":["Juggernaut","Bludgeon"],"picked":"Demon Form"},{"not_picked":["Uppercut","Feel No Pain"],"picked":"True Grit"}],"player_experience":59334,"potions_floor_usage":[8,23,23,24,27,38],"damage_taken":[{"damage":0,"enemies":"2 Louse","floor":1,"turns":3},{"damage":0,"enemies":"Small Slimes","floor":3,"turns":3},{"damage":19,"enemies":"3 Sentries","floor":6,"turns":6},{"damage":13,"enemies":"Blue Slaver","floor":8,"turns":6},{"damage":0,"enemies":"Gremlin Gang","floor":13,"turns":1},{"damage":0,"enemies":"3 Louse","floor":14,"turns":1},{"damage":31,"enemies":"Slime Boss","floor":16,"turns":9},{"damage":6,"enemies":"Chosen","floor":18,"turns":7},{"damage":0,"enemies":"3 Byrds","floor":19,"turns":5},{"damage":11,"enemies":"Snecko","floor":21,"turns":5},{"damage":32,"enemies":"Gremlin Leader","floor":23,"turns":8},{"damage":16,"enemies":"Slaver and Parasite","floor":24,"turns":10},{"damage":10,"enemies":"Snake Plant","floor":27,"turns":4},{"damage":14,"enemies":"3 Cultists","floor":31,"turns":5},{"damage":57,"enemies":"Collector","floor":33,"turns":8},{"damage":9,"enemies":"3 Darklings","floor":35,"turns":5},{"damage":9,"enemies":"Orb Walker","floor":37,"turns":5},{"damage":53,"enemies":"Mysterious Sphere","floor":38,"turns":5},{"damage":62,"enemies":"Sphere and 2 Shapes","floor":39,"turns":5}],"event_choices":[{"event_name":"Scrap Ooze","player_choice":"success","floor":2,"damage_taken":3},{"event_name":"Living Wall","player_choice":"Forget","floor":5,"damage_taken":0},{"event_name":"Transmorgrifier","player_choice":"Transform","floor":12,"damage_taken":0},{"event_name":"Back to Basics","player_choice":"Simplicity","floor":22,"damage_taken":0},{"event_name":"The Mausoleum","player_choice":"Yes","floor":29,"damage_taken":0},{"event_name":"Tomb of Lord Red Mask","player_choice":"Ignored","floor":36,"damage_taken":0},{"event_name":"Mysterious Sphere","player_choice":"Fight","floor":38,"damage_taken":0}],"boss_relics":[{"not_picked":["Calling Bell","Astrolabe"],"picked":"Black Star"},{"not_picked":["Tiny House","Sozu"],"picked":"Cursed Key"}],"potions_floor_spawned":[6,16,18,21,24,35,37],"seed_played":"1285133069384523091","killed_by":"Sphere and 2 Shapes","is_trial":false}