{"path_per_floor":["M","M","M","?","?","R","M","$","T","R","E","R","M","M","R","B"],"character_chosen":"THE_SILENT","items_purchased":[],"gold_per_floor":[114,130,149,149,149,149,164,89,89,89,121,121,133,151,151,251,251],"floor_reached":17,"campfire_rested":0,"playtime":534,"item_purchase_floors":[],"current_hp_per_floor":[70,70,68,61,75,75,57,57,57,57,33,33,33,33,33,2,2],"items_purged":["Regret"],"gold":251,"score":157,"play_id":"65436239-1501-4088-8721-9778e0ebaf7b","local_time":"20180607021439","is_prod":false,"is_daily":false,"chose_seed":false,"is_ascension_mode":false,"campfire_upgraded":4,"win_rate":0,"timestamp":1528305279,"campfire_choices":[{"data":"Neutralize","floor":6,"key":"SMITH"},{"data":"Survivor","floor":10,"key":"SMITH"},{"data":"Unload","floor":12,"key":"SMITH"},{"data":"Caltrops","floor":15,"key":"SMITH"}],"path_taken":["M","?","?","?","?","R","M","?","T","R","E","R","M","M","R","BOSS"],"build_version":"2018-05-31","seed_source_timestamp":11966016087343,"purchased_purges":1,"victory":false,"master_deck":["Defend_G","Defend_G","Defend_G","Defend_G","Defend_G","Strike_G","Strike_G","Strike_G","Strike_G","Strike_G","Survivor+1","Neutralize+1","Unload+1","Caltrops+1","Doppelganger"],"max_hp_per_floor":[70,70,70,70,84,84,84,84,84,84,84,84,84,84,84,84,84],"relics":["Ring of the Snake","Mango","Mercury Hourglass","Anchor","Velvet Choker"],"card_choices":[{"not_picked":["Slice","Backflip","Quick Slash"],"picked":"SKIP","floor":1},{"not_picked":["Masterful Stab","Underhanded Strike","Poisoned Stab"],"picked":"SKIP","floor":2},{"not_picked":["Deflect","Bane","Slice"],"picked":"SKIP","floor":3},{"not_picked":["Outmaneuver","Flying Knee","Bane"],"picked":"SKIP","floor":7},{"not_picked":["Dagger Throw","Acrobatics"],"picked":"Unload","floor":11},{"not_picked":["Poisoned Stab","PiercingWail"],"picked":"Caltrops","floor":13},{"not_picked":["Reflex","Predator","Deflect"],"picked":"SKIP","floor":14},{"not_picked":["Tactician","Wraith Form v2"],"picked":"Doppelganger","floor":16}],"player_experience":794679,"potions_floor_usage":[11],"damage_taken":[{"damage":0,"enemies":"Cultist","floor":1,"turns":4},{"damage":0,"enemies":"Small Slimes","floor":2,"turns":4},{"damage":2,"enemies":"2 Louse","floor":3,"turns":4},{"damage":18,"enemies":"Large Slime","floor":7,"turns":9},{"damage":24,"enemies":"Lagavulin","floor":11,"turns":9},{"damage":0,"enemies":"Looter","floor":13,"turns":3},{"damage":0,"enemies":"Blue Slaver","floor":14,"turns":3},{"damage":31,"enemies":"Hexaghost","floor":16,"turns":10}],"relics_obtained":[{"floor":9,"key":"Mercury Hourglass"},{"floor":11,"key":"Anchor"}],"event_choices":[{"event_name":"Wheel of Change","player_choice":"Damage","floor":4,"damage_taken":0},{"event_name":"Big Fish","player_choice":"Box","floor":5,"damage_taken":0}],"boss_relics":[{"not_picked":["Philosopher\u0027s Stone","Runic Pyramid"],"picked":"Velvet Choker"}],"items_purged_floors":[8],"potions_floor_spawned":[3,7,11],"seed_played":"-1317138924793432789","ascension_level":0,"potions_obtained":[{"floor":3,"key":"SkillPotion"},{"floor":7,"key":"Energy Potion"},{"floor":11,"key":"SpeedPotion"}],"is_trial":false}