{"gold_per_floor":[112,129,147,33,33,33,33,33,33,66,78,78,90,107,107,202,202,219,236,248,248,262,262,291,291,291,291,308,22,41,41,41,41],"floor_reached":33,"playtime":2451,"items_purged":["Strike_G"],"score":373,"play_id":"8800682f-7a10-44fd-9e0e-ebc668373bfb","local_time":"20190216234946","is_ascension_mode":true,"campfire_choices":[{"data":"Neutralize","floor":6,"key":"SMITH"},{"data":"Cloak And Dagger","floor":8,"key":"SMITH"},{"data":"Accuracy","floor":12,"key":"SMITH"},{"data":"Footwork","floor":15,"key":"SMITH"},{"floor":23,"key":"REST"},{"data":"Burst","floor":25,"key":"SMITH"},{"data":"Cloak And Dagger","floor":27,"key":"SMITH"},{"data":"Ghostly","floor":32,"key":"SMITH"}],"neow_cost":"NONE","seed_source_timestamp":2376068960733203,"circlet_count":0,"master_deck":["Defend_G","Defend_G","Defend_G","Defend_G","Defend_G","Strike_G","Strike_G","Strike_G","Survivor","Neutralize+1","Trip","PiercingWail","Sucker Punch","Cloak And Dagger+1","Crippling Poison","Accuracy+1","Flying Knee","Heel Hook","Cloak And Dagger+1","Footwork+1","Burst+1","Caltrops","Cloak And Dagger","Backflip","Choke","Corpse Explosion","Noxious Fumes","Cloak And Dagger","Ghostly+1","Ghostly","Ghostly","Ghostly","Ghostly"],"relics":["Ring of the Snake","Dodecahedron","Pantograph","WristBlade","Pear","Matryoshka","ClockworkSouvenir"],"potions_floor_usage":[10,16,22,24,30,33],"damage_taken":[{"damage":0,"enemies":"Cultist","floor":1,"turns":4},{"damage":6,"enemies":"Jaw Worm","floor":2,"turns":4},{"damage":0,"enemies":"Small Slimes","floor":3,"turns":3},{"damage":12,"enemies":"Lagavulin","floor":10,"turns":5},{"damage":10,"enemies":"Red Slaver","floor":11,"turns":4},{"damage":5,"enemies":"3 Louse","floor":13,"turns":4},{"damage":2,"enemies":"Looter","floor":14,"turns":3},{"damage":26,"enemies":"Slime Boss","floor":16,"turns":9},{"damage":10,"enemies":"Spheric Guardian","floor":18,"turns":4},{"damage":13,"enemies":"Shell Parasite","floor":19,"turns":5},{"damage":16,"enemies":"Cultist and Chosen","floor":20,"turns":9},{"damage":10,"enemies":"Snake Plant","floor":22,"turns":5},{"damage":20,"enemies":"Slavers","floor":24,"turns":7},{"damage":6,"enemies":"Centurion and Healer","floor":28,"turns":5},{"damage":8,"enemies":"Chosen and Byrds","floor":30,"turns":4},{"damage":53,"enemies":"Champ","floor":33,"turns":12}],"seed_played":"-663043113243098047","potions_obtained":[{"floor":2,"key":"PowerPotion"},{"floor":11,"key":"Energy Potion"},{"floor":14,"key":"PowerPotion"},{"floor":20,"key":"Regen Potion"},{"floor":24,"key":"LiquidBronze"},{"floor":28,"key":"GamblersBrew"}],"is_trial":false,"path_per_floor":["M","M","M","$","?","R","?","R","T","E","M","R","M","M","R","B",null,"M","M","M","?","M","R","E","R","T","R","M","$","M","?","R","B"],"character_chosen":"THE_SILENT","items_purchased":["Crippling Poison","Noxious Fumes","ClockworkSouvenir"],"campfire_rested":1,"item_purchase_floors":[4,29,29],"current_hp_per_floor":[70,64,64,64,64,64,64,64,64,52,42,42,37,35,35,34,70,60,47,31,31,35,56,46,46,46,46,40,40,32,32,32,0],"gold":41,"neow_bonus":"RANDOM_COLORLESS","is_prod":false,"is_daily":false,"chose_seed":false,"campfire_upgraded":7,"win_rate":0,"timestamp":1550360986,"path_taken":["M","M","M","?","?","R","?","R","T","E","M","R","M","?","R","BOSS","M","M","M","?","M","R","E","R","T","R","M","$","M","?","R","BOSS"],"build_version":"2019-01-23","purchased_purges":1,"victory":false,"max_hp_per_floor":[70,70,70,70,70,70,70,70,70,70,70,70,70,70,70,70,70,70,70,70,70,70,70,80,80,80,80,80,80,80,40,40,40],"card_choices":[{"not_picked":["Quick Slash","Deadly Poison"],"picked":"PiercingWail","floor":1},{"not_picked":["Well Laid Plans","Slice"],"picked":"Sucker Punch","floor":2},{"not_picked":["Deadly Poison","Outmaneuver"],"picked":"Cloak And Dagger","floor":3},{"not_picked":["Blade Dance","Reflex"],"picked":"Flying Knee","floor":10},{"not_picked":["Backstab","Bouncing Flask"],"picked":"Heel Hook","floor":11},{"not_picked":["Bane","Underhanded Strike"],"picked":"Cloak And Dagger","floor":13},{"not_picked":["Expertise","Masterful Stab"],"picked":"Footwork","floor":14},{"not_picked":["Envenom","Phantasmal Killer"],"picked":"Burst","floor":16},{"not_picked":["Escape Plan","Predator"],"picked":"Caltrops","floor":18},{"not_picked":["Deadly Poison+1","Poisoned Stab","Underhanded Strike"],"picked":"SKIP","floor":19},{"not_picked":["Heel Hook","Escape Plan","Quick Slash"],"picked":"SKIP","floor":20},{"not_picked":["PiercingWail+1","Slice"],"picked":"Backflip","floor":22},{"not_picked":["PiercingWail","Outmaneuver"],"picked":"Choke","floor":24},{"not_picked":["Bouncing Flask","Bane"],"picked":"Corpse Explosion","floor":28},{"not_picked":["Blade Dance","Acrobatics"],"picked":"Cloak And Dagger","floor":30}],"player_experience":494141,"relics_obtained":[{"floor":9,"key":"Dodecahedron"},{"floor":10,"key":"Pantograph"},{"floor":24,"key":"Pear"},{"floor":26,"key":"Matryoshka"}],"event_choices":[{"damage_healed":0,"gold_gain":0,"player_choice":"Leave","damage_taken":0,"max_hp_gain":0,"max_hp_loss":0,"event_name":"The Cleric","floor":5,"gold_loss":0},{"damage_healed":0,"gold_gain":0,"cards_transformed":["Strike_G"],"player_choice":"Transformed","damage_taken":0,"max_hp_gain":0,"max_hp_loss":0,"event_name":"Transmorgrifier","floor":7,"gold_loss":0,"cards_obtained":["Accuracy"]},{"damage_healed":0,"gold_gain":0,"player_choice":"Read","damage_taken":0,"max_hp_gain":0,"max_hp_loss":0,"event_name":"The Library","floor":21,"gold_loss":0,"cards_obtained":["Cloak And Dagger"]},{"damage_healed":0,"gold_gain":0,"player_choice":"Became a Ghost","damage_taken":0,"max_hp_gain":0,"max_hp_loss":40,"event_name":"Ghosts","floor":31,"gold_loss":0,"cards_obtained":["Ghostly","Ghostly","Ghostly","Ghostly","Ghostly"]}],"is_beta":false,"boss_relics":[{"not_picked":["Coffee Dripper","Empty Cage"],"picked":"WristBlade"}],"items_purged_floors":[4],"is_endless":false,"potions_floor_spawned":[2,11,14,20,24,28],"killed_by":"Champ","ascension_level":4}