{"gold_per_floor":[109,126,142,142,154,186,186,234,234,247,247,263,263,274,274,378,378,388,241,255,255,21,21],"floor_reached":23,"playtime":1628,"items_purged":["Infinite Blades"],"score":232,"play_id":"d70ebab3-7e6f-45d8-bbb5-5255b4398bbb","local_time":"20190217110448","is_ascension_mode":true,"campfire_choices":[{"data":"Neutralize","floor":7,"key":"SMITH"},{"data":"Footwork","floor":11,"key":"SMITH"},{"floor":15,"key":"REST"}],"neow_cost":"NONE","seed_source_timestamp":2417393121549710,"circlet_count":0,"master_deck":["Survivor","Neutralize+1","Masterful Stab","Footwork+1","Flying Knee","Poisoned Stab","Blur","Dagger Spray","Noxious Fumes","Footwork","Dash","Night Terror+1","Poisoned Stab","Skewer","Quick Slash","Riddle With Holes","Footwork","Calculated Gamble+1","Catalyst+1","Terror+1","PiercingWail+1","Distraction+1","Cloak And Dagger+1","Leg Sweep+1","Neutralize","Dodge and Roll+1","Chrysalis+1"],"relics":["Ring of the Snake","Bottled Lightning","Dream Catcher","Toxic Egg 2","Pandora\u0027s Box"],"potions_floor_usage":[6,6,12,16],"damage_taken":[{"damage":0,"enemies":"2 Louse","floor":1,"turns":2},{"damage":0,"enemies":"Jaw Worm","floor":2,"turns":5},{"damage":1,"enemies":"Small Slimes","floor":3,"turns":4},{"damage":9,"enemies":"Exordium Wildlife","floor":5,"turns":4},{"damage":22,"enemies":"Gremlin Nob","floor":6,"turns":4},{"damage":6,"enemies":"Blue Slaver","floor":10,"turns":3},{"damage":31,"enemies":"Gremlin Gang","floor":12,"turns":4},{"damage":4,"enemies":"2 Fungi Beasts","floor":14,"turns":3},{"damage":18,"enemies":"Slime Boss","floor":16,"turns":12},{"damage":9,"enemies":"3 Byrds","floor":18,"turns":5},{"damage":18,"enemies":"Chosen","floor":20,"turns":5},{"damage":56,"enemies":"Gremlin Leader","floor":23,"turns":5}],"seed_played":"-1254198539395262310","potions_obtained":[{"floor":1,"key":"LiquidBronze"},{"floor":3,"key":"Ancient Potion"},{"floor":10,"key":"PowerPotion"},{"floor":12,"key":"SpeedPotion"}],"is_trial":false,"path_per_floor":["M","M","M","?","M","E","R","T","T","M","R","M","?","M","R","B",null,"M","$","M","?","$","E"],"character_chosen":"THE_SILENT","items_purchased":["Distraction+1","Dodge and Roll+1","Chrysalis+1"],"campfire_rested":1,"item_purchase_floors":[19,22,22],"current_hp_per_floor":[70,70,69,74,65,43,43,43,43,37,37,6,6,2,24,6,75,66,66,48,48,48,0],"gold":21,"neow_bonus":"TRANSFORM_CARD","is_prod":false,"is_daily":false,"chose_seed":false,"campfire_upgraded":2,"win_rate":0,"timestamp":1550401488,"path_taken":["M","M","M","?","M","E","R","?","T","M","R","M","?","?","R","BOSS","M","$","M","?","$","E"],"build_version":"2019-01-23","purchased_purges":1,"victory":false,"max_hp_per_floor":[70,70,70,75,75,75,75,75,75,75,75,75,75,75,75,75,75,75,75,75,75,75,75],"card_choices":[{"not_picked":["Backflip","Dodge and Roll"],"picked":"Footwork","floor":1},{"not_picked":["Slice","Outmaneuver"],"picked":"Flying Knee","floor":2},{"not_picked":["Deflect","Prepared"],"picked":"Poisoned Stab","floor":3},{"not_picked":["Deadly Poison","Dagger Throw","Masterful Stab"],"picked":"SKIP","floor":5},{"not_picked":["Slice","Dagger Spray"],"picked":"Blur","floor":6},{"not_picked":["Unload","Poisoned Stab"],"picked":"Dagger Spray","floor":10},{"not_picked":["Quick Slash","Expertise+1"],"picked":"Noxious Fumes","floor":12},{"not_picked":["Poisoned Stab","Accuracy"],"picked":"Footwork","floor":14},{"not_picked":["Backflip+1","Dodge and Roll+1"],"picked":"Dash","floor":15},{"not_picked":["Unload","Grand Finale"],"picked":"Night Terror+1","floor":16},{"not_picked":["Setup+1","Dagger Throw+1"],"picked":"PiercingWail+1","floor":18},{"not_picked":["Infinite Blades+1","Blade Dance+1"],"picked":"Cloak And Dagger+1","floor":20}],"player_experience":496592,"relics_obtained":[{"floor":6,"key":"Bottled Lightning"},{"floor":8,"key":"Dream Catcher"},{"floor":9,"key":"Toxic Egg 2"}],"event_choices":[{"damage_healed":0,"gold_gain":0,"player_choice":"Donut","damage_taken":0,"max_hp_gain":5,"max_hp_loss":0,"event_name":"Big Fish","floor":4,"gold_loss":0},{"damage_healed":0,"gold_gain":0,"player_choice":"Searched \u00270\u0027 times","damage_taken":0,"max_hp_gain":0,"max_hp_loss":0,"event_name":"Dead Adventurer","floor":13,"gold_loss":0},{"damage_healed":0,"gold_gain":0,"player_choice":"2 cards matched","damage_taken":0,"max_hp_gain":0,"max_hp_loss":0,"event_name":"Match and Keep!","floor":21,"gold_loss":0,"cards_obtained":["Leg Sweep","Neutralize"]}],"is_beta":false,"boss_relics":[{"not_picked":["Busted Crown","Tiny House"],"picked":"Pandora\u0027s Box"}],"items_purged_floors":[19],"is_endless":false,"potions_floor_spawned":[1,3,10,12],"killed_by":"Gremlin Leader","ascension_level":4}