{"gold_per_floor":[367,317,43,43,43,76,76,99,177,90,90,90,114,114,114,240,240,263,278,278,278],"floor_reached":21,"playtime":1033,"items_purged":["Strike_G","Strike_G"],"score":218,"play_id":"be6a2625-d362-451c-a8c4-67c16b4d8d20","local_time":"20181201094442","is_ascension_mode":true,"campfire_choices":[{"data":"Neutralize","floor":7,"key":"SMITH"},{"floor":12,"key":"REST"},{"data":"Caltrops","floor":15,"key":"SMITH"}],"neow_cost":"CURSE","seed_source_timestamp":646324473702280,"circlet_count":0,"master_deck":["Defend_G","Defend_G","Defend_G","Defend_G","Defend_G","Survivor+1","Neutralize+1","Poisoned Stab","Footwork","Distraction+1","Poisoned Stab","Noxious Fumes+1","Caltrops+1","Envenom","Deadly Poison","Leg Sweep","Acrobatics","Crippling Poison","Crippling Poison","Bite","Bite","Bite","Bite","Bite"],"relics":["Ring of the Snake","Membership Card","Golden Idol","Letter Opener","Paper Crane","Darkstone Periapt","War Paint","Orrery"],"potions_floor_usage":[21],"damage_taken":[{"damage":11,"enemies":"Jaw Worm","floor":1,"turns":6},{"damage":25,"enemies":"Lagavulin","floor":6,"turns":10},{"damage":3,"enemies":"2 Louse","floor":8,"turns":3},{"damage":6,"enemies":"Small Slimes","floor":13,"turns":3},{"damage":13,"enemies":"Hexaghost","floor":16,"turns":8},{"damage":8,"enemies":"Spheric Guardian","floor":18,"turns":4},{"damage":5,"enemies":"3 Byrds","floor":19,"turns":3},{"damage":32,"enemies":"Colosseum Slavers","floor":21,"turns":5},{"damage":28,"enemies":"Colosseum Nobs","floor":21,"turns":3}],"seed_played":"7117888595955736324","potions_obtained":[{"floor":6,"key":"Swift Potion"},{"floor":18,"key":"LiquidBronze"}],"is_trial":false,"path_per_floor":["M","?","$","?","?","E","R","M","T","$","?","R","M","T","R","B",null,"M","M","?","?"],"character_chosen":"THE_SILENT","items_purchased":["Membership Card","Footwork","Noxious Fumes"],"campfire_rested":1,"item_purchase_floors":[3,3,10],"current_hp_per_floor":[59,59,59,59,41,16,16,13,13,13,13,32,26,26,26,13,65,57,52,45,0],"gold":278,"neow_bonus":"TWO_FIFTY_GOLD","is_prod":false,"is_daily":false,"chose_seed":false,"campfire_upgraded":2,"win_rate":0,"timestamp":1543675482,"path_taken":["M","?","$","?","?","E","R","M","T","?","?","R","M","?","R","BOSS","M","M","?","?"],"build_version":"2018-11-15","purchased_purges":2,"victory":false,"max_hp_per_floor":[70,70,70,65,65,65,65,65,65,65,65,65,65,65,65,65,65,65,65,45,45],"card_choices":[{"not_picked":["Prepared","Deflect"],"picked":"Poisoned Stab","floor":1},{"not_picked":["Dagger Throw","Underhanded Strike"],"picked":"Distraction","floor":6},{"not_picked":["Acrobatics","Escape Plan"],"picked":"Poisoned Stab","floor":8},{"not_picked":["Terror","Cloak And Dagger"],"picked":"Caltrops","floor":13},{"not_picked":["Night Terror","Adrenaline"],"picked":"Envenom","floor":16},{"not_picked":["Well Laid Plans","Cloak And Dagger"],"picked":"Deadly Poison","floor":17},{"not_picked":["Flying Knee","Cloak And Dagger"],"picked":"Leg Sweep","floor":17},{"not_picked":["Infinite Blades","Sucker Punch"],"picked":"Acrobatics","floor":17},{"not_picked":["Outmaneuver","Accuracy"],"picked":"Crippling Poison","floor":18},{"not_picked":["Well Laid Plans+1","Calculated Gamble+1"],"picked":"Crippling Poison","floor":19}],"player_experience":192634,"relics_obtained":[{"floor":6,"key":"Paper Crane"},{"floor":9,"key":"Darkstone Periapt"},{"floor":14,"key":"War Paint"}],"event_choices":[{"cards_removed":["Pain"],"damage_healed":0,"gold_gain":0,"player_choice":"Card Removal","damage_taken":0,"max_hp_gain":0,"max_hp_loss":0,"event_name":"The Cleric","floor":2,"gold_loss":50},{"damage_healed":0,"gold_gain":0,"player_choice":"Lose Max HP","damage_taken":0,"relics_obtained":["Golden Idol"],"max_hp_gain":0,"max_hp_loss":5,"event_name":"Golden Idol","floor":4,"gold_loss":0},{"damage_healed":0,"gold_gain":0,"player_choice":"Success","damage_taken":18,"relics_obtained":["Letter Opener"],"max_hp_gain":0,"max_hp_loss":0,"event_name":"Scrap Ooze","floor":5,"gold_loss":0},{"damage_healed":0,"gold_gain":0,"player_choice":"Grow","damage_taken":0,"max_hp_gain":0,"max_hp_loss":0,"event_name":"Living Wall","floor":11,"gold_loss":0,"cards_upgraded":["Noxious Fumes"]},{"damage_healed":0,"gold_gain":0,"player_choice":"Became a vampire","damage_taken":0,"max_hp_gain":0,"max_hp_loss":20,"event_name":"Vampires","floor":20,"gold_loss":0,"cards_obtained":["Bite","Bite","Bite","Bite","Bite"]},{"damage_healed":0,"gold_gain":0,"player_choice":"Fight","damage_taken":0,"max_hp_gain":0,"max_hp_loss":0,"event_name":"Colosseum","floor":21,"gold_loss":0},{"damage_healed":0,"gold_gain":0,"player_choice":"Fought Nobs","damage_taken":0,"max_hp_gain":0,"max_hp_loss":0,"event_name":"Colosseum","floor":21,"gold_loss":0}],"is_beta":false,"boss_relics":[{"not_picked":["Velvet Choker","Pandora\u0027s Box"],"picked":"Orrery"}],"items_purged_floors":[3,10],"is_endless":false,"potions_floor_spawned":[6,18,21],"killed_by":"Colosseum Nobs","ascension_level":2}