{"gold_per_floor":[109,109,109,132,146,146,166,179,179,192,37,37,37,50,50,174,174,194,194,215,215,239,282,282,85,112,127,141,141],"floor_reached":29,"playtime":1933,"items_purged":["Strike_B","Strike_B"],"score":239,"play_id":"ae503520-982f-42dd-a29a-6710221e1f66","local_time":"20190113000717","is_ascension_mode":false,"campfire_choices":[{"data":"Streamline","floor":13,"key":"SMITH"},{"data":"Zap","floor":15,"key":"SMITH"},{"floor":24,"key":"REST"}],"neow_cost":"NONE","seed_source_timestamp":325692173205685,"circlet_count":0,"master_deck":["Strike_B","Strike_B","Defend_B+1","Defend_B","Defend_B","Defend_B","Zap+1","Dualcast","Seek","Gash","FTL","Leap","Hello World","Streamline+1","Scrape","Steam","Seek+1","White Noise","Gash","Hyperbeam","Impatience","Conserve Battery","Steam","Streamline","Go for the Eyes"],"relics":["Cracked Core","Golden Idol","Cables","Eternal Feather","Art of War","War Paint"],"potions_floor_usage":[16,22,23,23,28],"damage_taken":[{"damage":10,"enemies":"Small Slimes","floor":1,"turns":3},{"damage":0,"enemies":"Cultist","floor":4,"turns":4},{"damage":2,"enemies":"2 Louse","floor":5,"turns":2},{"damage":8,"enemies":"Red Slaver","floor":7,"turns":3},{"damage":23,"enemies":"Large Slime","floor":8,"turns":5},{"damage":4,"enemies":"2 Fungi Beasts","floor":10,"turns":3},{"damage":5,"enemies":"Exordium Wildlife","floor":14,"turns":4},{"damage":27,"enemies":"The Guardian","floor":16,"turns":10},{"damage":8,"enemies":"Shell Parasite","floor":18,"turns":5},{"damage":30,"enemies":"3 Byrds","floor":20,"turns":5},{"damage":25,"enemies":"Centurion and Healer","floor":22,"turns":7},{"damage":16,"enemies":"Slavers","floor":23,"turns":4},{"damage":24,"enemies":"Cultist and Chosen","floor":27,"turns":6},{"damage":0,"enemies":"Snecko","floor":28,"turns":4},{"damage":15,"enemies":"Centurion and Healer","floor":29,"turns":7}],"seed_played":"-3361145922363937935","potions_obtained":[{"floor":8,"key":"SkillPotion"},{"floor":10,"key":"Weak Potion"},{"floor":14,"key":"Swift Potion"},{"floor":16,"key":"PowerPotion"},{"floor":23,"key":"Ancient Potion"}],"is_trial":false,"path_per_floor":["M","?","?","M","M","?","M","M","T","M","$","?","R","M","R","B",null,"M","?","M","?","M","E","R","$","T","M","M","M"],"character_chosen":"DEFECT","items_purchased":["Scrape","Conserve Battery","Steam"],"campfire_rested":1,"item_purchase_floors":[11,25,25],"current_hp_per_floor":[65,70,50,50,48,80,72,49,49,45,45,45,45,40,40,13,80,72,72,42,42,17,1,37,37,37,13,13,0],"gold":141,"neow_bonus":"ONE_RANDOM_RARE_CARD","is_prod":false,"is_daily":false,"chose_seed":false,"campfire_upgraded":2,"win_rate":0,"timestamp":1547356037,"path_taken":["M","?","?","M","M","?","M","M","T","?","$","?","R","M","R","BOSS","M","?","M","?","?","E","R","$","T","M","M","M"],"build_version":"2019-01-10","purchased_purges":2,"victory":false,"max_hp_per_floor":[75,80,80,80,80,80,80,80,80,80,80,80,80,80,80,80,80,80,80,80,80,80,80,80,80,80,80,80,80],"card_choices":[{"not_picked":["Leap","Stack"],"picked":"Gash","floor":1},{"not_picked":["Redo","Coolheaded"],"picked":"FTL","floor":4},{"not_picked":["Amplify","Consume","Force Field"],"picked":"SKIP","floor":5},{"not_picked":["Sweeping Beam","Coolheaded"],"picked":"Leap","floor":7},{"not_picked":["Hologram","Cold Snap"],"picked":"Hello World","floor":8},{"not_picked":["Multi-Cast","Storm"],"picked":"Streamline","floor":10},{"not_picked":["Darkness","Recycle"],"picked":"Steam","floor":14},{"not_picked":["Core Surge","Thunder Strike"],"picked":"Seek","floor":16},{"not_picked":["Hologram","Sweeping Beam"],"picked":"White Noise","floor":18},{"not_picked":["Cold Snap","Go for the Eyes"],"picked":"Gash","floor":20},{"not_picked":["Double Energy","Barrage+1","Sunder"],"picked":"SKIP","floor":22},{"not_picked":["Meteor Strike","Force Field","Rebound+1"],"picked":"SKIP","floor":23},{"not_picked":["Rip and Tear","Defragment"],"picked":"Streamline","floor":27},{"not_picked":["Steam","Steam Power+1"],"picked":"Go for the Eyes","floor":28}],"player_experience":925425,"relics_obtained":[{"floor":9,"key":"Cables"},{"floor":23,"key":"Art of War"},{"floor":26,"key":"War Paint"}],"event_choices":[{"damage_healed":0,"gold_gain":0,"player_choice":"Donut","damage_taken":0,"max_hp_gain":5,"max_hp_loss":0,"event_name":"Big Fish","floor":2,"gold_loss":0},{"damage_healed":0,"gold_gain":0,"player_choice":"Take Damage","damage_taken":20,"relics_obtained":["Golden Idol"],"max_hp_gain":0,"max_hp_loss":0,"event_name":"Golden Idol","floor":3,"gold_loss":0},{"damage_healed":32,"gold_gain":0,"player_choice":"Full Heal","damage_taken":0,"max_hp_gain":0,"max_hp_loss":0,"event_name":"Wheel of Change","floor":6,"gold_loss":0},{"damage_healed":0,"gold_gain":0,"player_choice":"Searched \u00271\u0027 times","damage_taken":0,"max_hp_gain":0,"max_hp_loss":0,"event_name":"Dead Adventurer","floor":12,"gold_loss":0},{"damage_healed":0,"gold_gain":0,"player_choice":"Ignored","damage_taken":0,"max_hp_gain":0,"max_hp_loss":0,"event_name":"Vampires","floor":19,"gold_loss":0},{"damage_healed":0,"gold_gain":0,"player_choice":"2 cards matched","damage_taken":0,"max_hp_gain":0,"max_hp_loss":0,"event_name":"Match and Keep!","floor":21,"gold_loss":0,"cards_obtained":["Hyperbeam","Impatience"]}],"is_beta":false,"boss_relics":[{"not_picked":["Ectoplasm","Busted Crown"],"picked":"Eternal Feather"}],"items_purged_floors":[11,25],"is_endless":false,"potions_floor_spawned":[8,10,14,16,20,23],"killed_by":"Centurion and Healer","ascension_level":0}