{"gold_per_floor":[16,26,26,37,37,37,55,89,89,124,138,152,152,152,152,256,256,181,131,142,142,142,157,157,171,171,171,101,115,150,160,160,261,261,278,278,378,394,117,117,130,155,155,155,155,155,173,0,0,0],"floor_reached":51,"playtime":7039,"items_purged":[],"score":866,"play_id":"13c6a126-51b4-4578-8ac9-b24b41d60092","local_time":"20190217204239","is_ascension_mode":true,"campfire_choices":[{"data":"Strike_G","floor":6.0,"key":"PURGE"},{"floor":13.0,"key":"REST"},{"data":"Defend_G","floor":15.0,"key":"PURGE"},{"floor":24.0,"key":"REST"},{"data":"Writhe","floor":27.0,"key":"PURGE"},{"floor":32.0,"key":"REST"},{"data":"Strike_G","floor":40.0,"key":"PURGE"},{"floor":44.0,"key":"REST"},{"data":"Shame","floor":46.0,"key":"PURGE"},{"floor":49.0,"key":"REST"}],"neow_cost":"NO_GOLD","seed_source_timestamp":2446296881181639,"circlet_count":0,"master_deck":["Defend_G","Defend_G","Defend_G","Defend_G","Strike_G+1","Strike_G+1","Survivor","Neutralize","Dash","Sucker Punch","Footwork","Cloak And Dagger","Dodge and Roll","Backflip","Setup+1","Leg Sweep+1","Caltrops","Dark Shackles+1","Bullet Time+1","Neutralize","Burst+1","Prepared+1","Acrobatics+1","Accuracy+1","Adrenaline+1","Flying Knee","Backstab","Backflip+1","Blade Dance+1","Glass Knife","Catalyst+1","Finesse+1","Trip+1","Impatience+1","Blade Dance+1","Terror+1","PiercingWail+1","Infinite Blades","Crippling Poison+1","Cloak And Dagger+1","Escape Plan+1","Deadly Poison+1","Catalyst+1","Enlightenment+1"],"special_seed":0,"relics":["Ring of the Serpent","Peace Pipe","Whetstone","Regal Pillow","Toxic Egg 2","PreservedInsect","Mango","Potion Belt","Cursed Key","Prayer Wheel","Bottled Lightning","Mercury Hourglass","Oddly Smooth Stone"],"potions_floor_usage":[],"damage_taken":[{"damage":1.0,"enemies":"Small Slimes","floor":1.0,"turns":4.0},{"damage":0.0,"enemies":"2 Louse","floor":2.0,"turns":2.0},{"damage":0.0,"enemies":"Cultist","floor":4.0,"turns":3.0},{"damage":3.0,"enemies":"Large Slime","floor":7.0,"turns":8.0},{"damage":10.0,"enemies":"3 Sentries","floor":8.0,"turns":12.0},{"damage":60.0,"enemies":"Gremlin Nob","floor":10.0,"turns":7.0},{"damage":0.0,"enemies":"Exordium Thugs","floor":11.0,"turns":6.0},{"damage":0.0,"enemies":"Blue Slaver","floor":12.0,"turns":8.0},{"damage":19.0,"enemies":"The Guardian","floor":16.0,"turns":22.0},{"damage":17.0,"enemies":"2 Thieves","floor":18.0,"turns":5.0},{"damage":0.0,"enemies":"Spheric Guardian","floor":20.0,"turns":8.0},{"damage":26.0,"enemies":"Cultist and Chosen","floor":23.0,"turns":14.0},{"damage":7.0,"enemies":"Snecko","floor":25.0,"turns":8.0},{"damage":20.0,"enemies":"3 Cultists","floor":29.0,"turns":8.0},{"damage":17.0,"enemies":"Gremlin Leader","floor":30.0,"turns":10.0},{"damage":11.0,"enemies":"Snake Plant","floor":31.0,"turns":6.0},{"damage":41.0,"enemies":"Collector","floor":33.0,"turns":22.0},{"damage":23.0,"enemies":"3 Darklings","floor":35.0,"turns":4.0},{"damage":0.0,"enemies":"Mind Bloom Boss Battle","floor":37.0,"turns":9.0},{"damage":19.0,"enemies":"3 Shapes","floor":38.0,"turns":8.0},{"damage":8.0,"enemies":"Spire Growth","floor":41.0,"turns":5.0},{"damage":23.0,"enemies":"Giant Head","floor":42.0,"turns":8.0},{"damage":8.0,"enemies":"Sphere and 2 Shapes","floor":47.0,"turns":5.0},{"damage":76,"enemies":"Time Eater","floor":50,"turns":6}],"seed_played":"-8961434017552494596","potions_obtained":[{"floor":1.0,"key":"GamblersBrew"},{"floor":2.0,"key":"Fruit Juice"},{"floor":12.0,"key":"FairyPotion"},{"floor":16.0,"key":"Dexterity Potion"},{"floor":20.0,"key":"GhostInAJar"},{"floor":29.0,"key":"GhostInAJar"},{"floor":30.0,"key":"SkillPotion"},{"floor":33.0,"key":"PowerPotion"},{"floor":35.0,"key":"Fire Potion"},{"floor":37.0,"key":"Regen Potion"},{"floor":41.0,"key":"GamblersBrew"}],"is_trial":false,"path_per_floor":["M","M","?","M","?","R","M","E","T","E","M","M","R","?","R","B",null,"M","$","M","?","?","M","R","M","T","R","$","M","E","M","R","B",null,"M","?","?","M","$","R","M","E","T","R","$","R","M","$","R","B",null],"character_chosen":"THE_SILENT","items_purchased":["Acrobatics+1","Backstab","Infinite Blades","Bottled Lightning","Catalyst+1","Enlightenment+1"],"campfire_rested":5,"item_purchase_floors":[19,28,39,39,48,48],"current_hp_per_floor":[69,74,74,74,74,74,71,61,61,1,1,1,38,38,38,19,75,58,58,58,58,58,32,69,62,76,76,76,56,39,28,69,28,89,66,56,56,52,52,52,44,21,21,62,62,62,54,54,89,13],"gold":0,"neow_bonus":"ONE_RARE_RELIC","is_prod":false,"is_daily":false,"chose_seed":false,"campfire_upgraded":0,"win_rate":0,"timestamp":1550436159,"path_taken":["M","M","?","M","?","R","M","E","T","E","M","M","R","?","R","BOSS","M","$","M","?","?","M","R","?","T","R","$","M","E","M","R","BOSS","M","?","?","M","$","R","M","E","T","R","?","R","M","$","R","BOSS"],"build_version":"2019-01-23","purchased_purges":0,"victory":true,"max_hp_per_floor":[70,75,75,75,75,75,75,75,75,75,75,75,75,75,75,75,75,75,75,75,75,75,75,75,75,89,89,89,89,89,89,89,89,89,89,89,89,89,89,89,89,89,89,89,89,89,89,89,89,89],"card_choices":[{"not_picked":["Acrobatics","Dodge and Roll"],"picked":"Dash","floor":1.0},{"not_picked":["Quick Slash","PiercingWail"],"picked":"Sucker Punch","floor":2.0},{"not_picked":["Cloak And Dagger","Crippling Poison"],"picked":"Footwork","floor":4.0},{"not_picked":["Deadly Poison","Setup"],"picked":"Dodge and Roll","floor":7.0},{"not_picked":["Footwork","Calculated Gamble"],"picked":"Backflip","floor":8.0},{"not_picked":["Sucker Punch","Outmaneuver"],"picked":"Setup","floor":10.0},{"not_picked":["Dagger Spray","Predator"],"picked":"Leg Sweep+1","floor":11.0},{"not_picked":["Bane","Poisoned Stab"],"picked":"Caltrops","floor":12.0},{"not_picked":["Tools of the Trade","Bullet Time+1"],"picked":"Burst+1","floor":16.0},{"not_picked":["Outmaneuver+1","Quick Slash"],"picked":"Prepared+1","floor":18.0},{"not_picked":["Prepared+1","Underhanded Strike"],"picked":"Accuracy","floor":20.0},{"not_picked":["Concentrate+1","Deflect+1"],"picked":"Adrenaline+1","floor":23.0},{"not_picked":["Acrobatics+1","Dodge and Roll+1"],"picked":"Flying Knee","floor":25.0},{"not_picked":["Deflect+1","Bane"],"picked":"Backflip+1","floor":29.0},{"not_picked":["Poisoned Stab","Tools of the Trade","Riddle With Holes"],"picked":"SKIP","floor":30.0},{"not_picked":["Flying Knee+1","Dodge and Roll+1"],"picked":"Blade Dance+1","floor":31.0},{"not_picked":["Phantasmal Killer+1","Wraith Form v2"],"picked":"Glass Knife","floor":33.0},{"not_picked":["Caltrops+1","Dodge and Roll+1"],"picked":"Catalyst+1","floor":35.0},{"not_picked":["Deep Breath+1","Trip+1"],"picked":"Finesse+1","floor":36.0},{"not_picked":["Madness+1","Purity+1"],"picked":"Trip+1","floor":36.0},{"not_picked":["HandOfGreed","Violence+1"],"picked":"Impatience+1","floor":36.0},{"not_picked":["Underhanded Strike","Slice"],"picked":"Blade Dance+1","floor":37.0},{"not_picked":["Dagger Throw","Caltrops"],"picked":"Terror+1","floor":38.0},{"not_picked":["Catalyst+1","Backflip+1"],"picked":"PiercingWail+1","floor":38.0},{"not_picked":["PiercingWail+1","Prepared+1"],"picked":"Crippling Poison+1","floor":41.0},{"not_picked":["Acrobatics+1","Reflex+1","Tactician+1"],"picked":"SKIP","floor":41.0},{"not_picked":["Caltrops+1","Distraction+1"],"picked":"Cloak And Dagger+1","floor":42.0},{"not_picked":["Masterful Stab+1","Sucker Punch+1"],"picked":"Escape Plan+1","floor":47.0},{"not_picked":["Cloak And Dagger+1","Slice+1"],"picked":"Deadly Poison+1","floor":47.0}],"player_experience":506544,"relics_obtained":[{"floor":8.0,"key":"Whetstone"},{"floor":9.0,"key":"Regal Pillow"},{"floor":10.0,"key":"Toxic Egg 2"},{"floor":26.0,"key":"Mango"},{"floor":30.0,"key":"Potion Belt"},{"floor":37.0,"key":"Prayer Wheel"},{"floor":42.0,"key":"Mercury Hourglass"},{"floor":43.0,"key":"Oddly Smooth Stone"}],"event_choices":[{"damage_healed":0.0,"max_hp_gain":0.0,"max_hp_loss":0.0,"gold_gain":0.0,"event_name":"The Cleric","player_choice":"Leave","floor":3.0,"gold_loss":0.0,"damage_taken":0.0},{"damage_healed":0.0,"max_hp_gain":0.0,"max_hp_loss":0.0,"gold_gain":0.0,"cards_transformed":["Strike_G"],"event_name":"Living Wall","player_choice":"Change","floor":5.0,"gold_loss":0.0,"damage_taken":0.0,"cards_obtained":["Cloak And Dagger"]},{"damage_healed":0.0,"max_hp_gain":0.0,"max_hp_loss":0.0,"gold_gain":0.0,"event_name":"Match and Keep!","player_choice":"3 cards matched","floor":14.0,"gold_loss":0.0,"damage_taken":0.0,"cards_obtained":["Dark Shackles","Bullet Time","Neutralize"]},{"damage_healed":0.0,"max_hp_gain":0.0,"max_hp_loss":0.0,"gold_gain":0.0,"event_name":"The Mausoleum","player_choice":"Opened","floor":21.0,"gold_loss":0.0,"damage_taken":0.0,"relics_obtained":["PreservedInsect"],"cards_obtained":["Writhe"]},{"damage_healed":0.0,"max_hp_gain":0.0,"max_hp_loss":0.0,"gold_gain":0.0,"event_name":"Upgrade Shrine","player_choice":"Upgraded","floor":22.0,"gold_loss":0.0,"damage_taken":0.0,"cards_upgraded":["Accuracy"]},{"damage_healed":0.0,"max_hp_gain":0.0,"max_hp_loss":0.0,"gold_gain":0.0,"event_name":"SensoryStone","player_choice":"Memory 3","floor":36.0,"gold_loss":0.0,"damage_taken":10.0},{"damage_healed":0.0,"max_hp_gain":0.0,"max_hp_loss":0.0,"gold_gain":0.0,"event_name":"MindBloom","player_choice":"Fight","floor":37.0,"gold_loss":0.0,"damage_taken":0.0}],"is_beta":false,"boss_relics":[{"not_picked":["Black Star","Calling Bell"],"picked":"Ring of the Serpent"},{"not_picked":["Sozu","Runic Pyramid"],"picked":"Cursed Key"}],"items_purged_floors":[],"is_endless":false,"potions_floor_spawned":[1,2,12,16,20,29,30,33,35,37,41],"ascension_level":4}