{"gold_per_floor":[364,375,123,123,123,123,150,150,202,212,212,212,241,12,12,114,114,131,147,181,181,195,195,229,229,229,229,245,245,295,309,309,309],"floor_reached":33,"playtime":3057,"items_purged":[],"score":285,"play_id":"3cd73bef-0323-4df3-a952-0a2bd2a676d0","local_time":"20190302121852","is_ascension_mode":true,"campfire_choices":[{"data":"Reinforced Body","floor":6,"key":"SMITH"},{"floor":8,"key":"REST"},{"floor":15,"key":"REST"},{"floor":23,"key":"REST"},{"floor":25,"key":"RECALL"},{"data":"Stack","floor":27,"key":"SMITH"},{"data":"Electrodynamics","floor":29,"key":"SMITH"},{"data":"Defragment","floor":32,"key":"SMITH"}],"neow_cost":"CURSE","seed_source_timestamp":257688016960600,"circlet_count":0,"master_deck":["Strike_B","Strike_B","Strike_B","Strike_B","Defend_B","Defend_B+1","Defend_B","Defend_B","Zap+1","Dualcast","Shame","Gash","Reinforced Body+1","Defragment+1","Undo","Cold Snap","Electrodynamics+1","Genetic Algorithm","Ball Lightning","Stack+1","Writhe","Go for the Eyes","Melter","Rip and Tear+1","Hologram+1"],"relics":["Cracked Core","Letter Opener","Orichalcum","PreservedInsect","Unceasing Top","The Courier","Torii","Eternal Feather","Red Mask","Frozen Egg 2","Mango","Shuriken"],"potions_floor_usage":[20,31,33,33],"damage_taken":[{"damage":0,"enemies":"Small Slimes","floor":1,"turns":3},{"damage":9,"enemies":"Jaw Worm","floor":2,"turns":5},{"damage":22,"enemies":"3 Sentries","floor":7,"turns":8},{"damage":0,"enemies":"2 Louse","floor":10,"turns":3},{"damage":14,"enemies":"Gremlin Nob","floor":13,"turns":5},{"damage":3,"enemies":"The Guardian","floor":16,"turns":14},{"damage":3,"enemies":"Shell Parasite","floor":18,"turns":10},{"damage":8,"enemies":"3 Byrds","floor":19,"turns":5},{"damage":40,"enemies":"Masked Bandits","floor":20,"turns":4},{"damage":13,"enemies":"3 Cultists","floor":22,"turns":4},{"damage":10,"enemies":"Slavers","floor":24,"turns":3},{"damage":1,"enemies":"Centurion and Healer","floor":28,"turns":3},{"damage":12,"enemies":"Chosen and Byrds","floor":31,"turns":7},{"damage":105,"enemies":"Champ","floor":33,"turns":15}],"seed_played":"-4934744600784442055","potions_obtained":[{"floor":10,"key":"Ancient Potion"},{"floor":13,"key":"SmokeBomb"},{"floor":16,"key":"Swift Potion"},{"floor":22,"key":"Swift Potion"},{"floor":24,"key":"AttackPotion"},{"floor":31,"key":"EssenceOfSteel"}],"is_trial":false,"path_per_floor":["M","M","$","?","?","R","E","R","T","M","?","T","E","$","R","B",null,"M","M","?","?","M","R","E","R","T","R","M","R","T","M","R","B"],"character_chosen":"DEFECT","items_purchased":["Letter Opener","Torii"],"campfire_rested":3,"item_purchase_floors":[3,14],"current_hp_per_floor":[75,66,66,51,51,51,29,51,51,51,51,51,37,37,59,56,75,72,64,24,24,11,45,49,61,61,73,72,84,84,72,87,0],"gold":309,"neow_bonus":"TWO_FIFTY_GOLD","is_prod":false,"is_daily":false,"chose_seed":false,"campfire_upgraded":4,"win_rate":0,"timestamp":1551525532,"path_taken":["M","M","$","?","?","R","E","R","T","M","?","?","E","?","R","BOSS","M","M","?","?","M","R","E","R","T","R","M","R","?","M","R","BOSS"],"build_version":"2019-01-23","purchased_purges":0,"victory":false,"max_hp_per_floor":[75,75,75,75,75,75,75,75,75,75,75,75,75,75,75,75,75,75,75,75,75,75,75,89,89,89,89,89,89,89,89,89,89],"card_choices":[{"not_picked":["Conserve Battery","Storm"],"picked":"Gash","floor":1},{"not_picked":["Hologram","Coolheaded"],"picked":"Reinforced Body","floor":2},{"not_picked":["Compile Driver","Ball Lightning"],"picked":"Defragment","floor":7},{"not_picked":["Beam Cell","Chill"],"picked":"Undo","floor":10},{"not_picked":["White Noise","Rebound"],"picked":"Cold Snap","floor":13},{"not_picked":["Seek","Meteor Strike"],"picked":"Electrodynamics","floor":16},{"not_picked":["Rebound+1","Doom and Gloom"],"picked":"Genetic Algorithm","floor":18},{"not_picked":["Coolheaded+1","Conserve Battery"],"picked":"Ball Lightning","floor":19},{"not_picked":["Coolheaded+1","Heatsinks"],"picked":"Stack","floor":20},{"not_picked":["Aggregate","Conserve Battery"],"picked":"Go for the Eyes","floor":22},{"not_picked":["Rip and Tear","Ball Lightning"],"picked":"Melter","floor":24},{"not_picked":["Stack","Blizzard"],"picked":"Rip and Tear+1","floor":28},{"not_picked":["Darkness","Leap"],"picked":"Hologram+1","floor":31}],"player_experience":513646,"relics_obtained":[{"floor":7,"key":"Orichalcum"},{"floor":9,"key":"PreservedInsect"},{"floor":12,"key":"Unceasing Top"},{"floor":13,"key":"The Courier"},{"floor":20,"key":"Red Mask"},{"floor":24,"key":"Mango"},{"floor":26,"key":"Shuriken"}],"event_choices":[{"damage_healed":0,"gold_gain":0,"player_choice":"Entered Light","damage_taken":15,"max_hp_gain":0,"max_hp_loss":0,"event_name":"Shining Light","floor":4,"gold_loss":0,"cards_upgraded":["Zap","Defend_B"]},{"damage_healed":0,"gold_gain":0,"player_choice":"Ignored","damage_taken":0,"max_hp_gain":0,"max_hp_loss":0,"event_name":"Liars Game","floor":5,"gold_loss":0},{"damage_healed":0,"gold_gain":0,"player_choice":"Ignored","damage_taken":0,"max_hp_gain":0,"max_hp_loss":0,"event_name":"Golden Idol","floor":11,"gold_loss":0},{"damage_healed":0,"gold_gain":0,"player_choice":"Fought Bandits","damage_taken":0,"max_hp_gain":0,"max_hp_loss":0,"event_name":"Masked Bandits","floor":20,"gold_loss":0},{"damage_healed":0,"gold_gain":0,"player_choice":"Opened","damage_taken":0,"relics_obtained":["Frozen Egg 2"],"max_hp_gain":0,"max_hp_loss":0,"event_name":"The Mausoleum","floor":21,"gold_loss":0,"cards_obtained":["Writhe"]}],"is_beta":false,"boss_relics":[{"not_picked":["Fusion Hammer","Philosopher\u0027s Stone"],"picked":"Eternal Feather"}],"items_purged_floors":[],"is_endless":false,"potions_floor_spawned":[10,13,16,22,24,31],"killed_by":"Champ","ascension_level":1}