{"gold_per_floor":[114,114,196,216,67,67,102,102,141,178,190,217,254,216,228,341,353,378,401,512,524,172,203,203,231,280,280,304,320,334,334,334,438,438,452,552,127,127,144,178,178],"floor_reached":41,"playtime":2374,"items_purged":[],"score":822,"play_id":"cc0f9e1b-1017-4f08-94fc-1c04308bdf90","local_time":"20190212205925","is_ascension_mode":true,"campfire_choices":[{"data":"Neutralize","floor":6,"key":"SMITH"},{"floor":11,"key":"REST"},{"floor":15,"key":"REST"},{"floor":24,"key":"REST"},{"floor":27,"key":"REST"},{"floor":32,"key":"REST"}],"neow_cost":"NONE","seed_source_timestamp":1728498729817200,"circlet_count":0,"master_deck":["AscendersBane","Defend_G","Defend_G","Defend_G+1","Defend_G","Defend_G","Strike_G","Strike_G","Strike_G","Strike_G","Survivor","Neutralize+1","Blade Dance","Backflip+1","Well Laid Plans","Terror","Adrenaline","Endless Agony+1","J.A.X.","Adrenaline","Envenom","Noxious Fumes","Footwork","Prepared+1","Noxious Fumes","Bullet Time","Infinite Blades","Jack Of All Trades+1"],"relics":["Ring of the Snake","NeowsBlessing","Pen Nib","Mercury Hourglass","Vajra","Ancient Tea Set","MawBank","War Paint","Singing Bowl","Regal Pillow","WristBlade","PreservedInsect","Blood Vial","Kunai","Bronze Scales","Dream Catcher","Busted Crown","FossilizedHelix","Toxic Egg 2","Bag of Marbles"],"potions_floor_usage":[16,16,19,36,36,40,41],"damage_taken":[{"damage":0,"enemies":"Small Slimes","floor":1,"turns":1},{"damage":0,"enemies":"Jaw Worm","floor":4,"turns":1},{"damage":0,"enemies":"Lagavulin","floor":7,"turns":1},{"damage":36,"enemies":"3 Sentries","floor":10,"turns":7},{"damage":0,"enemies":"2 Louse","floor":12,"turns":2},{"damage":22,"enemies":"Gremlin Nob","floor":13,"turns":4},{"damage":23,"enemies":"Slime Boss","floor":16,"turns":9},{"damage":13,"enemies":"Shell Parasite","floor":18,"turns":5},{"damage":0,"enemies":"Spheric Guardian","floor":19,"turns":3},{"damage":35,"enemies":"Gremlin Leader","floor":23,"turns":4},{"damage":27,"enemies":"Book of Stabbing","floor":25,"turns":4},{"damage":3,"enemies":"Chosen and Byrds","floor":29,"turns":4},{"damage":25,"enemies":"Centurion and Healer","floor":30,"turns":5},{"damage":34,"enemies":"Champ","floor":33,"turns":12},{"damage":15,"enemies":"3 Shapes","floor":35,"turns":4},{"damage":22,"enemies":"Mind Bloom Boss Battle","floor":36,"turns":5},{"damage":3,"enemies":"Orb Walker","floor":39,"turns":2},{"damage":29,"enemies":"Nemesis","floor":40,"turns":5},{"damage":37,"enemies":"Writhing Mass","floor":41,"turns":3}],"seed_played":"6266288137557666564","potions_obtained":[{"floor":7,"key":"Energy Potion"},{"floor":10,"key":"GamblersBrew"},{"floor":16,"key":"AttackPotion"},{"floor":29,"key":"Dexterity Potion"},{"floor":33,"key":"PowerPotion"},{"floor":36,"key":"Dexterity Potion"},{"floor":39,"key":"AttackPotion"}],"is_trial":false,"path_per_floor":["M","?","T","M","$","R","E","?","T","E","R","M","E","?","R","B",null,"M","M","?","?","$","E","R","E","T","R","T","M","M","?","R","B",null,"M","?","$","?","M","E","M"],"character_chosen":"THE_SILENT","items_purchased":["Vajra","Adrenaline","PreservedInsect","Envenom","Infinite Blades","Toxic Egg 2","Jack Of All Trades+1"],"campfire_rested":5,"item_purchase_floors":[5,22,22,22,37,37,37],"current_hp_per_floor":[63,63,63,63,63,63,63,56,56,22,43,43,23,23,60,37,65,54,54,54,54,54,19,56,31,31,68,68,67,46,31,70,38,72,61,43,43,43,44,19,0],"gold":178,"neow_bonus":"THREE_ENEMY_KILL","is_prod":false,"is_daily":false,"chose_seed":false,"campfire_upgraded":1,"win_rate":0,"timestamp":1550023165,"path_taken":["M","?","?","M","$","R","E","?","T","E","R","M","E","?","R","BOSS","M","M","?","?","$","E","R","E","T","R","?","M","?","?","R","BOSS","M","?","$","?","?","E","M"],"build_version":"2019-01-23","purchased_purges":0,"victory":false,"max_hp_per_floor":[70,70,70,70,70,70,70,70,70,72,72,72,74,74,74,74,74,76,76,76,76,76,76,76,76,76,76,76,76,78,83,83,83,83,85,87,87,87,89,91,91],"card_choices":[{"not_picked":["Deflect","Cloak And Dagger"],"picked":"Blade Dance","floor":1},{"not_picked":["Masterful Stab","Slice"],"picked":"Backflip","floor":4},{"not_picked":["Dagger Throw","Backflip"],"picked":"Well Laid Plans","floor":7},{"not_picked":["Blade Dance","Concentrate","Quick Slash"],"picked":"Singing Bowl","floor":10},{"not_picked":["Eviscerate","Escape Plan"],"picked":"Terror","floor":12},{"not_picked":["Cloak And Dagger","Dodge and Roll","Eviscerate"],"picked":"Singing Bowl","floor":13},{"not_picked":["Malaise","A Thousand Cuts"],"picked":"Adrenaline","floor":16},{"not_picked":["Flying Knee+1","Dagger Throw+1","PiercingWail"],"picked":"Singing Bowl","floor":18},{"not_picked":["Bane","Sucker Punch"],"picked":"Endless Agony+1","floor":19},{"not_picked":["Crippling Poison","Backstab+1"],"picked":"Noxious Fumes","floor":23},{"not_picked":["Heel Hook","Calculated Gamble"],"picked":"Footwork","floor":25},{"not_picked":["Setup","Flying Knee"],"picked":"Prepared+1","floor":29},{"not_picked":["Dagger Throw","Bane","PiercingWail"],"picked":"Singing Bowl","floor":30},{"not_picked":["Dagger Throw","Die Die Die"],"picked":"Noxious Fumes","floor":32},{"not_picked":["Tools of the Trade","Adrenaline"],"picked":"Bullet Time","floor":33},{"not_picked":["Dodge and Roll"],"picked":"Singing Bowl","floor":35},{"not_picked":["Outmaneuver"],"picked":"Singing Bowl","floor":36},{"not_picked":["Bane"],"picked":"Singing Bowl","floor":39},{"not_picked":["Bane+1"],"picked":"Singing Bowl","floor":40}],"player_experience":473960,"relics_obtained":[{"floor":3,"key":"Mercury Hourglass"},{"floor":7,"key":"Ancient Tea Set"},{"floor":9,"key":"War Paint"},{"floor":10,"key":"Singing Bowl"},{"floor":13,"key":"Regal Pillow"},{"floor":23,"key":"Blood Vial"},{"floor":25,"key":"Kunai"},{"floor":26,"key":"Bronze Scales"},{"floor":28,"key":"Dream Catcher"},{"floor":36,"key":"FossilizedHelix"},{"floor":40,"key":"Bag of Marbles"}],"event_choices":[{"damage_healed":0,"gold_gain":0,"player_choice":"Box","damage_taken":0,"relics_obtained":["Pen Nib"],"max_hp_gain":0,"max_hp_loss":0,"event_name":"Big Fish","floor":2,"gold_loss":0,"cards_obtained":["Regret"]},{"damage_healed":0,"gold_gain":0,"player_choice":"Success","damage_taken":7,"relics_obtained":["MawBank"],"max_hp_gain":0,"max_hp_loss":0,"event_name":"Scrap Ooze","floor":8,"gold_loss":0},{"cards_removed":["Regret"],"damage_healed":0,"gold_gain":0,"player_choice":"Card Removal","damage_taken":0,"max_hp_gain":0,"max_hp_loss":0,"event_name":"The Cleric","floor":14,"gold_loss":50},{"damage_healed":0,"gold_gain":99,"player_choice":"Stole From Cult","damage_taken":0,"max_hp_gain":0,"max_hp_loss":0,"event_name":"Nest","floor":20,"gold_loss":0},{"damage_healed":0,"gold_gain":0,"player_choice":"Obtain J.A.X.","damage_taken":0,"max_hp_gain":0,"max_hp_loss":0,"event_name":"Drug Dealer","floor":21,"gold_loss":0,"cards_obtained":["J.A.X."]},{"damage_healed":0,"gold_gain":0,"player_choice":"Shed Blood","damage_taken":20,"max_hp_gain":5,"max_hp_loss":0,"event_name":"Forgotten Altar","floor":31,"gold_loss":0},{"damage_healed":0,"gold_gain":0,"player_choice":"Fight","damage_taken":0,"max_hp_gain":0,"max_hp_loss":0,"event_name":"MindBloom","floor":36,"gold_loss":0},{"cards_removed":["Strike_G"],"damage_healed":0,"gold_gain":0,"player_choice":"Removed Attack","damage_taken":0,"max_hp_gain":0,"max_hp_loss":0,"event_name":"Falling","floor":38,"gold_loss":0}],"is_beta":false,"boss_relics":[{"not_picked":["HoveringKite","Orrery"],"picked":"WristBlade"},{"not_picked":["Velvet Choker","White Beast Statue"],"picked":"Busted Crown"}],"items_purged_floors":[],"is_endless":false,"potions_floor_spawned":[7,10,12,16,29,33,36,39],"killed_by":"Writhing Mass","ascension_level":11}