{"gold_per_floor":[114,133,133,149,149,149,178,189,243,126,157,175,175,195,195,295,295,309,155,173,173,190,190,209,308,331,331,345,373,388,413,413,513,513,527,300,311,84,96,129,129,158,158,184,184,204,204,231,231,231],"floor_reached":51,"playtime":3442,"items_purged":[],"score":1111,"play_id":"906dff67-d2a0-4771-827d-184a4ee6a020","local_time":"20181230200259","is_ascension_mode":true,"campfire_choices":[{"data":"Bash","floor":6,"key":"SMITH"},{"data":"Barricade","floor":15,"key":"SMITH"},{"data":"Demon Form","floor":23,"key":"SMITH"},{"data":"Impervious","floor":32,"key":"SMITH"},{"data":"Demon Form","floor":45,"key":"SMITH"},{"data":"Brutality","floor":49,"key":"SMITH"}],"neow_cost":"NONE","seed_source_timestamp":4916181248100,"circlet_count":0,"master_deck":["Strike_R","Strike_R","Strike_R","Strike_R","Defend_R","Defend_R","Defend_R","Defend_R","Bash+1","Flame Barrier","Uppercut","Battle Trance","Cleave+1","Headbutt+1","Fiend Fire+1","Body Slam+1","Barricade+1","Ghostly Armor","Iron Wave+1","Demon Form+1","Impervious+1","Body Slam+1","Ghostly","Ghostly","Ghostly","Ghostly","Ghostly","Ghostly Armor","Armaments+1","Juggernaut","Wild Strike+1","Spot Weakness","Evolve","Limit Break+1","Demon Form+1","Entrench","Shockwave+1","Parasite","Rage+1","Madness+1","Madness+1","Brutality+1"],"relics":["Burning Blood","NeowsBlessing","Molten Egg 2","Vajra","Ancient Tea Set","Mark of Pain","Juzu Bracelet","Singing Bowl","Centennial Puzzle","Snecko Eye","Oddly Smooth Stone","PreservedInsect","Incense Burner","Anchor","Toxic Egg 2","Boot","Ice Cream"],"potions_floor_usage":[11,20,29,30,44,50],"damage_taken":[{"damage":0,"enemies":"Jaw Worm","floor":1,"turns":1},{"damage":0,"enemies":"Cultist","floor":2,"turns":1},{"damage":0,"enemies":"2 Louse","floor":4,"turns":1},{"damage":36,"enemies":"Lagavulin","floor":7,"turns":10},{"damage":8,"enemies":"Large Slime","floor":8,"turns":5},{"damage":9,"enemies":"3 Sentries","floor":11,"turns":2},{"damage":11,"enemies":"Gremlin Gang","floor":12,"turns":4},{"damage":1,"enemies":"Looter","floor":14,"turns":2},{"damage":0,"enemies":"Slime Boss","floor":16,"turns":6},{"damage":23,"enemies":"2 Thieves","floor":18,"turns":3},{"damage":9,"enemies":"Shell Parasite","floor":20,"turns":4},{"damage":1,"enemies":"Sentry and Sphere","floor":22,"turns":7},{"damage":3,"enemies":"Snake Plant","floor":24,"turns":4},{"damage":7,"enemies":"3 Cultists","floor":28,"turns":4},{"damage":2,"enemies":"Slavers","floor":29,"turns":7},{"damage":0,"enemies":"Chosen and Byrds","floor":30,"turns":7},{"damage":5,"enemies":"Book of Stabbing","floor":31,"turns":7},{"damage":0,"enemies":"Champ","floor":33,"turns":7},{"damage":0,"enemies":"Orb Walker","floor":35,"turns":3},{"damage":5,"enemies":"3 Shapes","floor":37,"turns":6},{"damage":1,"enemies":"Sphere and 2 Shapes","floor":39,"turns":3},{"damage":0,"enemies":"Giant Head","floor":40,"turns":6},{"damage":25,"enemies":"Reptomancer","floor":42,"turns":6},{"damage":0,"enemies":"Nemesis","floor":44,"turns":3},{"damage":0,"enemies":"Writhing Mass","floor":46,"turns":5},{"damage":5,"enemies":"Giant Head","floor":48,"turns":7},{"damage":20,"enemies":"Awakened One","floor":50,"turns":15}],"seed_played":"4921090779942777584","potions_obtained":[{"floor":3,"key":"Swift Potion"},{"floor":3,"key":"SmokeBomb"},{"floor":3,"key":"Strength Potion"},{"floor":7,"key":"Explosive Potion"},{"floor":11,"key":"LiquidBronze"},{"floor":12,"key":"SpeedPotion"},{"floor":22,"key":"Regen Potion"},{"floor":29,"key":"Poison Potion"},{"floor":30,"key":"SpeedPotion"},{"floor":44,"key":"Fire Potion"},{"floor":48,"key":"Regen Potion"}],"is_trial":false,"path_per_floor":["M","M","?","M","?","R","E","M","T","$","E","M","?","M","R","B",null,"M","$","M","?","M","R","M","?","T","?","M","E","M","E","R","B",null,"M","$","M","$","M","E","?","E","T","E","R","M","?","E","R","B",null],"character_chosen":"IRONCLAD","items_purchased":["Fiend Fire+1","Body Slam+1","Impervious","Oddly Smooth Stone","Evolve","PreservedInsect","Limit Break"],"campfire_rested":0,"item_purchase_floors":[10,10,19,36,36,38,38],"current_hp_per_floor":[80,80,80,80,80,80,50,48,48,48,45,40,40,45,45,51,80,63,63,60,40,40,40,40,40,40,40,39,42,44,46,46,48,48,48,48,50,50,50,52,52,33,33,48,48,52,45,46,46,46],"gold":231,"neow_bonus":"THREE_ENEMY_KILL","is_prod":false,"is_daily":false,"chose_seed":false,"campfire_upgraded":6,"win_rate":0,"timestamp":1546218179,"path_taken":["M","M","?","?","?","R","E","M","T","$","E","M","?","M","R","BOSS","M","$","?","?","M","R","M","?","T","?","M","E","M","E","R","BOSS","M","$","M","$","M","E","?","E","T","E","R","M","?","E","R","BOSS"],"build_version":"2018-12-20","purchased_purges":0,"victory":true,"max_hp_per_floor":[80,80,80,80,80,80,80,80,80,80,80,80,80,80,80,80,80,80,80,80,40,40,40,40,40,40,40,40,42,44,46,46,48,48,48,48,50,50,50,52,52,52,52,52,52,52,52,52,52,52],"card_choices":[{"not_picked":["Wild Strike","Clash"],"picked":"Flame Barrier","floor":1},{"not_picked":["Warcry","Pommel Strike"],"picked":"Uppercut","floor":2},{"not_picked":["Iron Wave","Power Through"],"picked":"Battle Trance","floor":4},{"not_picked":["Perfected Strike","Dark Embrace"],"picked":"Cleave","floor":7},{"not_picked":["Entrench","Pommel Strike+1"],"picked":"Headbutt+1","floor":8},{"not_picked":["Pommel Strike+1","Clash+1"],"picked":"Barricade","floor":11},{"not_picked":["Clash+1","Pummel+1"],"picked":"Ghostly Armor","floor":12},{"not_picked":["Dropkick+1","Spot Weakness"],"picked":"Iron Wave+1","floor":14},{"not_picked":["Offering","Dark Embrace"],"picked":"Demon Form","floor":16},{"not_picked":["True Grit","Anger+1","Second Wind"],"picked":"SKIP","floor":18},{"not_picked":["Intimidate","Carnage+1"],"picked":"Body Slam+1","floor":20},{"not_picked":["Cleave+1","Headbutt+1"],"picked":"Ghostly Armor","floor":22},{"not_picked":["Cleave+1","Intimidate"],"picked":"Armaments+1","floor":24},{"not_picked":["Thunderclap+1","Cleave+1"],"picked":"Wild Strike+1","floor":28},{"not_picked":["Intimidate","Shrug It Off","Headbutt+1"],"picked":"Singing Bowl","floor":29},{"not_picked":["Sword Boomerang+1","Armaments+1","Rampage+1"],"picked":"Singing Bowl","floor":30},{"not_picked":["Seeing Red","Twin Strike+1","Headbutt+1"],"picked":"Singing Bowl","floor":31},{"not_picked":["Barricade","Double Tap","Berserk"],"picked":"Singing Bowl","floor":33},{"not_picked":["Flex+1","Body Slam+1"],"picked":"Spot Weakness","floor":35},{"not_picked":["Thunderclap+1","Anger+1","Clash+1"],"picked":"Singing Bowl","floor":37},{"not_picked":["Warcry+1","Headbutt+1"],"picked":"Demon Form","floor":39},{"not_picked":["Thunderclap+1","Anger+1","Pummel+1"],"picked":"Singing Bowl","floor":40},{"not_picked":["Blood for Blood+1","Clothesline+1"],"picked":"Entrench","floor":42},{"not_picked":["Perfected Strike+1","Rampage+1"],"picked":"Shockwave+1","floor":44},{"not_picked":["Shockwave+1","Intimidate+1"],"picked":"Rage+1","floor":46},{"not_picked":["Combust+1","Flex+1"],"picked":"Brutality","floor":48}],"player_experience":411903,"relics_obtained":[{"floor":7,"key":"Molten Egg 2"},{"floor":9,"key":"Vajra"},{"floor":11,"key":"Ancient Tea Set"},{"floor":26,"key":"Juzu Bracelet"},{"floor":29,"key":"Singing Bowl"},{"floor":31,"key":"Centennial Puzzle"},{"floor":40,"key":"Incense Burner"},{"floor":42,"key":"Anchor"},{"floor":43,"key":"Toxic Egg 2"},{"floor":44,"key":"Boot"},{"floor":48,"key":"Ice Cream"}],"event_choices":[{"damage_healed":0,"gold_gain":0,"player_choice":"Got Potions","damage_taken":0,"max_hp_gain":0,"max_hp_loss":0,"event_name":"Lab","floor":3,"gold_loss":0},{"damage_healed":0,"gold_gain":0,"player_choice":"Leave","damage_taken":0,"max_hp_gain":0,"max_hp_loss":0,"event_name":"The Cleric","floor":5,"gold_loss":0},{"cards_removed":["Strike_R"],"damage_healed":0,"gold_gain":0,"player_choice":"Purged","damage_taken":0,"max_hp_gain":0,"max_hp_loss":0,"event_name":"Purifier","floor":13,"gold_loss":0},{"damage_healed":0,"gold_gain":0,"player_choice":"Became a Ghost","damage_taken":0,"max_hp_gain":0,"max_hp_loss":40,"event_name":"Ghosts","floor":21,"gold_loss":0,"cards_obtained":["Ghostly","Ghostly","Ghostly","Ghostly","Ghostly"]},{"damage_healed":0,"gold_gain":99,"player_choice":"Stole From Cult","damage_taken":0,"max_hp_gain":0,"max_hp_loss":0,"event_name":"Nest","floor":25,"gold_loss":0},{"damage_healed":0,"gold_gain":0,"player_choice":"Read","damage_taken":0,"max_hp_gain":0,"max_hp_loss":0,"event_name":"The Library","floor":27,"gold_loss":0,"cards_obtained":["Juggernaut"]},{"damage_healed":0,"gold_gain":0,"player_choice":"Forge","damage_taken":0,"max_hp_gain":0,"max_hp_loss":0,"event_name":"Accursed Blacksmith","floor":41,"gold_loss":0,"cards_upgraded":["Limit Break"]},{"damage_healed":0,"gold_gain":0,"player_choice":"Embrace Madness","damage_taken":7,"max_hp_gain":0,"max_hp_loss":0,"event_name":"Winding Halls","floor":47,"gold_loss":0,"cards_obtained":["Madness","Madness"]}],"is_beta":false,"boss_relics":[{"not_picked":["Runic Cube","Ectoplasm"],"picked":"Mark of Pain"},{"not_picked":["Runic Dome","Eternal Feather"],"picked":"Snecko Eye"}],"items_purged_floors":[],"is_endless":false,"potions_floor_spawned":[7,11,12,18,22,28,29,30,33,37,44,48],"ascension_level":2}