{"path_per_floor":["M","M","M","?","$","R","M","M","T","R","?","E","$","?","R","B",null,"M","?","?","M","M","M","?","M","T","R","$","R","?","M","R","B",null,"M","?","M","$","M","R","M","M","T"],"character_chosen":"THE_SILENT","items_purchased":["After Image","Shuriken","Footwork","Cloak And Dagger"],"gold_per_floor":[110,123,135,135,57,57,68,82,82,82,257,282,207,207,207,310,310,322,322,322,334,348,366,366,383,383,383,34,34,34,48,48,144,144,154,154,171,89,100,100,113,129,129,129],"floor_reached":44,"campfire_rested":4,"playtime":3102,"current_hp_per_floor":[67,66,65,65,65,65,61,52,52,52,52,46,46,32,53,47,64,49,49,49,49,30,8,8,5,5,26,26,47,47,42,63,41,63,47,47,45,45,35,35,13,1,1,0],"items_purged":["Regret","Doubt"],"gold":129,"score":540,"play_id":"cd99a289-702d-490b-80fb-1e40a439f469","local_time":"20180413220037","is_prod":false,"is_daily":false,"chose_seed":false,"is_ascension_mode":true,"campfire_upgraded":3,"timestamp":1523671237,"path_taken":["M","?","M","?","$","R","M","M","T","R","?","E","$","?","R","BOSS","M","?","?","M","M","M","?","?","T","R","$","R","?","M","R","BOSS","M","?","M","$","M","R","?","M","T","M"],"build_version":"2018-04-12","seed_source_timestamp":1653781237654758,"purchased_purges":2,"victory":false,"master_deck":["Survivor","Neutralize","Backflip","Prepared","After Image+1","Dash+1","Dagger Throw+1","Die Die Die","A Thousand Cuts+1","PiercingWail","Backflip","Dagger Throw","Deadly Poison","Malaise","Slice","Underhanded Strike","Underhanded Strike","Acrobatics","Slice","Cloak And Dagger","Prepared","Acrobatics","Eviscerate","Blur","After Image","Flash of Steel","Predator+1","Footwork","Cloak And Dagger","Cloak And Dagger","Cloak And Dagger+1","Slice+1"],"max_hp_per_floor":[70,70,70,70,70,70,70,70,70,70,70,70,70,70,70,70,70,70,70,70,70,70,70,70,70,70,70,70,70,70,70,70,70,70,70,70,70,70,70,70,70,70,70,70],"relics":["Ring of the Snake","Orichalcum","Pen Nib","Ginger","Pandora\u0027s Box","Bag of Preparation","Dream Catcher","Shuriken","Runic Dome","Molten Egg 2"],"card_choices":[{"not_picked":["Riddle With Holes","Reflex"],"picked":"Backflip","floor":1.0},{"not_picked":["Crippling Poison","Outmaneuver"],"picked":"Prepared","floor":2.0},{"not_picked":["Flying Knee","Crippling Poison"],"picked":"Dash","floor":7.0},{"not_picked":["Sucker Punch","Underhanded Strike"],"picked":"Dagger Throw","floor":8.0},{"not_picked":["Dagger Spray","Eviscerate"],"picked":"Die Die Die","floor":12.0},{"not_picked":["Night Terror","Unload"],"picked":"A Thousand Cuts","floor":16.0},{"not_picked":["Quick Slash","Terror"],"picked":"PiercingWail","floor":18.0},{"not_picked":["Malaise","Underhanded Strike"],"picked":"Prepared","floor":23.0},{"not_picked":["Doppelganger","Blade Dance"],"picked":"Acrobatics","floor":25.0},{"not_picked":["Dagger Throw","Flying Knee"],"picked":"Eviscerate","floor":27},{"not_picked":["Underhanded Strike","Masterful Stab"],"picked":"Blur","floor":32},{"not_picked":["Night Terror","Wraith Form v2"],"picked":"After Image","floor":33},{"not_picked":["Sadistic Nature","Swift Strike"],"picked":"Flash of Steel","floor":36},{"not_picked":["Dagger Spray","Outmaneuver"],"picked":"Predator","floor":37},{"not_picked":["Leg Sweep","Malaise"],"picked":"Cloak And Dagger","floor":39},{"not_picked":["Outmaneuver","Deflect"],"picked":"Cloak And Dagger","floor":41},{"not_picked":["Outmaneuver","Quick Slash"],"picked":"Slice","floor":42}],"player_experience":436938,"potions_floor_usage":[33,33,44],"damage_taken":[{"damage":3.0,"enemies":"Cultist","floor":1.0,"turns":5.0},{"damage":1.0,"enemies":"Jaw Worm","floor":2.0,"turns":4.0},{"damage":1.0,"enemies":"2 Louse","floor":3.0,"turns":4.0},{"damage":4.0,"enemies":"Blue Slaver","floor":7.0,"turns":5.0},{"damage":9.0,"enemies":"Large Slime","floor":8.0,"turns":8.0},{"damage":6.0,"enemies":"3 Sentries","floor":12.0,"turns":11.0},{"damage":6.0,"enemies":"Hexaghost","floor":16.0,"turns":11.0},{"damage":15.0,"enemies":"Shell Parasite","floor":18.0,"turns":5.0},{"damage":0.0,"enemies":"Chosen","floor":21.0,"turns":4.0},{"damage":19.0,"enemies":"Snake Plant","floor":22.0,"turns":6.0},{"damage":22.0,"enemies":"Slaver and Parasite","floor":23.0,"turns":7.0},{"damage":3.0,"enemies":"Snecko","floor":25.0,"turns":4.0},{"damage":5,"enemies":"3 Cultists","floor":31,"turns":4},{"damage":22,"enemies":"Collector","floor":33,"turns":9},{"damage":16,"enemies":"3 Darklings","floor":35,"turns":5},{"damage":2,"enemies":"3 Shapes","floor":37,"turns":5},{"damage":10,"enemies":"Maw","floor":39,"turns":7},{"damage":22,"enemies":"Sphere and 2 Shapes","floor":41,"turns":6},{"damage":12,"enemies":"4 Shapes","floor":42,"turns":3},{"damage":10,"enemies":"3 Darklings","floor":44,"turns":2}],"event_choices":[{"event_name":"Big Fish","player_choice":"Box","floor":4.0,"damage_taken":0.0},{"event_name":"Liars Game","player_choice":"agreed","floor":11.0,"damage_taken":0.0},{"event_name":"Shining Light","player_choice":"Entered Light","floor":14.0,"damage_taken":0.0},{"event_name":"The Mausoleum","player_choice":"Yes","floor":19.0,"damage_taken":0.0},{"event_name":"The Library","player_choice":"Read","floor":20.0,"damage_taken":0.0},{"event_name":"Vampires","player_choice":"Ignored","floor":24.0,"damage_taken":0.0},{"event_name":"Back to Basics","player_choice":"Elegance","floor":30,"damage_taken":0},{"event_name":"SensoryStone","player_choice":"Memory 1","floor":36,"damage_taken":0}],"boss_relics":[{"not_picked":["Black Star","White Beast Statue"],"picked":"Runic Dome"}],"potions_floor_spawned":[1,2,8,22,31,35,42],"seed_played":"1334324864609124864","killed_by":"3 Darklings","ascension_level":5,"is_trial":false}