{"path_per_floor":["M","$","?","?","$","R","$","?","T","T","E","M","M","M","R","B",null,"M","?","$","$","T","R","M","M","T","?","M","M","R","$","R","B",null,"M","M","$","M","?"],"character_chosen":"THE_SILENT","items_purchased":["Bouncing Flask","Escape Plan","Footwork","A Thousand Cuts","Cloak And Dagger","Poisoned Stab","Noxious Fumes","Blood Vial","Cloak And Dagger"],"gold_per_floor":[118,9,184,259,18,18,18,18,18,45,70,88,103,122,122,218,218,234,234,63,63,89,89,64,81,81,81,97,117,117,45,45,150,150,164,184,15,25,25,25],"floor_reached":40,"campfire_rested":2,"playtime":2065,"current_hp_per_floor":[70,70,70,59,59,59,59,59,59,59,59,59,59,59,59,56,67,59,59,59,59,59,59,19,19,19,19,17,14,35,35,56,44,64,64,33,33,19,10,0],"items_purged":["Strike_G","Doubt"],"gold":25,"score":511,"play_id":"f9b4ff26-3f6f-42de-ada8-ac1d76558f8a","local_time":"20180402211249","is_prod":false,"is_daily":false,"is_ascension_mode":true,"campfire_upgraded":3,"timestamp":1522717969,"path_taken":["M","$","?","?","?","R","$","?","T","?","E","M","?","M","R","BOSS","M","?","?","$","?","R","M","M","T","?","M","M","R","?","R","BOSS","M","?","?","M","?","M"],"build_version":"2018-03-29v2","purchased_purges":3,"victory":false,"master_deck":["Defend_G","Defend_G","Defend_G","Defend_G","Defend_G","Strike_G","Strike_G","Survivor","Neutralize","Caltrops+1","Bouncing Flask","Escape Plan","Footwork+1","Poisoned Stab","Noxious Fumes+1","After Image","Backflip","Riddle With Holes","A Thousand Cuts","Cloak And Dagger","Poisoned Stab","Dodge and Roll+1","Cloak And Dagger","Prepared","Noxious Fumes","Bullet Time","Dodge and Roll+1","Cloak And Dagger","Madness","Madness"],"max_hp_per_floor":[70,70,70,70,70,70,70,70,70,70,70,70,70,70,70,70,70,70,70,70,70,70,70,70,70,70,70,70,70,70,70,70,70,70,70,70,70,70,70,70],"relics":["Ring of the Snake","NeowsBlessing","Bag of Preparation","Bronze Scales","Ancient Tea Set","The Specimen","Lantern","Meat on the Bone","Philosopher\u0027s Stone","Blood Vial"],"card_choices":[{"not_picked":["Flying Knee","Outmaneuver"],"picked":"Caltrops","floor":1},{"not_picked":["PiercingWail","Outmaneuver"],"picked":"Poisoned Stab","floor":11},{"not_picked":["Poisoned Stab","Phantasmal Killer"],"picked":"Noxious Fumes","floor":14},{"not_picked":["Doppelganger","Venomology"],"picked":"After Image","floor":16},{"not_picked":["Skewer","Deadly Poison"],"picked":"Backflip","floor":18},{"not_picked":["Catalyst","Deadly Poison"],"picked":"Dodge and Roll","floor":25},{"not_picked":["Terror","Blade Dance"],"picked":"Cloak And Dagger","floor":28},{"not_picked":["All Out Attack","Quick Slash"],"picked":"Prepared","floor":29},{"not_picked":["Grand Finale","Envenom"],"picked":"Bullet Time","floor":33},{"not_picked":["Bane","Prepared"],"picked":"Dodge and Roll","floor":35}],"player_experience":377780,"potions_floor_usage":[25,25,28,29,33,33,38,40],"damage_taken":[{"damage":0,"enemies":"Jaw Worm","floor":1,"turns":1},{"damage":0,"enemies":"3 Sentries","floor":11,"turns":2},{"damage":0,"enemies":"2 Louse","floor":12,"turns":1},{"damage":0,"enemies":"Cultist","floor":13,"turns":3},{"damage":0,"enemies":"3 Louse","floor":14,"turns":4},{"damage":3,"enemies":"Hexaghost","floor":16,"turns":7},{"damage":8,"enemies":"Shell Parasite","floor":18,"turns":5},{"damage":40,"enemies":"2 Thieves","floor":24,"turns":5},{"damage":0,"enemies":"Snake Plant","floor":25,"turns":6},{"damage":14,"enemies":"Chosen and Byrds","floor":28,"turns":5},{"damage":15,"enemies":"Slaver and Parasite","floor":29,"turns":7},{"damage":24,"enemies":"Automaton","floor":33,"turns":10},{"damage":0,"enemies":"Orb Walker","floor":35,"turns":4},{"damage":43,"enemies":"3 Darklings","floor":36,"turns":5},{"damage":28,"enemies":"Sphere and 2 Shapes","floor":38,"turns":5},{"damage":13,"enemies":"Maw","floor":40,"turns":6}],"event_choices":[{"event_name":"Liars Game","player_choice":"agreed","floor":3,"damage_taken":0},{"event_name":"World of Goop","player_choice":"Gather Gold","floor":4,"damage_taken":0},{"event_name":"Purifier","player_choice":"One Purge","floor":8,"damage_taken":0},{"event_name":"Transmorgrifier","player_choice":"Transform","floor":19,"damage_taken":0},{"event_name":"Drug Dealer","player_choice":"Ignored","floor":27,"damage_taken":0},{"event_name":"Winding Halls","player_choice":"Embrace Madness","floor":39,"damage_taken":0}],"boss_relics":[{"not_picked":["Eternal Feather","Astrolabe"],"picked":"The Specimen"},{"not_picked":["Runic Dome","Runic Pyramid"],"picked":"Philosopher\u0027s Stone"}],"potions_floor_spawned":[11,13,14,24,25,28,29,35,36],"seed_played":"-1991026219117146585","killed_by":"Maw","ascension_level":5,"is_trial":false}