{"path_per_floor":["M","?","M","$","M","R","E","R","T","R","M","$","M","?","R","B",null,"M","?","$","?","?","M","R"],"character_chosen":"THE_SILENT","items_purchased":["Heel Hook","Leg Sweep","Prepared","Lantern"],"gold_per_floor":[115,115,131,61,74,74,99,99,126,126,141,102,116,66,66,165,195,215,215,15,15,15,35,35,35],"floor_reached":25,"campfire_rested":2,"playtime":2195,"current_hp_per_floor":[65,65,64,64,62,62,31,52,52,52,35,35,34,34,55,14,61,61,61,61,61,61,55,55,0],"items_purged":[],"gold":35,"score":249,"play_id":"d5bee2e5-5911-4f79-b139-ae2a6adb614d","local_time":"20180406214545","is_prod":false,"is_daily":false,"is_ascension_mode":true,"campfire_upgraded":1,"timestamp":1523065545,"path_taken":["M","?","M","$","M","R","E","R","T","R","M","?","M","?","R","BOSS","M","?","$","?","?","M","R","E"],"build_version":"2018-04-05v2","purchased_purges":1,"victory":false,"master_deck":["Defend_G","Defend_G","Defend_G","Defend_G","Strike_G","Strike_G","Survivor","Neutralize+1","Infinite Blades","Prepared","Heel Hook","Prepared","After Image","Acrobatics","Leg Sweep","Footwork+1","Tactician","Infinite Blades","Prepared","Cloak And Dagger+1"],"max_hp_per_floor":[70,70,70,70,70,70,70,70,70,70,70,70,70,70,70,70,75,75,75,75,75,75,75,75,75],"relics":["Ring of the Snake","Peace Pipe","Oddly Smooth Stone","Dream Catcher","Tiny House","Lantern"],"card_choices":[{"not_picked":["Deflect","Poisoned Stab"],"picked":"Infinite Blades","floor":1.0},{"not_picked":["Flying Knee","Sucker Punch"],"picked":"Prepared","floor":3.0},{"not_picked":["Outmaneuver","Distraction"],"picked":"Prepared","floor":5},{"not_picked":["Concentrate","Dagger Throw"],"picked":"After Image","floor":7},{"not_picked":["Reflex","Dagger Spray"],"picked":"Acrobatics","floor":11},{"not_picked":["PiercingWail","Flechettes"],"picked":"Footwork","floor":13},{"not_picked":["Bullet Time","Grand Finale"],"picked":"Tactician","floor":16},{"not_picked":["Outmaneuver","Bane"],"picked":"Infinite Blades","floor":17},{"not_picked":["Finisher","Prepared"],"picked":"Cloak And Dagger","floor":23}],"player_experience":407407,"potions_floor_usage":[16,16,25,25,25],"damage_taken":[{"damage":5.0,"enemies":"2 Louse","floor":1.0,"turns":4.0},{"damage":1.0,"enemies":"Cultist","floor":3.0,"turns":3.0},{"damage":2,"enemies":"Jaw Worm","floor":5,"turns":4},{"damage":31,"enemies":"3 Sentries","floor":7,"turns":11},{"damage":17,"enemies":"Exordium Thugs","floor":11,"turns":6},{"damage":1,"enemies":"2 Fungi Beasts","floor":13,"turns":5},{"damage":41,"enemies":"Hexaghost","floor":16,"turns":23},{"damage":0,"enemies":"Chosen","floor":18,"turns":8},{"damage":6,"enemies":"Spheric Guardian","floor":23,"turns":9},{"damage":58,"enemies":"Gremlin Leader","floor":25,"turns":10}],"event_choices":[{"event_name":"Fountain of Cleansing","player_choice":"Removed Curse","floor":2.0,"damage_taken":0.0},{"event_name":"The Cleric","player_choice":"Card Removal","floor":14,"damage_taken":0},{"event_name":"Back to Basics","player_choice":"Elegance","floor":19,"damage_taken":0},{"event_name":"Drug Dealer","player_choice":"Ignored","floor":21,"damage_taken":0},{"event_name":"Ghosts","player_choice":"Ignored","floor":22,"damage_taken":0}],"boss_relics":[{"not_picked":["Philosopher\u0027s Stone","White Beast Statue"],"picked":"Tiny House"}],"potions_floor_spawned":[1,5,7,16,23],"seed_played":"-5890973386859308058","killed_by":"Gremlin Leader","ascension_level":5,"is_trial":false}