{"gold_per_floor":[118,118,67,67,67,67,86,86,86,86,101,114,128,143,143,274,274,287,14,14,14,27,27,51,86,86,86,107,132,47,47],"floor_reached":31,"playtime":964,"items_purged":[],"score":257,"play_id":"4da618a8-14a8-4268-bceb-349a4c7a474d","local_time":"20181103220514","is_ascension_mode":true,"campfire_choices":[{"data":"Perfected Strike","floor":6,"key":"SMITH"},{"data":"Wild Strike","floor":8,"key":"SMITH"},{"data":"Bash","floor":10,"key":"SMITH"},{"data":"Twin Strike","floor":15,"key":"SMITH"},{"data":"RitualDagger","floor":23,"key":"SMITH"},{"floor":27,"key":"REST"}],"neow_cost":"NONE","seed_source_timestamp":5193215753647,"circlet_count":0,"master_deck":["Strike_R","Strike_R","Strike_R","Strike_R","Strike_R","Defend_R","Defend_R","Defend_R","Defend_R","Bash+1","Pommel Strike+1","Perfected Strike+1","Wild Strike+1","Burning Pact","Twin Strike+1","Offering","True Grit","Wild Strike","Flex+1","Pommel Strike+1","Metallicize","RitualDagger+1","Flex","Shrug It Off","Metallicize+1","Wild Strike"],"relics":["Burning Blood","Ancient Tea Set","Golden Idol","Boot","Paper Frog","Orrery","Whetstone","Happy Flower","Omamori","Smiling Mask","StoneCalendar","Pantograph"],"potions_floor_usage":[25,25,29,29],"damage_taken":[{"damage":6,"enemies":"2 Louse","floor":1,"turns":3},{"damage":1,"enemies":"Jaw Worm","floor":7,"turns":2},{"damage":0,"enemies":"Small Slimes","floor":11,"turns":2},{"damage":7,"enemies":"3 Louse","floor":12,"turns":3},{"damage":14,"enemies":"Exordium Thugs","floor":13,"turns":4},{"damage":0,"enemies":"Exordium Wildlife","floor":14,"turns":2},{"damage":50,"enemies":"Hexaghost","floor":16,"turns":7},{"damage":23,"enemies":"Shell Parasite","floor":18,"turns":4},{"damage":29,"enemies":"3 Byrds","floor":22,"turns":5},{"damage":31,"enemies":"Slavers","floor":25,"turns":4},{"damage":10,"enemies":"Centurion and Healer","floor":28,"turns":3},{"damage":21,"enemies":"Snake Plant","floor":29,"turns":2},{"damage":21,"enemies":"Cultist and Chosen","floor":31,"turns":6}],"seed_played":"-7304573445932172515","potions_obtained":[{"floor":1,"key":"SteroidPotion"},{"floor":11,"key":"Weak Potion"},{"floor":12,"key":"Fire Potion"},{"floor":16,"key":"Block Potion"},{"floor":25,"key":"FearPotion"},{"floor":28,"key":"Fire Potion"}],"is_trial":false,"path_per_floor":["M","?","$","?","?","R","M","R","T","R","M","M","M","M","R","B",null,"M","$","?","?","M","R","T","E","T","R","M","M","?","M"],"character_chosen":"IRONCLAD","items_purchased":["Perfected Strike","Pommel Strike","Metallicize","Whetstone"],"campfire_rested":1,"item_purchase_floors":[3,19,19,19],"current_hp_per_floor":[80,60,60,57,62,62,67,67,67,67,73,72,64,70,70,26,85,68,68,62,62,39,39,39,14,14,39,35,20,20,0],"gold":47,"neow_bonus":"RANDOM_COMMON_RELIC","is_prod":false,"is_daily":false,"chose_seed":false,"campfire_upgraded":5,"win_rate":0,"timestamp":1541297114,"path_taken":["M","?","$","?","?","R","M","R","T","R","M","?","M","M","R","BOSS","M","$","?","?","M","R","?","E","T","R","M","M","?","M"],"build_version":"2018-11-01","purchased_purges":0,"victory":false,"max_hp_per_floor":[80,80,80,80,85,85,85,85,85,85,85,85,85,85,85,85,85,85,85,85,85,85,85,85,85,85,85,85,85,85,85],"card_choices":[{"not_picked":["Power Through","Headbutt"],"picked":"Pommel Strike","floor":1},{"not_picked":["Feel No Pain","Intimidate"],"picked":"Wild Strike","floor":7},{"not_picked":["Flex","Evolve"],"picked":"Burning Pact","floor":11},{"not_picked":["Intimidate","Thunderclap","Bludgeon"],"picked":"SKIP","floor":12},{"not_picked":["Rage","Warcry","Clothesline"],"picked":"SKIP","floor":13},{"not_picked":["Headbutt","Spot Weakness"],"picked":"Twin Strike","floor":14},{"not_picked":["Double Tap","Dark Embrace"],"picked":"Offering","floor":16},{"not_picked":["Body Slam","Anger"],"picked":"True Grit","floor":17},{"not_picked":["Sword Boomerang","Warcry"],"picked":"Wild Strike","floor":17},{"not_picked":["Cleave","Sentinel+1"],"picked":"Flex+1","floor":18},{"not_picked":["Cleave+1","Headbutt"],"picked":"Flex","floor":22},{"not_picked":["Intimidate","Wild Strike"],"picked":"Shrug It Off","floor":25},{"not_picked":["Heavy Blade","Shockwave"],"picked":"Metallicize+1","floor":28},{"not_picked":["Anger","Feel No Pain"],"picked":"Wild Strike","floor":29}],"player_experience":728992,"relics_obtained":[{"floor":9,"key":"Paper Frog"},{"floor":24,"key":"Omamori"},{"floor":25,"key":"Smiling Mask"},{"floor":26,"key":"StoneCalendar"}],"event_choices":[{"damage_healed":0,"gold_gain":0,"player_choice":"Take Damage","damage_taken":20,"relics_obtained":["Golden Idol"],"max_hp_gain":0,"max_hp_loss":0,"event_name":"Golden Idol","floor":2,"gold_loss":0},{"damage_healed":0,"gold_gain":0,"player_choice":"Success","damage_taken":3,"relics_obtained":["Boot"],"max_hp_gain":0,"max_hp_loss":0,"event_name":"Scrap Ooze","floor":4,"gold_loss":0},{"damage_healed":0,"gold_gain":0,"player_choice":"Donut","damage_taken":0,"max_hp_gain":5,"max_hp_loss":0,"event_name":"Big Fish","floor":5,"gold_loss":0},{"damage_healed":0,"gold_gain":0,"player_choice":"Joined the Cult","damage_taken":6,"max_hp_gain":0,"max_hp_loss":0,"event_name":"Nest","floor":20,"gold_loss":0,"cards_obtained":["RitualDagger"]},{"damage_healed":0,"gold_gain":0,"player_choice":"Opened","damage_taken":0,"relics_obtained":["Happy Flower"],"max_hp_gain":0,"max_hp_loss":0,"event_name":"The Mausoleum","floor":21,"gold_loss":0},{"damage_healed":0,"gold_gain":0,"player_choice":"Obtained Relic","damage_taken":0,"relics_obtained":["Pantograph"],"max_hp_gain":0,"max_hp_loss":0,"event_name":"Addict","floor":30,"gold_loss":85}],"is_beta":false,"boss_relics":[{"not_picked":["Black Star","Tiny House"],"picked":"Orrery"}],"items_purged_floors":[],"is_endless":false,"potions_floor_spawned":[1,11,12,16,25,28],"killed_by":"Cultist and Chosen","ascension_level":1}