{"gold_per_floor":[209,222,233,308,34,45,45,55,104,120,120,179,179,197,197,301,301,312,77,77,90,90],"floor_reached":22,"playtime":1149,"items_purged":["Strike_R"],"score":196,"play_id":"43d52055-507a-4621-96c9-d5c0f68ed4ea","local_time":"20181109212736","is_ascension_mode":true,"campfire_choices":[{"data":"Searing Blow","floor":11,"key":"SMITH"},{"data":"Searing Blow+1","floor":13,"key":"SMITH"},{"floor":15,"key":"REST"}],"neow_cost":"NONE","seed_source_timestamp":524744331321695,"circlet_count":0,"master_deck":["Strike_R","Strike_R","Strike_R","Strike_R","Defend_R","Defend_R","Defend_R","Defend_R","Bash","Pummel","Rupture","Combust","Pummel","Shrug It Off","Searing Blow+2","Headbutt","Battle Trance","Brutality","Doubt","Pain","Doubt","Burning Pact","Searing Blow+2","True Grit","Armaments","Flex"],"relics":["Burning Blood","Sundial","Strawberry","Red Skull","Calling Bell","Lantern","Frozen Egg 2","Thread and Needle","DollysMirror"],"potions_floor_usage":[12,12,16,21,22],"damage_taken":[{"damage":2,"enemies":"Jaw Worm","floor":1,"turns":3},{"damage":0,"enemies":"2 Louse","floor":2,"turns":3},{"damage":11,"enemies":"Cultist","floor":3,"turns":4},{"damage":2,"enemies":"2 Fungi Beasts","floor":6,"turns":3},{"damage":14,"enemies":"Exordium Thugs","floor":8,"turns":4},{"damage":19,"enemies":"Red Slaver","floor":10,"turns":4},{"damage":17,"enemies":"3 Sentries","floor":12,"turns":5},{"damage":15,"enemies":"3 Louse","floor":14,"turns":2},{"damage":54,"enemies":"The Guardian","floor":16,"turns":14},{"damage":55,"enemies":"3 Byrds","floor":18,"turns":5},{"damage":15,"enemies":"2 Thieves","floor":21,"turns":3},{"damage":39,"enemies":"Sentry and Sphere","floor":22,"turns":5}],"seed_played":"6113330003213242278","potions_obtained":[{"floor":2,"key":"Ancient Potion"},{"floor":8,"key":"PowerPotion"},{"floor":10,"key":"Fire Potion"},{"floor":12,"key":"FearPotion"},{"floor":18,"key":"Strength Potion"},{"floor":21,"key":"BloodPotion"}],"is_trial":false,"path_per_floor":["M","M","M","?","$","M","?","M","T","M","R","?","R","M","R","B",null,"M","$","?","M","M"],"character_chosen":"IRONCLAD","items_purchased":["Combust","Pummel","Shrug It Off","DollysMirror","True Grit"],"campfire_rested":1,"item_purchase_floors":[5,5,5,19,19],"current_hp_per_floor":[80,80,75,64,64,68,65,57,64,51,51,40,40,31,57,9,87,38,38,38,29,0],"gold":90,"neow_bonus":"HUNDRED_GOLD","is_prod":false,"is_daily":false,"chose_seed":false,"campfire_upgraded":2,"win_rate":0,"timestamp":1541816856,"path_taken":["M","M","M","?","$","M","?","M","T","M","R","?","R","M","R","BOSS","M","$","?","M","M"],"build_version":"2018-11-08","purchased_purges":1,"victory":false,"max_hp_per_floor":[80,80,80,80,80,80,80,80,87,87,87,87,87,87,87,87,87,87,87,87,87,87],"card_choices":[{"not_picked":["Havoc","Clash","Wild Strike"],"picked":"SKIP","floor":1},{"not_picked":["Headbutt","Infernal Blade"],"picked":"Pummel","floor":2},{"not_picked":["Evolve","Headbutt"],"picked":"Rupture","floor":3},{"not_picked":["Rage","Uppercut"],"picked":"Searing Blow","floor":6},{"not_picked":["Thunderclap","Second Wind"],"picked":"Headbutt","floor":8},{"not_picked":["Anger","Reckless Charge","Clash"],"picked":"SKIP","floor":10},{"not_picked":["Clothesline","Metallicize"],"picked":"Battle Trance","floor":14},{"not_picked":["Berserk","Fiend Fire"],"picked":"Brutality","floor":16},{"not_picked":["Infernal Blade+1","Battle Trance"],"picked":"Burning Pact","floor":18},{"not_picked":["Body Slam","Wild Strike"],"picked":"Flex","floor":21}],"player_experience":774622,"relics_obtained":[{"floor":9,"key":"Strawberry"},{"floor":12,"key":"Red Skull"},{"floor":17,"key":"Lantern"},{"floor":17,"key":"Frozen Egg 2"},{"floor":17,"key":"Thread and Needle"}],"event_choices":[{"damage_healed":0,"gold_gain":75,"player_choice":"Gather Gold","damage_taken":11,"max_hp_gain":0,"max_hp_loss":0,"event_name":"World of Goop","floor":4,"gold_loss":0},{"damage_healed":0,"gold_gain":0,"player_choice":"Success","damage_taken":3,"relics_obtained":["Sundial"],"max_hp_gain":0,"max_hp_loss":0,"event_name":"Scrap Ooze","floor":7,"gold_loss":0},{"damage_healed":0,"gold_gain":0,"player_choice":"Searched \u00271\u0027 times","damage_taken":0,"max_hp_gain":0,"max_hp_loss":0,"event_name":"Dead Adventurer","floor":12,"gold_loss":0},{"damage_healed":0,"gold_gain":0,"player_choice":"Read","damage_taken":0,"max_hp_gain":0,"max_hp_loss":0,"event_name":"The Library","floor":20,"gold_loss":0,"cards_obtained":["Armaments"]}],"is_beta":false,"boss_relics":[{"not_picked":["Sozu","Velvet Choker"],"picked":"Calling Bell"}],"items_purged_floors":[5],"is_endless":false,"potions_floor_spawned":[2,8,10,12,18,21],"killed_by":"Sentry and Sphere","ascension_level":2}