{"gold_per_floor":[113,113,133,9,24,24,44,44,71,91,91,91,109,126,126,230,230,244,254,75,75,95,95,160,170,170,170,181,16,16,30,30,131,131,150,86,102,62,62,62,78,96,96,96,116,116],"floor_reached":46,"playtime":3576,"items_purged":["Strike_B","Writhe"],"score":461,"play_id":"c683d3ab-6ff7-495b-acf4-36b41afa3944","local_time":"20181006040729","is_ascension_mode":false,"campfire_choices":[{"data":"Blizzard","floor":6,"key":"SMITH"},{"data":"Loop","floor":8,"key":"SMITH"},{"data":"Chill","floor":12,"key":"SMITH"},{"floor":15,"key":"REST"},{"floor":23,"key":"REST"},{"data":"Seek","floor":27,"key":"SMITH"},{"floor":32,"key":"REST"},{"data":"Loop","floor":40,"key":"SMITH"},{"floor":44,"key":"REST"}],"neow_cost":"CURSE","seed_source_timestamp":1986894688039501,"circlet_count":0,"master_deck":["Strike_B+1","Strike_B","Defend_B","Defend_B","Defend_B","Zap","Dualcast","Recycle","Loop+1","Sweeping Beam","White Noise","Blizzard+1","Cold Snap","Ball Lightning+1","Chill+1","Coolheaded","Stack","Seek+1","Stack","Loop+1","Finesse","Capacitor","Capacitor+1","Coolheaded","Loop+1","Stack","Cold Snap","Seek","Cold Snap","Loop","Chill","Doubt","Loop+1"],"relics":["Cracked Core","Regal Pillow","Cursed Key","MutagenicStrength","Tiny Chest","The Courier","GremlinMask","Sozu","DataDisk"],"potions_floor_usage":[16,24,24,33],"damage_taken":[{"damage":6,"enemies":"Jaw Worm","floor":1,"turns":3},{"damage":0,"enemies":"2 Louse","floor":3,"turns":2},{"damage":4,"enemies":"Small Slimes","floor":5,"turns":2},{"damage":33,"enemies":"Exordium Thugs","floor":7,"turns":4},{"damage":11,"enemies":"2 Fungi Beasts","floor":10,"turns":3},{"damage":0,"enemies":"3 Louse","floor":13,"turns":2},{"damage":1,"enemies":"Looter","floor":14,"turns":3},{"damage":38,"enemies":"The Guardian","floor":16,"turns":13},{"damage":30,"enemies":"2 Thieves","floor":18,"turns":4},{"damage":8,"enemies":"Shell Parasite","floor":19,"turns":6},{"damage":17,"enemies":"Centurion and Healer","floor":22,"turns":11},{"damage":11,"enemies":"Book of Stabbing","floor":24,"turns":6},{"damage":13,"enemies":"3 Cultists","floor":25,"turns":4},{"damage":14,"enemies":"Shelled Parasite and Fungi","floor":28,"turns":7},{"damage":13,"enemies":"Snake Plant","floor":31,"turns":5},{"damage":19,"enemies":"Champ","floor":33,"turns":16},{"damage":9,"enemies":"Orb Walker","floor":35,"turns":5},{"damage":19,"enemies":"3 Darklings","floor":37,"turns":6},{"damage":21,"enemies":"Sphere and 2 Shapes","floor":41,"turns":6},{"damage":20,"enemies":"Spire Growth","floor":42,"turns":8},{"damage":13,"enemies":"Transient","floor":45,"turns":5},{"damage":55,"enemies":"Reptomancer","floor":46,"turns":2}],"seed_played":"381216605248952475","potions_obtained":[{"floor":1,"key":"AttackPotion"},{"floor":5,"key":"Strength Potion"},{"floor":13,"key":"PowerPotion"},{"floor":22,"key":"Weak Potion"},{"floor":25,"key":"Dexterity Potion"},{"floor":31,"key":"Dexterity Potion"}],"is_trial":false,"path_per_floor":["M","?","M","$","M","R","M","R","T","M","?","R","M","M","R","B",null,"M","M","$","?","M","R","E","M","T","R","M","$","?","M","R","B",null,"M","$","M","?","?","R","M","M","T","R","M"],"character_chosen":"DEFECT","items_purchased":["Blizzard","Cold Snap","Finesse","Loop","Stack","Loop"],"campfire_rested":4,"item_purchase_floors":[4,4,20,29,29,36],"current_hp_per_floor":[69,74,74,74,70,70,37,37,37,26,26,26,26,25,64,26,80,50,42,42,42,25,64,53,40,40,40,26,26,26,13,52,33,80,71,71,52,52,52,52,31,11,11,50,37,0],"gold":116,"neow_bonus":"TRANSFORM_TWO_CARDS","is_prod":false,"is_daily":false,"chose_seed":false,"campfire_upgraded":5,"win_rate":0,"timestamp":1538813249,"path_taken":["M","?","M","$","M","R","M","R","T","M","?","R","M","M","R","BOSS","M","M","$","?","M","R","E","M","T","R","M","$","?","M","R","BOSS","M","$","M","?","?","R","M","?","T","R","M","M"],"build_version":"2018-10-04v2","purchased_purges":2,"victory":false,"max_hp_per_floor":[75,80,80,80,80,80,80,80,80,80,80,80,80,80,80,80,80,80,80,80,80,80,80,80,80,80,80,80,80,80,80,80,80,80,80,80,80,80,80,80,80,80,80,80,80,80],"card_choices":[{"not_picked":["Conserve Battery","Auto Shields"],"picked":"Sweeping Beam","floor":1},{"not_picked":["Auto Shields","Streamline"],"picked":"White Noise","floor":3},{"not_picked":["Hologram","Go for the Eyes"],"picked":"Ball Lightning","floor":5},{"not_picked":["Conserve Battery","Steam Power","Beam Cell"],"picked":"SKIP","floor":7},{"not_picked":["Leap","Rebound"],"picked":"Chill","floor":10},{"not_picked":["Beam Cell","Streamline"],"picked":"Coolheaded","floor":13},{"not_picked":["Go for the Eyes","Melter"],"picked":"Stack","floor":14},{"not_picked":["Core Surge","Meteor Strike"],"picked":"Seek","floor":16},{"not_picked":["Hologram+1","Steam"],"picked":"Stack","floor":18},{"not_picked":["Cold Snap+1","Hologram+1"],"picked":"Loop+1","floor":19},{"not_picked":["Chill","Coolheaded"],"picked":"Capacitor","floor":22},{"not_picked":["Gash","Consume"],"picked":"Capacitor+1","floor":24},{"not_picked":["Undo","Beam Cell"],"picked":"Coolheaded","floor":25},{"not_picked":["Tempest","Hologram+1","Skim"],"picked":"SKIP","floor":28},{"not_picked":["Melter","Turbo"],"picked":"Cold Snap","floor":31},{"not_picked":["Echo Form","All For One"],"picked":"Seek","floor":33},{"not_picked":["Streamline+1","Reprogram+1"],"picked":"Cold Snap","floor":35},{"not_picked":["Compile Driver","Gash+1","Tempest"],"picked":"SKIP","floor":37},{"not_picked":["Turbo","Hologram"],"picked":"Chill","floor":41},{"not_picked":["Streamline+1","Lockon+1","Undo"],"picked":"SKIP","floor":42},{"not_picked":["Leap+1","Hologram"],"picked":"Loop+1","floor":45}],"player_experience":581665,"relics_obtained":[{"floor":9,"key":"Regal Pillow"},{"floor":24,"key":"Tiny Chest"},{"floor":26,"key":"The Courier"},{"floor":43,"key":"DataDisk"}],"event_choices":[{"event_name":"Big Fish","player_choice":"Donut","floor":2,"damage_taken":0},{"event_name":"Fountain of Cleansing","player_choice":"Removed Curse","floor":11,"damage_taken":0},{"event_name":"Drug Dealer","player_choice":"Inject Mutagens","floor":21,"damage_taken":0},{"event_name":"FaceTrader","player_choice":"Trade","floor":30,"damage_taken":0},{"event_name":"Designer","player_choice":"Upgrade 2 Random Cards","floor":38,"damage_taken":0},{"event_name":"SecretPortal","player_choice":"Rejected Portal.","floor":39,"damage_taken":0}],"is_beta":false,"boss_relics":[{"not_picked":["Orrery","Ectoplasm"],"picked":"Cursed Key"},{"not_picked":["Coffee Dripper","White Beast Statue"],"picked":"Sozu"}],"items_purged_floors":[20,29],"is_endless":false,"potions_floor_spawned":[1,5,13,14,22,25,31,42],"killed_by":"Reptomancer","ascension_level":0}