{"gold_per_floor":[116,20,37,37,56,56,56,96,133,163,199,211,223,235,247,382,394,421,433,445,477,513,525,555,567,603,638,673,685,716,643,655,667],"floor_reached":33,"playtime":1648,"items_purged":[],"score":311,"play_id":"8d0e0f94-5cc7-41a1-993e-3023fa4ba58a","local_time":"20181201180942","is_ascension_mode":true,"campfire_choices":[{"data":"Zap","floor":6,"key":"SMITH"},{"floor":15,"key":"REST"},{"floor":23,"key":"REST"},{"floor":29,"key":"REST"},{"floor":32,"key":"REST"}],"neow_cost":"NONE","seed_source_timestamp":1521010592046686,"circlet_count":0,"master_deck":["Strike_B","Strike_B","Defend_B","Defend_B","Defend_B","Defend_B","Zap+1","Dualcast","Finesse","White Noise","Storm","Barrage","Steam","Injury","Beam Cell","Redo","Loop+1","Core Surge","Coolheaded+1","Self Repair","Ball Lightning","Defragment","Stack","Storm","Cold Snap"],"relics":["Cracked Core","Golden Idol","MawBank","Potion Belt","Lizard Tail","Dream Catcher","Kunai"],"potions_floor_usage":[11,22,22,22,24,33],"damage_taken":[{"damage":1,"enemies":"Cultist","floor":1,"turns":4},{"damage":4,"enemies":"2 Louse","floor":3,"turns":3},{"damage":13,"enemies":"Small Slimes","floor":5,"turns":3},{"damage":27,"enemies":"Lagavulin","floor":8,"turns":6},{"damage":11,"enemies":"Exordium Thugs","floor":10,"turns":4},{"damage":14,"enemies":"2 Fungi Beasts","floor":11,"turns":4},{"damage":22,"enemies":"The Guardian","floor":16,"turns":12},{"damage":14,"enemies":"Chosen","floor":18,"turns":4},{"damage":4,"enemies":"Spheric Guardian","floor":21,"turns":3},{"damage":40,"enemies":"Shelled Parasite and Fungi","floor":22,"turns":6},{"damage":18,"enemies":"3 Cultists","floor":24,"turns":3},{"damage":14,"enemies":"Centurion and Healer","floor":27,"turns":8},{"damage":25,"enemies":"Cultist and Chosen","floor":28,"turns":6},{"damage":47,"enemies":"Sentry and Sphere","floor":30,"turns":7},{"damage":58,"enemies":"Automaton","floor":33,"turns":6}],"seed_played":"-7543760390035824752","potions_obtained":[{"floor":1,"key":"Fruit Juice"},{"floor":5,"key":"Energy Potion"},{"floor":10,"key":"GamblersBrew"},{"floor":11,"key":"SpeedPotion"},{"floor":18,"key":"EssenceOfSteel"},{"floor":27,"key":"Dexterity Potion"}],"is_trial":false,"path_per_floor":["M","$","M","?","M","R","$","E","T","M","M","?","?","$","R","B",null,"M","$","?","M","M","R","M","?","T","M","M","R","M","?","R","B"],"character_chosen":"DEFECT","items_purchased":["Storm","Barrage"],"campfire_rested":4,"item_purchase_floors":[2,2],"current_hp_per_floor":[74,74,70,70,57,57,57,30,30,19,10,3,3,3,27,5,61,47,47,47,43,10,34,16,16,16,9,35,59,19,19,43,0],"gold":667,"neow_bonus":"RANDOM_COLORLESS","is_prod":false,"is_daily":false,"chose_seed":false,"campfire_upgraded":1,"win_rate":0,"timestamp":1543705782,"path_taken":["M","$","M","?","M","R","$","E","T","M","M","?","?","$","R","BOSS","M","$","?","?","M","R","M","?","T","M","M","R","M","?","R","BOSS"],"build_version":"2018-11-15","purchased_purges":0,"victory":false,"max_hp_per_floor":[75,75,75,75,75,75,75,75,75,75,80,80,80,80,80,80,80,80,80,80,80,80,80,80,80,80,80,80,80,80,80,80,80],"card_choices":[{"not_picked":["Sweeping Beam","Recycle"],"picked":"White Noise","floor":1},{"not_picked":["Sweeping Beam","Leap"],"picked":"Steam","floor":3},{"not_picked":["Reinforced Body","Turbo"],"picked":"Beam Cell","floor":5},{"not_picked":["Barrage","Genetic Algorithm"],"picked":"Redo","floor":8},{"not_picked":["Scrape","Fusion","Rip and Tear"],"picked":"SKIP","floor":10},{"not_picked":["Leap","Redo"],"picked":"Loop","floor":11},{"not_picked":["Hyperbeam","Seek"],"picked":"Core Surge","floor":16},{"not_picked":["Barrage+1","Hologram"],"picked":"Coolheaded+1","floor":18},{"not_picked":["Skim","Steam"],"picked":"Self Repair","floor":21},{"not_picked":["Gash+1","Streamline"],"picked":"Ball Lightning","floor":22},{"not_picked":["Leap","Rebound+1"],"picked":"Defragment","floor":24},{"not_picked":["Force Field","Doom and Gloom","Turbo"],"picked":"SKIP","floor":27},{"not_picked":["Barrage","Rip and Tear","Streamline+1"],"picked":"SKIP","floor":28},{"not_picked":["Genetic Algorithm","Auto Shields"],"picked":"Stack","floor":29},{"not_picked":["Auto Shields+1","Stack"],"picked":"Storm","floor":30},{"not_picked":["Genetic Algorithm","Sweeping Beam"],"picked":"Cold Snap","floor":32}],"player_experience":855172,"relics_obtained":[{"floor":8,"key":"MawBank"},{"floor":9,"key":"Potion Belt"},{"floor":26,"key":"Dream Catcher"}],"event_choices":[{"damage_healed":0,"gold_gain":0,"player_choice":"Take Wound","damage_taken":0,"relics_obtained":["Golden Idol"],"max_hp_gain":0,"max_hp_loss":0,"event_name":"Golden Idol","floor":4,"gold_loss":0,"cards_obtained":["Injury"]},{"cards_removed":["Strike_B"],"damage_healed":0,"gold_gain":0,"player_choice":"Card Removal","damage_taken":7,"max_hp_gain":0,"max_hp_loss":0,"event_name":"Golden Wing","floor":12,"gold_loss":0},{"damage_healed":0,"gold_gain":0,"player_choice":"Grow","damage_taken":0,"max_hp_gain":0,"max_hp_loss":0,"event_name":"Living Wall","floor":13,"gold_loss":0,"cards_upgraded":["Loop"]},{"cards_removed":["Strike_B"],"damage_healed":0,"gold_gain":0,"player_choice":"Offered Basic","damage_taken":0,"max_hp_gain":0,"max_hp_loss":0,"event_name":"Bonfire Elementals","floor":20,"gold_loss":0},{"damage_healed":0,"gold_gain":0,"player_choice":"Ignored","damage_taken":0,"max_hp_gain":0,"max_hp_loss":0,"event_name":"Cursed Tome","floor":25,"gold_loss":0},{"damage_healed":0,"gold_gain":0,"player_choice":"Obtained Relic","damage_taken":0,"relics_obtained":["Kunai"],"max_hp_gain":0,"max_hp_loss":0,"event_name":"Addict","floor":31,"gold_loss":85}],"is_beta":false,"boss_relics":[{"not_picked":["Velvet Choker","Calling Bell"],"picked":"Lizard Tail"}],"items_purged_floors":[],"is_endless":false,"potions_floor_spawned":[1,5,10,11,18,27],"killed_by":"Automaton","ascension_level":5}