{"path_per_floor":["M","$","?","?","M","R","M","?","T","?","E","M","$","M","R","B",null,"M","$","?","?","M","R","M","M","T","R","M","R","?","M","R"],"character_chosen":"THE_SILENT","items_purchased":["Noxious Fumes","Accuracy","Accuracy"],"gold_per_floor":[141,29,29,29,46,46,66,66,141,141,166,183,9,27,27,125,125,140,102,27,27,37,37,53,66,66,66,86,86,86,104,104,104],"floor_reached":33,"campfire_rested":4,"playtime":1535,"current_hp_per_floor":[61,61,61,61,61,61,59,59,59,65,37,36,36,36,58,43,68,36,36,36,36,33,33,16,16,16,38,10,32,32,21,43,0],"items_purged":["Strike_G","Regret"],"gold":104,"score":321,"play_id":"a52e205e-9b62-45a1-a87f-8e6bfeaad5b1","local_time":"20180422224337","is_prod":false,"is_daily":false,"chose_seed":false,"is_ascension_mode":true,"campfire_upgraded":2,"timestamp":1524451417,"path_taken":["M","$","?","?","M","R","M","?","T","?","E","M","$","M","R","BOSS","M","$","?","?","?","R","M","M","T","R","M","R","?","M","R","BOSS"],"build_version":"2018-04-19","seed_source_timestamp":720750747035197,"purchased_purges":3,"victory":false,"master_deck":["Defend_G","Defend_G","Defend_G","Defend_G","Strike_G","Strike_G","Strike_G","Survivor","Neutralize+1","Backstab","Noxious Fumes+1","Backstab","Prepared","Burst+1","Cloak And Dagger+1","Accuracy","Noxious Fumes","A Thousand Cuts+1","Sucker Punch","Accuracy+1","Escape Plan+1","Cloak And Dagger+1","Accuracy","PiercingWail+1"],"max_hp_per_floor":[70,70,70,70,70,70,70,70,70,76,76,76,76,76,76,76,76,76,76,76,76,76,76,76,76,76,76,76,76,76,76,76,76],"relics":["Ring of the Snake","Tiny Chest","Darkstone Periapt","Toxic Egg 2","Letter Opener","White Beast Statue","Centennial Puzzle"],"card_choices":[{"not_picked":["PiercingWail","Sucker Punch"],"picked":"Backstab","floor":1},{"not_picked":["Prepared","Outmaneuver"],"picked":"Backstab","floor":5},{"not_picked":["Accuracy","Outmaneuver"],"picked":"Prepared","floor":7},{"not_picked":["Skewer","Deflect"],"picked":"Burst","floor":11},{"not_picked":["Flechettes","Deadly Poison"],"picked":"Cloak And Dagger","floor":12},{"not_picked":["Poisoned Stab","Flying Knee"],"picked":"Noxious Fumes","floor":14},{"not_picked":["Doppelganger","After Image"],"picked":"A Thousand Cuts","floor":16},{"not_picked":["PiercingWail","Flying Knee"],"picked":"Sucker Punch","floor":18},{"not_picked":["Poisoned Stab","PiercingWail"],"picked":"Escape Plan","floor":22},{"not_picked":["Flying Knee","Backstab"],"picked":"Cloak And Dagger","floor":24},{"not_picked":["Flechettes","Sucker Punch"],"picked":"Accuracy","floor":25},{"not_picked":["Flying Knee","Catalyst"],"picked":"PiercingWail","floor":31}],"player_experience":496165,"potions_floor_usage":[16,18,22,24,25,25,25,28,33,33],"damage_taken":[{"damage":2,"enemies":"Small Slimes","floor":1,"turns":5},{"damage":0,"enemies":"Cultist","floor":5,"turns":3},{"damage":2,"enemies":"Jaw Worm","floor":7,"turns":3},{"damage":28,"enemies":"Lagavulin","floor":11,"turns":8},{"damage":1,"enemies":"2 Fungi Beasts","floor":12,"turns":3},{"damage":0,"enemies":"Blue Slaver","floor":14,"turns":2},{"damage":15,"enemies":"Hexaghost","floor":16,"turns":9},{"damage":32,"enemies":"Chosen","floor":18,"turns":5},{"damage":3,"enemies":"3 Byrds","floor":22,"turns":4},{"damage":17,"enemies":"Sentry and Sphere","floor":24,"turns":4},{"damage":0,"enemies":"Snake Plant","floor":25,"turns":2},{"damage":28,"enemies":"Cultist and Chosen","floor":28,"turns":8},{"damage":11,"enemies":"3 Cultists","floor":31,"turns":4},{"damage":67,"enemies":"Collector","floor":33,"turns":7}],"event_choices":[{"event_name":"Purifier","player_choice":"One Purge","floor":3,"damage_taken":0},{"event_name":"Living Wall","player_choice":"Grow","floor":4,"damage_taken":0},{"event_name":"The Woman in Blue","player_choice":"Bought 0 Potions","floor":8,"damage_taken":0},{"event_name":"Big Fish","player_choice":"Box","floor":10,"damage_taken":0},{"event_name":"Beggar","player_choice":"Gave Gold","floor":20,"damage_taken":0},{"event_name":"Addict","player_choice":"Ignored","floor":21,"damage_taken":0},{"event_name":"Accursed Blacksmith","player_choice":"Forge","floor":30,"damage_taken":0}],"boss_relics":[{"not_picked":["Snecko Eye","Ectoplasm"],"picked":"White Beast Statue"}],"potions_floor_spawned":[5,12,14,16,18,22,24,25,28,31],"seed_played":"1192514342675241814","killed_by":"Collector","ascension_level":6,"is_trial":false}