{"gold_per_floor":[118,118,4,179,189,217,217,235,289,301,251,31,48,58,58,163,163,180,197,62,62,77,77,87,87,87,87,115,115,115,135,135,237,237,251,251,42,59,104,116,134,65,135,85,85,85,307,322,322,322],"floor_reached":51,"playtime":4389,"items_purged":["Strike_G","Strike_G"],"score":697,"play_id":"d5f7084d-3e96-479c-a075-bb20df0ae783","local_time":"20190221223353","is_ascension_mode":false,"campfire_choices":[{"floor":7,"key":"REST"},{"data":"Cloak And Dagger","floor":15,"key":"SMITH"},{"data":"Night Terror","floor":23,"key":"SMITH"},{"data":"Accuracy","floor":25,"key":"SMITH"},{"floor":29,"key":"REST"},{"data":"After Image","floor":32,"key":"SMITH"},{"floor":46,"key":"REST"},{"floor":49,"key":"REST"}],"neow_cost":"NONE","seed_source_timestamp":609094693577785,"circlet_count":0,"master_deck":["Defend_G","Defend_G","Defend_G","Defend_G","Defend_G","Strike_G+1","Strike_G+1","Survivor","Neutralize+1","Deep Breath","Cloak And Dagger","Footwork","Cloak And Dagger","Adrenaline","Cloak And Dagger","Cloak And Dagger+1","Infinite Blades","Dramatic Entrance","Well Laid Plans","Accuracy+1","Night Terror+1","Backflip","Backflip","After Image+1","Blur","After Image","Escape Plan","Madness","Madness","Footwork+1","Infinite Blades","Cloak And Dagger","Infinite Blades"],"relics":["Ring of the Snake","Anchor","Whetstone","Sozu","Bottled Lightning","Red Mask","Eternal Feather","Lee\u0027s Waffle","Du-Vu Doll","Blue Candle"],"potions_floor_usage":[16,39],"damage_taken":[{"damage":0,"enemies":"2 Louse","floor":1,"turns":3},{"damage":0,"enemies":"Small Slimes","floor":5,"turns":4},{"damage":29,"enemies":"3 Sentries","floor":6,"turns":14},{"damage":0,"enemies":"Jaw Worm","floor":8,"turns":3},{"damage":0,"enemies":"Large Slime","floor":10,"turns":6},{"damage":0,"enemies":"Looter","floor":13,"turns":2},{"damage":0,"enemies":"3 Louse","floor":14,"turns":3},{"damage":13,"enemies":"Hexaghost","floor":16,"turns":8},{"damage":0,"enemies":"Chosen","floor":18,"turns":3},{"damage":5,"enemies":"Spheric Guardian","floor":19,"turns":6},{"damage":0,"enemies":"Snecko","floor":22,"turns":5},{"damage":10,"enemies":"Snake Plant","floor":24,"turns":8},{"damage":40,"enemies":"Masked Bandits","floor":28,"turns":8},{"damage":0,"enemies":"Centurion and Healer","floor":31,"turns":10},{"damage":0,"enemies":"Champ","floor":33,"turns":16},{"damage":6,"enemies":"3 Darklings","floor":35,"turns":8},{"damage":2,"enemies":"3 Shapes","floor":38,"turns":6},{"damage":27,"enemies":"2 Orb Walkers","floor":39,"turns":10},{"damage":18,"enemies":"3 Darklings","floor":40,"turns":9},{"damage":10,"enemies":"Jaw Worm Horde","floor":41,"turns":9},{"damage":25,"enemies":"Transient","floor":48,"turns":5},{"damage":49,"enemies":"Awakened One","floor":50,"turns":19}],"seed_played":"3235145247368567333","potions_obtained":[{"floor":1,"key":"Swift Potion"},{"floor":8,"key":"FairyPotion"},{"floor":13,"key":"SkillPotion"}],"is_trial":false,"path_per_floor":["M","?","$","?","M","E","R","M","T","M","?","$","M","M","R","B",null,"M","M","$","?","M","R","M","R","T","?","?","R","$","M","R","B",null,"M","?","$","M","?","M","M","$","T","$","?","R","?","M","R","B",null],"character_chosen":"THE_SILENT","items_purchased":["Footwork","Infinite Blades","Dramatic Entrance","After Image","Lee\u0027s Waffle","Infinite Blades","Cloak And Dagger"],"campfire_rested":4,"item_purchase_floors":[3,12,12,20,37,42,44],"current_hp_per_floor":[70,56,56,56,56,27,48,48,48,48,48,48,48,48,48,35,70,70,65,65,65,65,65,55,55,55,55,15,36,36,36,36,36,70,64,55,77,75,48,30,20,20,20,20,20,61,61,36,77,28],"gold":322,"neow_bonus":"RANDOM_COLORLESS","is_prod":false,"is_daily":false,"chose_seed":false,"campfire_upgraded":4,"win_rate":0,"timestamp":1550806433,"path_taken":["M","?","$","?","M","E","R","M","T","M","?","$","?","M","R","BOSS","M","M","$","?","M","R","M","R","T","?","?","R","$","M","R","BOSS","M","?","$","M","?","M","?","?","T","$","?","R","?","?","R","BOSS"],"build_version":"2019-01-23","purchased_purges":2,"victory":true,"max_hp_per_floor":[70,70,70,70,70,70,70,70,70,70,70,70,70,70,70,70,70,70,70,70,70,70,70,70,70,70,70,70,70,70,70,70,70,70,70,70,77,77,77,77,77,77,77,77,77,77,77,77,77,77],"card_choices":[{"not_picked":["Finisher","Calculated Gamble"],"picked":"Cloak And Dagger","floor":1},{"not_picked":["Deadly Poison","Bane"],"picked":"Cloak And Dagger","floor":5},{"not_picked":["Blade Dance","Crippling Poison"],"picked":"Adrenaline","floor":6},{"not_picked":["Poisoned Stab","Dagger Spray"],"picked":"Cloak And Dagger","floor":8},{"not_picked":["Caltrops","Backflip"],"picked":"Cloak And Dagger","floor":10},{"not_picked":["Quick Slash","Underhanded Strike"],"picked":"Well Laid Plans","floor":13},{"not_picked":["Blade Dance","Choke"],"picked":"Accuracy","floor":14},{"not_picked":["Glass Knife","Venomology"],"picked":"Night Terror","floor":16},{"not_picked":["Sucker Punch","Slice"],"picked":"Backflip","floor":18},{"not_picked":["Dodge and Roll","Sucker Punch+1"],"picked":"Backflip","floor":19},{"not_picked":["Dagger Throw+1","Acrobatics","Quick Slash"],"picked":"SKIP","floor":22},{"not_picked":["Flying Knee","Dagger Spray","Noxious Fumes+1"],"picked":"SKIP","floor":24},{"not_picked":["Slice+1","Well Laid Plans+1"],"picked":"Blur","floor":28},{"not_picked":["Dagger Spray+1","Deflect","Distraction"],"picked":"SKIP","floor":31},{"not_picked":["Wraith Form v2","Corpse Explosion"],"picked":"After Image","floor":33},{"not_picked":["Backflip","Noxious Fumes+1"],"picked":"Escape Plan","floor":35},{"not_picked":["Expertise+1","Reflex+1"],"picked":"Footwork+1","floor":38},{"not_picked":["Distraction+1","Heel Hook+1","Wraith Form v2"],"picked":"SKIP","floor":40},{"not_picked":["Backflip","Eviscerate+1","PiercingWail+1"],"picked":"SKIP","floor":41},{"not_picked":["PiercingWail+1","Backflip"],"picked":"Infinite Blades","floor":48}],"player_experience":1075205,"relics_obtained":[{"floor":6,"key":"Anchor"},{"floor":9,"key":"Whetstone"},{"floor":26,"key":"Bottled Lightning"},{"floor":28,"key":"Red Mask"},{"floor":39,"key":"Du-Vu Doll"},{"floor":43,"key":"Blue Candle"}],"event_choices":[{"damage_healed":0,"gold_gain":0,"player_choice":"Entered Light","damage_taken":14,"max_hp_gain":0,"max_hp_loss":0,"event_name":"Shining Light","floor":2,"gold_loss":0,"cards_upgraded":["Neutralize","Strike_G"]},{"damage_healed":0,"gold_gain":175,"player_choice":"AGREE","damage_taken":0,"max_hp_gain":0,"max_hp_loss":0,"event_name":"Liars Game","floor":4,"gold_loss":0,"cards_obtained":["Doubt"]},{"cards_removed":["Doubt"],"damage_healed":0,"gold_gain":0,"player_choice":"Card Removal","damage_taken":0,"max_hp_gain":0,"max_hp_loss":0,"event_name":"The Cleric","floor":11,"gold_loss":50},{"damage_healed":0,"gold_gain":0,"player_choice":"Ignored","damage_taken":0,"max_hp_gain":0,"max_hp_loss":0,"event_name":"Beggar","floor":21,"gold_loss":0},{"damage_healed":0,"gold_gain":0,"player_choice":"Ignored","damage_taken":0,"max_hp_gain":0,"max_hp_loss":0,"event_name":"Vampires","floor":27,"gold_loss":0},{"damage_healed":0,"gold_gain":0,"player_choice":"Fought Bandits","damage_taken":0,"max_hp_gain":0,"max_hp_loss":0,"event_name":"Masked Bandits","floor":28,"gold_loss":0},{"damage_healed":0,"gold_gain":0,"player_choice":"Embrace Madness","damage_taken":9,"max_hp_gain":0,"max_hp_loss":0,"event_name":"Winding Halls","floor":36,"gold_loss":0,"cards_obtained":["Madness","Madness"]},{"damage_healed":0,"gold_gain":0,"player_choice":"Fight","damage_taken":0,"max_hp_gain":0,"max_hp_loss":0,"event_name":"Mysterious Sphere","floor":39,"gold_loss":0},{"cards_removed":["Strike_G"],"damage_healed":0,"gold_gain":0,"player_choice":"Removed Attack","damage_taken":0,"max_hp_gain":0,"max_hp_loss":0,"event_name":"Falling","floor":45,"gold_loss":0},{"damage_healed":0,"gold_gain":222,"player_choice":"Wore Mask","damage_taken":0,"max_hp_gain":0,"max_hp_loss":0,"event_name":"Tomb of Lord Red Mask","floor":47,"gold_loss":0}],"is_beta":false,"boss_relics":[{"not_picked":["White Beast Statue","Fusion Hammer"],"picked":"Sozu"},{"not_picked":["Runic Pyramid","Busted Crown"],"picked":"Eternal Feather"}],"items_purged_floors":[3,12],"is_endless":false,"potions_floor_spawned":[1,8,13,19,24,28,39,41],"ascension_level":0}