{"gold_per_floor":[113,129,169,189,203,203,216,216,293,293,311,322,342,362,362,462,462,481,177,195,206,17,17,17,17,68,103,117,152,168,178,178,277,277,290,301,225,237,253,253,286,318,344,388,400,431,443,490,502,514],"floor_reached":51,"playtime":3106,"items_purged":["Normality","Wraith Form v2","Predator"],"score":1082,"play_id":"5ce48a77-4201-47ae-9c30-1c41be93f89e","local_time":"20181231124833","daily_mods":["SealedDeck","Vintage","Time Dilation","Flight","DeadlyEvents","Elite Swarm","Lethality"],"is_ascension_mode":false,"campfire_choices":[{"data":"Crippling Poison","floor":6.0,"key":"SMITH"},{"data":"Blade Dance","floor":10.0,"key":"SMITH"},{"data":"Cloak And Dagger","floor":15.0,"key":"SMITH"},{"floor":23,"key":"REST"},{"data":"Cloak And Dagger","floor":24,"key":"SMITH"},{"data":"After Image","floor":25,"key":"SMITH"},{"data":"Footwork","floor":32,"key":"SMITH"},{"data":"Blade Dance","floor":40,"key":"SMITH"},{"data":"After Image","floor":45,"key":"SMITH"},{"data":"Envenom","floor":47,"key":"SMITH"},{"data":"Envenom","floor":49,"key":"SMITH"}],"neow_cost":"","seed_source_timestamp":0,"circlet_count":0,"master_deck":["Demon Form","Echo Form","Leg Sweep+1","Poisoned Stab","Poisoned Stab","Footwork+1","Crippling Poison+1","Cloak And Dagger+1","Backstab","Blade Dance+1","Footwork","After Image+1","Footwork","Footwork","Cloak And Dagger+1","Adrenaline+1","Blade Dance+1","After Image+1","Envenom+1","Envenom+1"],"special_seed":0,"relics":["Unceasing Top","FossilizedHelix","Prayer Wheel","Tiny Chest","Ornamental Fan","Blue Candle","Dodecahedron","Meat on the Bone","Centennial Puzzle","Dream Catcher","Omamori","Oddly Smooth Stone","Calling Bell","Pen Nib","Kunai","Calipers","Question Card","Membership Card","Shuriken","Boot","Ninja Scroll","Happy Flower","Strawberry","Bottled Lightning","Potion Belt","War Paint","Lantern","WristBlade","Du-Vu Doll","Ancient Tea Set","PreservedInsect","Dead Branch","Bag of Marbles","Snake Skull","MawBank","Darkstone Periapt","Orichalcum","Letter Opener"],"potions_floor_usage":[],"damage_taken":[{"damage":0.0,"enemies":"Jaw Worm","floor":1.0,"turns":2.0},{"damage":0.0,"enemies":"Small Slimes","floor":2.0,"turns":3.0},{"damage":0.0,"enemies":"Cultist","floor":3.0,"turns":2.0},{"damage":0.0,"enemies":"Looter","floor":4.0,"turns":2.0},{"damage":0.0,"enemies":"Exordium Wildlife","floor":5.0,"turns":2.0},{"damage":0.0,"enemies":"Blue Slaver","floor":7.0,"turns":3.0},{"damage":0.0,"enemies":"2 Fungi Beasts","floor":11.0,"turns":1.0},{"damage":0.0,"enemies":"Large Slime","floor":12.0,"turns":3.0},{"damage":0.0,"enemies":"Blue Slaver","floor":13.0,"turns":1.0},{"damage":0.0,"enemies":"Lots of Slimes","floor":14.0,"turns":3.0},{"damage":35.0,"enemies":"The Guardian","floor":16.0,"turns":5.0},{"damage":7.0,"enemies":"Shell Parasite","floor":18.0,"turns":2.0},{"damage":0.0,"enemies":"Spheric Guardian","floor":20.0,"turns":2.0},{"damage":0.0,"enemies":"Centurion and Healer","floor":21.0,"turns":4.0},{"damage":0,"enemies":"Gremlin Leader","floor":27,"turns":3},{"damage":10,"enemies":"Snake Plant","floor":28,"turns":2},{"damage":0,"enemies":"Slavers","floor":29,"turns":3},{"damage":0,"enemies":"Chosen and Byrds","floor":30,"turns":3},{"damage":0,"enemies":"3 Cultists","floor":31,"turns":3},{"damage":0,"enemies":"Champ","floor":33,"turns":6},{"damage":0,"enemies":"3 Darklings","floor":35,"turns":1},{"damage":0,"enemies":"3 Shapes","floor":36,"turns":1},{"damage":0,"enemies":"Jaw Worm Horde","floor":38,"turns":2},{"damage":0,"enemies":"3 Darklings","floor":39,"turns":1},{"damage":0,"enemies":"Nemesis","floor":41,"turns":1},{"damage":0,"enemies":"Giant Head","floor":42,"turns":2},{"damage":0,"enemies":"Reptomancer","floor":44,"turns":1},{"damage":0,"enemies":"Maw","floor":46,"turns":1},{"damage":0,"enemies":"Giant Head","floor":48,"turns":1},{"damage":27,"enemies":"Time Eater","floor":50,"turns":4}],"seed_played":"5882710420270605386","potions_obtained":[{"floor":4.0,"key":"SpeedPotion"},{"floor":5.0,"key":"Poison Potion"},{"floor":7.0,"key":"Dexterity Potion"},{"floor":13.0,"key":"Fire Potion"},{"floor":29,"key":"Regen Potion"},{"floor":31,"key":"Weak Potion"},{"floor":35,"key":"GhostInAJar"}],"is_trial":true,"path_per_floor":["M","M","M","M","M","R","M","?","T","R","M","M","M","M","R","B",null,"M","$","M","M","$","R","R","R","T","E","M","E","M","M","R","B",null,"M","M","$","M","M","R","E","E","T","E","R","M","R","E","R","B",null],"character_chosen":"THE_SILENT","items_purchased":["Membership Card","Footwork","Ninja Scroll","Footwork","Blade Dance"],"campfire_rested":1,"item_purchase_floors":[19,19,22,22,37],"current_hp_per_floor":[70,70,70,70,70,70,70,75,75,75,75,75,75,75,75,40,75,68,68,68,68,68,75,75,75,75,82,72,72,72,72,72,72,82,82,82,82,82,82,82,82,82,82,82,82,82,82,82,82,55],"gold":526,"neow_bonus":"","is_prod":false,"is_daily":false,"chose_seed":false,"campfire_upgraded":10,"win_rate":0,"timestamp":1546256913,"path_taken":["M","M","M","M","M","R","M","?","T","R","M","M","M","M","R","BOSS","M","$","M","M","$","R","R","R","T","E","M","E","M","M","R","BOSS","M","M","$","M","M","R","E","E","T","E","R","M","R","E","R","BOSS"],"build_version":"2018-12-20","purchased_purges":3,"victory":true,"max_hp_per_floor":[70,70,70,70,70,70,70,75,75,75,75,75,75,75,75,75,75,75,75,75,75,75,75,75,75,75,82,82,82,82,82,82,82,82,82,82,82,82,82,82,82,82,82,82,82,82,82,82,82,82],"card_choices":[{"not_picked":["Malaise","Adrenaline"],"picked":"After Image","floor":16.0},{"not_picked":["Infinite Blades","Flying Knee+1","Masterful Stab"],"picked":"Cloak And Dagger","floor":23},{"not_picked":["Phantasmal Killer","Malaise","Venomology"],"picked":"Adrenaline","floor":27},{"not_picked":["Grand Finale","Venomology","Corpse Explosion","Die Die Die"],"picked":"SKIP","floor":29},{"not_picked":["Tools of the Trade","Corpse Explosion","Venomology","Wraith Form v2"],"picked":"SKIP","floor":41},{"not_picked":["Wraith Form v2","Storm of Steel","Adrenaline"],"picked":"After Image","floor":42},{"not_picked":["Unload","Malaise","Venomology"],"picked":"Envenom","floor":44},{"not_picked":["Unload","Phantasmal Killer","Wraith Form v2"],"picked":"Envenom","floor":48}],"player_experience":530155,"relics_obtained":[{"floor":1.0,"key":"FossilizedHelix"},{"floor":2.0,"key":"Prayer Wheel"},{"floor":3.0,"key":"Tiny Chest"},{"floor":4.0,"key":"Ornamental Fan"},{"floor":5.0,"key":"Blue Candle"},{"floor":7.0,"key":"Dodecahedron"},{"floor":9.0,"key":"Meat on the Bone"},{"floor":11.0,"key":"Centennial Puzzle"},{"floor":12.0,"key":"Dream Catcher"},{"floor":13.0,"key":"Omamori"},{"floor":14.0,"key":"Oddly Smooth Stone"},{"floor":17.0,"key":"Pen Nib"},{"floor":17.0,"key":"Kunai"},{"floor":17.0,"key":"Calipers"},{"floor":18.0,"key":"Question Card"},{"floor":20.0,"key":"Shuriken"},{"floor":21.0,"key":"Boot"},{"floor":26,"key":"Happy Flower"},{"floor":27,"key":"Strawberry"},{"floor":28,"key":"Bottled Lightning"},{"floor":29,"key":"Potion Belt"},{"floor":30,"key":"War Paint"},{"floor":31,"key":"Lantern"},{"floor":35,"key":"Du-Vu Doll"},{"floor":36,"key":"Ancient Tea Set"},{"floor":38,"key":"PreservedInsect"},{"floor":39,"key":"Dead Branch"},{"floor":41,"key":"Bag of Marbles"},{"floor":42,"key":"Snake Skull"},{"floor":43,"key":"MawBank"},{"floor":44,"key":"Darkstone Periapt"},{"floor":46,"key":"Orichalcum"},{"floor":48,"key":"Letter Opener"}],"event_choices":[{"damage_healed":0.0,"max_hp_gain":5.0,"max_hp_loss":0.0,"gold_gain":0.0,"event_name":"Big Fish","player_choice":"Donut","floor":8.0,"gold_loss":0.0,"damage_taken":0.0}],"is_beta":false,"boss_relics":[{"not_picked":["Sozu","Tiny House"],"picked":"Calling Bell"},{"not_picked":["Coffee Dripper","Runic Dome"],"picked":"WristBlade"}],"items_purged_floors":[19,22,37],"is_endless":false,"potions_floor_spawned":[4,5,7,12,13,16,18,21,29,31,35,38,46,48],"ascension_level":0}