{"gold_per_floor":[113,38,38,52,127,127,12,41,66,83,107,107,60,79,79,177,177,195,195,65,83,95,95,107,107,107,124,142,171,171,186,186,291,291,310,320,336,436,436,436,498,498,521,550,574,604,623,623,623,623],"floor_reached":50,"playtime":3146,"items_purged":["Normality"],"score":550,"play_id":"a47d4606-1f54-4efd-99ea-3e46757e73a3","local_time":"20181128190951","is_ascension_mode":false,"campfire_choices":[{"data":"Cloak And Dagger","floor":6.0,"key":"SMITH"},{"data":"Noxious Fumes","floor":12.0,"key":"SMITH"},{"data":"Cloak And Dagger","floor":15.0,"key":"SMITH"},{"data":"Accuracy","floor":23.0,"key":"SMITH"},{"data":"Noxious Fumes","floor":25.0,"key":"SMITH"},{"data":"Malaise","floor":30.0,"key":"SMITH"},{"floor":32.0,"key":"REST"},{"floor":40.0,"key":"REST"},{"floor":42,"key":"REST"},{"floor":49,"key":"RECALL"}],"neow_cost":"CURSE","seed_source_timestamp":5593731134239,"circlet_count":0,"master_deck":["Defend_G","Defend_G","Defend_G","Defend_G","Defend_G","Strike_G","Strike_G","Strike_G+1","Strike_G","Strike_G","Survivor","Neutralize","Cloak And Dagger+1","Sucker Punch","Backstab","Infinite Blades","Noxious Fumes+1","Accuracy+1","Cloak And Dagger+1","Malaise+1","Slice+1","Noxious Fumes+1","Backflip","Backflip","Heel Hook+1","Accuracy+1","Backstab","Blade Dance","After Image","Blade Dance+1","Cloak And Dagger+1","Well Laid Plans","Footwork+1","Escape Plan"],"special_seed":0,"relics":["Ring of the Snake","StoneCalendar","Meat on the Bone","Omamori","WristBlade","Strawberry","Bottled Lightning","Black Star","Ice Cream","Whetstone","Tiny Chest","Regal Pillow","Potion Belt","Blood Vial","Lantern","Bag of Marbles","Orichalcum"],"potions_floor_usage":[46,50,50],"damage_taken":[{"damage":0.0,"enemies":"2 Louse","floor":1.0,"turns":4.0},{"damage":0.0,"enemies":"Jaw Worm","floor":4.0,"turns":7.0},{"damage":8.0,"enemies":"3 Sentries","floor":8.0,"turns":7.0},{"damage":0.0,"enemies":"Small Slimes","floor":10.0,"turns":3.0},{"damage":4.0,"enemies":"Blue Slaver","floor":14.0,"turns":4.0},{"damage":24.0,"enemies":"Slime Boss","floor":16.0,"turns":7.0},{"damage":21.0,"enemies":"2 Thieves","floor":18.0,"turns":4.0},{"damage":13.0,"enemies":"Shell Parasite","floor":21.0,"turns":5.0},{"damage":3.0,"enemies":"Chosen and Byrds","floor":22.0,"turns":5.0},{"damage":23.0,"enemies":"Snake Plant","floor":24.0,"turns":4.0},{"damage":17.0,"enemies":"3 Cultists","floor":27.0,"turns":4.0},{"damage":5.0,"enemies":"Chosen and Byrds","floor":28.0,"turns":5.0},{"damage":9.0,"enemies":"Gremlin Leader","floor":29.0,"turns":7.0},{"damage":2.0,"enemies":"Centurion and Healer","floor":31.0,"turns":5.0},{"damage":42.0,"enemies":"Champ","floor":33.0,"turns":10.0},{"damage":3.0,"enemies":"3 Shapes","floor":35.0,"turns":5.0},{"damage":0.0,"enemies":"Orb Walker","floor":36.0,"turns":2.0},{"damage":29.0,"enemies":"Spire Growth","floor":37.0,"turns":6.0},{"damage":9.0,"enemies":"Mind Bloom Boss Battle","floor":38.0,"turns":6.0},{"damage":49,"enemies":"Giant Head","floor":41,"turns":9},{"damage":38,"enemies":"Reptomancer","floor":44,"turns":7},{"damage":12,"enemies":"Nemesis","floor":46,"turns":7},{"damage":0,"enemies":"4 Shapes","floor":47,"turns":6},{"damage":63,"enemies":"Awakened One","floor":50,"turns":8}],"seed_played":"-4034557469837865304","potions_obtained":[{"floor":1.0,"key":"AttackPotion"},{"floor":14.0,"key":"Energy Potion"},{"floor":16.0,"key":"Poison Potion"},{"floor":21.0,"key":"AttackPotion"},{"floor":24.0,"key":"Dexterity Potion"},{"floor":29.0,"key":"PowerPotion"},{"floor":31.0,"key":"SteroidPotion"},{"floor":35.0,"key":"Dexterity Potion"},{"floor":38.0,"key":"Dexterity Potion"},{"floor":44,"key":"AttackPotion"},{"floor":47,"key":"Poison Potion"}],"is_trial":false,"path_per_floor":["M","$","?","M","?","R","$","E","T","M","T","R","$","M","R","B",null,"M","?","$","M","M","R","M","R","T","M","M","E","R","M","R","B",null,"M","M","M","?","?","R","E","R","T","E","T","E","M","?","R","B"],"character_chosen":"THE_SILENT","items_purchased":["Cloak And Dagger","Sucker Punch","Infinite Blades","Cloak And Dagger","Noxious Fumes","Backflip"],"campfire_rested":3,"item_purchase_floors":[2,2,7,13,20,20],"current_hp_per_floor":[70,70,70,70,59,59,59,51,51,51,51,51,51,47,47,35,70,49,49,49,36,45,45,34,34,41,36,43,46,46,44,67,37,77,74,74,45,48,48,71,34,57,57,31,31,33,47,47,47,0],"gold":623,"neow_bonus":"ONE_RARE_RELIC","is_prod":false,"is_daily":false,"chose_seed":false,"campfire_upgraded":6,"win_rate":0,"timestamp":1543428591,"path_taken":["M","$","?","M","?","R","$","E","T","M","?","R","?","M","R","BOSS","M","?","$","M","M","R","M","R","T","M","M","E","R","M","R","BOSS","M","M","M","?","?","R","E","R","T","E","?","E","M","?","R","BOSS"],"build_version":"2018-11-15","purchased_purges":1,"victory":false,"max_hp_per_floor":[70,70,70,70,70,70,70,70,70,70,70,70,70,70,70,70,70,70,70,70,70,70,70,70,70,77,77,77,77,77,77,77,77,77,77,77,77,77,77,77,77,77,77,77,77,77,77,77,77,77],"card_choices":[{"not_picked":["Flechettes","Setup","Dagger Throw"],"picked":"SKIP","floor":1.0},{"not_picked":["Accuracy","Masterful Stab"],"picked":"Backstab","floor":4.0},{"not_picked":["Finisher","Quick Slash"],"picked":"Noxious Fumes","floor":8.0},{"not_picked":["Dagger Spray","Sucker Punch"],"picked":"Accuracy","floor":10.0},{"not_picked":["Prepared","Deflect","Endless Agony"],"picked":"SKIP","floor":14.0},{"not_picked":["Phantasmal Killer","Night Terror"],"picked":"Malaise","floor":16.0},{"not_picked":["Riddle With Holes","Expertise"],"picked":"Slice","floor":18.0},{"not_picked":["Quick Slash","Bouncing Flask+1"],"picked":"Backflip","floor":21.0},{"not_picked":["Underhanded Strike","Deflect","Calculated Gamble"],"picked":"SKIP","floor":22.0},{"not_picked":["Backstab","Deflect+1"],"picked":"Heel Hook+1","floor":24.0},{"not_picked":["Backflip","Prepared"],"picked":"Accuracy+1","floor":27.0},{"not_picked":["Acrobatics","PiercingWail+1"],"picked":"Backstab","floor":28.0},{"not_picked":["Calculated Gamble","Underhanded Strike+1","All Out Attack"],"picked":"SKIP","floor":29.0},{"not_picked":["Skewer","Dagger Throw"],"picked":"Blade Dance","floor":31.0},{"not_picked":["Die Die Die","Grand Finale"],"picked":"After Image","floor":33.0},{"not_picked":["Prepared+1","Dagger Spray+1"],"picked":"Blade Dance+1","floor":35.0},{"not_picked":["Expertise","Leg Sweep"],"picked":"Cloak And Dagger+1","floor":36.0},{"not_picked":["Eviscerate+1","Quick Slash","Choke+1"],"picked":"SKIP","floor":37.0},{"not_picked":["Dagger Spray","Acrobatics+1"],"picked":"Well Laid Plans","floor":38.0},{"not_picked":["Predator","Bane+1","Eviscerate"],"picked":"SKIP","floor":41},{"not_picked":["Dodge and Roll+1","Blade Dance"],"picked":"Footwork+1","floor":44},{"not_picked":["Underhanded Strike+1","Deadly Poison","Dodge and Roll"],"picked":"SKIP","floor":46},{"not_picked":["Prepared","Unload"],"picked":"Escape Plan","floor":47}],"player_experience":470730,"relics_obtained":[{"floor":8.0,"key":"Meat on the Bone"},{"floor":9.0,"key":"Omamori"},{"floor":26.0,"key":"Strawberry"},{"floor":29.0,"key":"Bottled Lightning"},{"floor":38.0,"key":"Ice Cream"},{"floor":41,"key":"Whetstone"},{"floor":41,"key":"Tiny Chest"},{"floor":43,"key":"Regal Pillow"},{"floor":44,"key":"Potion Belt"},{"floor":44,"key":"Blood Vial"},{"floor":45,"key":"Lantern"},{"floor":46,"key":"Bag of Marbles"},{"floor":46,"key":"Orichalcum"}],"event_choices":[{"damage_healed":0.0,"max_hp_gain":0.0,"max_hp_loss":0.0,"gold_gain":0.0,"event_name":"Shining Light","player_choice":"Ignored","floor":3.0,"gold_loss":0.0,"damage_taken":0.0},{"damage_healed":0.0,"max_hp_gain":0.0,"max_hp_loss":0.0,"gold_gain":75.0,"event_name":"World of Goop","player_choice":"Gather Gold","floor":5.0,"gold_loss":0.0,"damage_taken":11.0},{"damage_healed":0.0,"max_hp_gain":0.0,"max_hp_loss":0.0,"gold_gain":0.0,"event_name":"Vampires","player_choice":"Ignored","floor":19.0,"gold_loss":0.0,"damage_taken":0.0},{"damage_healed":0.0,"max_hp_gain":0.0,"max_hp_loss":0.0,"gold_gain":0.0,"event_name":"MindBloom","player_choice":"Fight","floor":38.0,"gold_loss":0.0,"damage_taken":0.0},{"damage_healed":0.0,"max_hp_gain":0.0,"max_hp_loss":0.0,"gold_gain":0.0,"event_name":"Mysterious Sphere","player_choice":"Ignored","floor":39.0,"gold_loss":0.0,"damage_taken":0.0},{"damage_healed":0,"gold_gain":0,"player_choice":"Ignored","damage_taken":0,"max_hp_gain":0,"max_hp_loss":0,"event_name":"Tomb of Lord Red Mask","floor":48,"gold_loss":0}],"is_beta":false,"boss_relics":[{"not_picked":["White Beast Statue","Snecko Eye"],"picked":"WristBlade"},{"not_picked":["Ring of the Serpent","Empty Cage"],"picked":"Black Star"}],"items_purged_floors":[7],"is_endless":false,"potions_floor_spawned":[1,14,16,21,24,29,31,35,38,44,47],"killed_by":"Awakened One","ascension_level":0}