{"path_per_floor":["M","M","?","?","?","R","M","E","T","E","M","M","$","M","R","B",null,"M","M","T","M","M","R","?","M","T","R","$","M","M","M","R"],"character_chosen":"IRONCLAD","items_purchased":["Shrug It Off","Whirlwind","Bandage Up"],"gold_per_floor":[139,149,99,99,99,99,109,138,138,166,181,201,79,91,91,190,190,209,221,245,263,277,277,277,292,368,368,108,122,139,154,154],"floor_reached":33,"campfire_rested":3,"playtime":3416,"current_hp_per_floor":[74,73,73,78,78,78,81,59,59,54,56,55,55,61,61,30,85,51,32,32,25,48,73,73,65,65,85,85,45,46,38,63],"items_purged":["Strike_R","Strike_R"],"gold":154,"score":263,"play_id":"c19a51e8-141b-4d47-a253-32633a832618","local_time":"20180311015049","is_prod":false,"is_daily":false,"is_ascension_mode":false,"campfire_upgraded":2,"timestamp":1520733049,"path_taken":["M","M","?","?","?","R","M","E","T","E","?","?","$","M","R","BOSS","M","M","?","M","M","R","?","?","T","R","$","M","?","M","R","BOSS"],"build_version":"2018-03-09","purchased_purges":2,"victory":false,"master_deck":["Defend_R","Defend_R","Defend_R","Defend_R","Bash","Power Through+1","Headbutt","Second Wind","Fire Breathing","Spot Weakness+1","Cleave","Pommel Strike","Shrug It Off","Shrug It Off","Immolate","Flame Barrier","Flex+1","Double Tap","Flex+1","Battle Trance+1","Whirlwind","Bandage Up","Evolve","Heavy Blade","Ghostly Armor+1","Heavy Blade"],"max_hp_per_floor":[80,80,80,85,85,85,85,85,85,85,85,85,85,85,85,85,85,85,85,85,85,85,85,85,85,85,85,85,85,85,85,85],"relics":["Burning Blood","Tiny Chest","Orichalcum","Dream Catcher","Calipers","Lizard Tail","Blood Vial","Dodecahedron"],"card_choices":[{"not_picked":["Carnage","Anger"],"picked":"Power Through"},{"not_picked":["Burning Pact","Blood for Blood"],"picked":"Headbutt"},{"not_picked":["Sword Boomerang","True Grit"],"picked":"Fire Breathing"},{"not_picked":["Offering","Sentinel"],"picked":"Spot Weakness"},{"not_picked":["Blood for Blood","Dropkick"],"picked":"Cleave"},{"not_picked":["Thunderclap","Corruption"],"picked":"Pommel Strike"},{"not_picked":["Pommel Strike","Sword Boomerang"],"picked":"Shrug It Off"},{"not_picked":["Exhume","Barricade"],"picked":"Immolate"},{"not_picked":["True Grit","Carnage"],"picked":"Flame Barrier"},{"not_picked":["Iron Wave","Hemokinesis"],"picked":"Flex"},{"not_picked":["Sword Boomerang","Warcry"],"picked":"Double Tap"},{"not_picked":["Spot Weakness","Second Wind"],"picked":"Flex"},{"not_picked":["Anger","Blood for Blood"],"picked":"Battle Trance"},{"not_picked":["Infernal Blade","Iron Wave"],"picked":"Evolve"},{"not_picked":["Shrug It Off","Double Tap"],"picked":"Heavy Blade"},{"not_picked":["Blood for Blood","Flex"],"picked":"Ghostly Armor"},{"not_picked":["Twin Strike","Sword Boomerang"],"picked":"Heavy Blade"}],"player_experience":86440,"potions_floor_usage":[10,10,10,16,16,21,29,31],"damage_taken":[{"damage":12,"enemies":"Small Slimes","floor":1,"turns":6},{"damage":7,"enemies":"2 Louse","floor":2,"turns":5},{"damage":3,"enemies":"Jaw Worm","floor":7,"turns":5},{"damage":28,"enemies":"Gremlin Nob","floor":8,"turns":5},{"damage":11,"enemies":"3 Sentries","floor":10,"turns":9},{"damage":4,"enemies":"3 Louse","floor":11,"turns":5},{"damage":7,"enemies":"2 Fungi Beasts","floor":12,"turns":4},{"damage":0,"enemies":"Large Slime","floor":14,"turns":5},{"damage":37,"enemies":"The Guardian","floor":16,"turns":18},{"damage":40,"enemies":"3 Byrds","floor":18,"turns":8},{"damage":25,"enemies":"Shell Parasite","floor":19,"turns":7},{"damage":15,"enemies":"Snake Plant","floor":21,"turns":7},{"damage":33,"enemies":"Centurion and Healer","floor":22,"turns":13},{"damage":16,"enemies":"Snecko","floor":25,"turns":9},{"damage":48,"enemies":"Chosen and Byrds","floor":29,"turns":11},{"damage":11,"enemies":"Slaver and Parasite","floor":30,"turns":5},{"damage":35,"enemies":"Snake Plant","floor":31,"turns":6},{"damage":79,"enemies":"Automaton","floor":33,"turns":10}],"event_choices":[{"event_name":"The Cleric","player_choice":"Card Removal","floor":3,"damage_taken":0},{"event_name":"Big Fish","player_choice":"Donut","floor":4,"damage_taken":0},{"event_name":"Transmorgrifier","player_choice":"Transform","floor":5,"damage_taken":0},{"event_name":"Purifier","player_choice":"One Purge","floor":24,"damage_taken":0}],"boss_relics":[{"not_picked":["Black Blood","Philosopher\u0027s Stone"],"picked":"Lizard Tail"}],"potions_floor_spawned":[1,2,8,12,14,19,22,25],"seed_played":"3409065612348550086","killed_by":"Automaton","ascension_level":0,"is_trial":false}