{"path_per_floor":["M","M","M","M","?","E","$","E","T","M","?","R","?","M","R","B",null,"M","M","M","$","M","E","R","E","T","M","T","M"],"character_chosen":"IRONCLAD","items_purchased":["Twin Strike","True Grit","Weak Potion","Dexterity Potion"],"gold_per_floor":[115,130,141,151,151,181,2,27,27,46,46,46,46,66,66,191,191,204,225,241,41,65,101,101,141,222,245,321,335],"floor_reached":30,"campfire_rested":0,"playtime":2787,"current_hp_per_floor":[61,67,70,70,70,56,56,17,17,27,27,27,27,31,31,11,56,46,48,50,50,52,48,48,25,25,10,10,12],"items_purged":["Defend_R","Decay"],"gold":335,"play_id":"7ff977b9-942e-4654-ac35-1bb718d58f85","is_prod":false,"is_daily":false,"is_ascension_mode":true,"campfire_upgraded":3,"path_taken":["M","M","M","M","?","E","$","E","T","M","?","R","?","M","R","BOSS","M","M","?","$","M","E","R","E","T","M","?","M","E"],"build_version":"2018-02-01-PROD3","purchased_purges":6,"victory":false,"master_deck":["Strike_R","Strike_R","Strike_R","Strike_R","Strike_R","Defend_R","Defend_R","Defend_R","Bash","Armaments+1","Perfected Strike","Wild Strike","Brutality","Twin Strike","True Grit","Evolve+1","Headbutt","Perfected Strike","Offering","Pommel Strike","Dual Wield+1","Twin Strike","Fiend Fire+1"],"max_hp_per_floor":[77,77,77,77,77,77,77,77,77,77,71,71,71,71,71,71,71,71,71,71,71,71,71,71,71,71,71,71,71],"relics":["Burning Blood","Bag of Preparation","Oddly Smooth Stone","Lantern","Golden Idol","Velvet Choker","Darkstone Periapt","Bronze Scales","Shuriken","Molten Egg 2"],"card_choices":[{"not_picked":["Burning Pact","Heavy Blade"],"picked":"Armaments"},{"not_picked":["Headbutt","Uppercut"],"picked":"Perfected Strike"},{"not_picked":["Juggernaut","Headbutt"],"picked":"Wild Strike"},{"not_picked":["True Grit","Headbutt"],"picked":"Brutality"},{"not_picked":["Dual Wield","Combust"],"picked":"Evolve"},{"not_picked":["Clash","Thunderclap"],"picked":"Headbutt"},{"not_picked":["Power Through","Dropkick"],"picked":"Perfected Strike"},{"not_picked":["Brutality","Fiend Fire"],"picked":"Offering"},{"not_picked":["Iron Wave","Sword Boomerang"],"picked":"Pommel Strike"},{"not_picked":["Cleave","Anger"],"picked":"Dual Wield"},{"not_picked":["Armaments","Thunderclap"],"picked":"Twin Strike"},{"not_picked":["Spot Weakness","Iron Wave"],"picked":"Fiend Fire"}],"player_experience":570891,"potions_floor_usage":[6,8,10,16,22,23,23,23,25],"damage_taken":[{"damage":17,"enemies":"Blue Slaver","floor":1,"turns":5},{"damage":0,"enemies":"2 Louse","floor":2,"turns":5},{"damage":3,"enemies":"Jaw Worm","floor":3,"turns":4},{"damage":6,"enemies":"3 Louse","floor":4,"turns":4},{"damage":20,"enemies":"Gremlin Nob","floor":6,"turns":4},{"damage":45,"enemies":"Lagavulin","floor":8,"turns":8},{"damage":11,"enemies":"Exordium Wildlife","floor":10,"turns":7},{"damage":2,"enemies":"Large Slime","floor":14,"turns":4},{"damage":26,"enemies":"Slime Boss","floor":16,"turns":7},{"damage":16,"enemies":"3 Byrds","floor":18,"turns":5},{"damage":4,"enemies":"Shell Parasite","floor":19,"turns":1},{"damage":4,"enemies":"Snake Plant","floor":20,"turns":2},{"damage":4,"enemies":"3 Cultists","floor":22,"turns":3},{"damage":10,"enemies":"Book of Stabbing","floor":23,"turns":5},{"damage":29,"enemies":"Gremlin Leader","floor":25,"turns":6},{"damage":21,"enemies":"Cultist and Chosen","floor":27,"turns":5},{"damage":4,"enemies":"Sentry and Sphere","floor":29,"turns":3},{"damage":15,"enemies":"Slavers","floor":30,"turns":1}],"event_choices":[{"event_name":"Liars Game","player_choice":"disagreed","floor":5,"damage_taken":0},{"event_name":"Golden Idol","player_choice":"Lose Max HP","floor":11,"damage_taken":0},{"event_name":"Wheel of Change","player_choice":"Curse","floor":13,"damage_taken":0}],"boss_relics":[{"not_picked":["Cursed Key","Runic Cube"],"picked":"Velvet Choker"}],"potions_floor_spawned":[1,3,4,14,20,22,23,29],"seed_played":"-5226905042675007635","killed_by":"Slavers","ascension_level":10,"is_trial":false}