{"gold_per_floor":[119,135,155,2,102,102,137,150,219,219,233,233,20,44,44,163,163,103,50,50,65,78,78,118,142,142,166,166],"floor_reached":28,"playtime":4688,"items_purged":["Injury"],"score":240,"play_id":"4db3546b-95db-4cb7-88ce-e726b0e6c57e","local_time":"20190227043041","is_ascension_mode":false,"campfire_choices":[{"data":"Dash","floor":6,"key":"SMITH"},{"data":"Bouncing Flask","floor":10,"key":"SMITH"},{"data":"Leg Sweep","floor":15,"key":"SMITH"},{"data":"Burst","floor":23,"key":"SMITH"}],"neow_cost":"NONE","seed_source_timestamp":53195850823300,"circlet_count":0,"master_deck":["Defend_G+1","Defend_G+1","Defend_G+1","Defend_G+1","Defend_G+1","Strike_G+1","Strike_G+1","Strike_G+1","Strike_G+1","Strike_G+1","Survivor","Neutralize+1","Dash+1","Heel Hook","Noxious Fumes","Acrobatics","Bouncing Flask+1","Poisoned Stab","Leg Sweep+1","Well Laid Plans","Prepared","Burst+1","Escape Plan","Backflip","Calculated Gamble+1","Deadly Poison","Noxious Fumes","Deadly Poison"],"relics":["Ring of the Snake","Bag of Preparation","Ginger","Question Card","Golden Idol","Black Star","Pen Nib","Pear","Bottled Flame"],"potions_floor_usage":[],"damage_taken":[{"damage":0,"enemies":"2 Louse","floor":1,"turns":4},{"damage":0,"enemies":"Cultist","floor":2,"turns":4},{"damage":0,"enemies":"Small Slimes","floor":3,"turns":3},{"damage":10,"enemies":"Lagavulin","floor":7,"turns":8},{"damage":6,"enemies":"3 Louse","floor":8,"turns":4},{"damage":0,"enemies":"Exordium Wildlife","floor":11,"turns":3},{"damage":4,"enemies":"Blue Slaver","floor":14,"turns":3},{"damage":22,"enemies":"Slime Boss","floor":16,"turns":10},{"damage":0,"enemies":"2 Thieves","floor":18,"turns":4},{"damage":0,"enemies":"Shell Parasite","floor":21,"turns":5},{"damage":4,"enemies":"Chosen and Byrds","floor":22,"turns":8},{"damage":20,"enemies":"Book of Stabbing","floor":24,"turns":7},{"damage":15,"enemies":"Sentry and Sphere","floor":25,"turns":6},{"damage":0,"enemies":"Snecko","floor":27,"turns":5},{"damage":2,"enemies":"Colosseum Slavers","floor":28,"turns":7},{"damage":45,"enemies":"Colosseum Nobs","floor":28,"turns":6}],"seed_played":"7441294147189038702","potions_obtained":[{"floor":1,"key":"SpeedPotion"},{"floor":7,"key":"LiquidBronze"},{"floor":11,"key":"AttackPotion"},{"floor":14,"key":"FearPotion"},{"floor":27,"key":"PowerPotion"}],"is_trial":false,"path_per_floor":["M","M","M","$","?","R","E","M","T","R","M","?","$","M","R","B",null,"M","$","?","M","M","R","E","M","T","M","?"],"character_chosen":"THE_SILENT","items_purchased":["Bag of Preparation","Leg Sweep","Well Laid Plans","Backflip"],"campfire_rested":0,"item_purchase_floors":[4,13,13,19],"current_hp_per_floor":[70,70,70,70,70,70,60,54,54,54,54,54,54,50,50,28,70,70,70,70,70,66,66,56,41,41,41,0],"gold":166,"neow_bonus":"UPGRADE_CARD","is_prod":false,"is_daily":false,"chose_seed":false,"campfire_upgraded":4,"win_rate":0.0,"timestamp":1551270641,"path_taken":["M","M","M","$","?","R","E","M","T","R","?","?","$","M","R","BOSS","M","$","?","M","M","R","E","M","T","M","?"],"build_version":"2019-01-23","purchased_purges":1,"victory":false,"max_hp_per_floor":[70,70,70,70,70,70,70,70,70,70,70,70,70,70,70,70,70,70,70,70,70,70,70,80,80,80,80,80],"card_choices":[{"not_picked":["Slice","Predator"],"picked":"Dash","floor":1},{"not_picked":["Slice","All Out Attack"],"picked":"Heel Hook","floor":2},{"not_picked":["Flying Knee","Predator"],"picked":"Noxious Fumes","floor":3},{"not_picked":["Prepared","Heel Hook"],"picked":"Acrobatics","floor":7},{"not_picked":["Well Laid Plans","Terror"],"picked":"Bouncing Flask","floor":8},{"not_picked":["Venomology","Dagger Spray","Quick Slash"],"picked":"Poisoned Stab","floor":11},{"not_picked":["Caltrops","Flying Knee","Crippling Poison"],"picked":"Prepared","floor":14},{"not_picked":["Wraith Form v2","Doppelganger","Venomology"],"picked":"Burst","floor":16},{"not_picked":["Dodge and Roll","Acrobatics","Endless Agony"],"picked":"Escape Plan","floor":18},{"not_picked":["Prepared","Slice","Poisoned Stab"],"picked":"Calculated Gamble+1","floor":21},{"not_picked":["Flechettes","Deflect","Reflex"],"picked":"Deadly Poison","floor":22},{"not_picked":["Poisoned Stab","Footwork","Deflect"],"picked":"Noxious Fumes","floor":24},{"not_picked":["Well Laid Plans","Prepared","Outmaneuver+1"],"picked":"Deadly Poison","floor":25},{"not_picked":["Dagger Throw","Outmaneuver","Heel Hook","Well Laid Plans"],"picked":"SKIP","floor":27}],"player_experience":3789,"relics_obtained":[{"floor":7,"key":"Ginger"},{"floor":9,"key":"Question Card"},{"floor":24,"key":"Pen Nib"},{"floor":24,"key":"Pear"},{"floor":26,"key":"Bottled Flame"}],"event_choices":[{"damage_healed":0,"gold_gain":100,"player_choice":"Pray","damage_taken":0,"max_hp_gain":0,"max_hp_loss":0,"event_name":"Golden Shrine","floor":5,"gold_loss":0},{"damage_healed":0,"gold_gain":0,"player_choice":"Take Wound","damage_taken":0,"relics_obtained":["Golden Idol"],"max_hp_gain":0,"max_hp_loss":0,"event_name":"Golden Idol","floor":12,"gold_loss":0,"cards_obtained":["Injury"]},{"damage_healed":0,"gold_gain":0,"player_choice":"Simplicity","damage_taken":0,"max_hp_gain":0,"max_hp_loss":0,"event_name":"Back to Basics","floor":20,"gold_loss":0,"cards_upgraded":["Defend_G","Defend_G","Defend_G","Defend_G","Defend_G","Strike_G","Strike_G","Strike_G","Strike_G","Strike_G"]},{"damage_healed":0,"gold_gain":0,"player_choice":"Fight","damage_taken":0,"max_hp_gain":0,"max_hp_loss":0,"event_name":"Colosseum","floor":28,"gold_loss":0},{"damage_healed":0,"gold_gain":0,"player_choice":"Fought Nobs","damage_taken":0,"max_hp_gain":0,"max_hp_loss":0,"event_name":"Colosseum","floor":28,"gold_loss":0}],"is_beta":false,"boss_relics":[{"not_picked":["Ectoplasm","HoveringKite"],"picked":"Black Star"}],"items_purged_floors":[13],"is_endless":false,"potions_floor_spawned":[1,7,11,14,21,27],"killed_by":"Colosseum Nobs","ascension_level":0}