{"gold_per_floor":[109,109,125,143,70,101,116,116,190,226,226,71,96,115,115,211,274,290,310,64,84,84],"floor_reached":22,"playtime":1138,"items_purged":[],"score":337,"play_id":"278c9404-5a2f-4576-8b58-1813aa8306c0","local_time":"20190114223112","is_ascension_mode":true,"campfire_choices":[{"floor":8,"key":"REST"},{"data":"1","floor":15,"key":"LIFT"}],"neow_cost":"NONE","seed_source_timestamp":33278084234360,"circlet_count":0,"master_deck":["AscendersBane","Defend_G","Defend_G","Defend_G","Defend_G","Defend_G+1","Strike_G","Strike_G","Strike_G","Strike_G","Strike_G","Survivor","Neutralize","Skewer","Poisoned Stab","Leg Sweep","Blade Dance","Deflect+1"],"relics":["Busted Crown","Golden Idol","Girya","Bottled Flame","Bronze Scales","Regal Pillow","Tiny House","Gremlin Horn"],"potions_floor_usage":[6,10,16,16,19,22],"damage_taken":[{"damage":0,"enemies":"Jaw Worm","floor":1,"turns":4},{"damage":2,"enemies":"Small Slimes","floor":3,"turns":4},{"damage":0,"enemies":"Cultist","floor":4,"turns":5},{"damage":27,"enemies":"3 Sentries","floor":6,"turns":10},{"damage":0,"enemies":"2 Fungi Beasts","floor":7,"turns":3},{"damage":28,"enemies":"Gremlin Nob","floor":10,"turns":4},{"damage":0,"enemies":"Exordium Thugs","floor":13,"turns":4},{"damage":8,"enemies":"Looter","floor":14,"turns":3},{"damage":23,"enemies":"Hexaghost","floor":16,"turns":11},{"damage":5,"enemies":"3 Byrds","floor":18,"turns":5},{"damage":5,"enemies":"2 Thieves","floor":19,"turns":5},{"damage":27,"enemies":"Centurion and Healer","floor":21,"turns":8},{"damage":28,"enemies":"Sentry and Sphere","floor":22,"turns":7}],"seed_played":"-4708854374157040262","potions_obtained":[{"floor":6,"key":"GamblersBrew"},{"floor":10,"key":"Energy Potion"},{"floor":14,"key":"EssenceOfSteel"},{"floor":17,"key":"GhostInAJar"},{"floor":21,"key":"Block Potion"}],"is_trial":false,"path_per_floor":["M","?","M","M","$","E","M","R","T","E","?","$","M","M","R","B",null,"M","M","$","M","M"],"character_chosen":"THE_SILENT","items_purchased":["Regen Potion","Regal Pillow","Gremlin Horn"],"campfire_rested":1,"item_purchase_floors":[5,12,20],"current_hp_per_floor":[59,43,41,41,41,29,29,48,48,20,66,66,66,58,58,35,63,58,53,53,26,0],"gold":84,"neow_bonus":"BOSS_RELIC","is_prod":false,"is_daily":false,"chose_seed":false,"campfire_upgraded":0,"win_rate":0,"timestamp":1547497872,"path_taken":["M","?","M","M","$","E","M","R","T","E","?","$","M","M","R","BOSS","M","M","?","M","M"],"build_version":"2019-01-10","purchased_purges":0,"victory":false,"max_hp_per_floor":[66,66,66,66,66,66,66,66,66,66,66,66,66,66,66,66,71,71,71,71,71,71],"card_choices":[{"not_picked":["Deflect"],"picked":"SKIP","floor":1},{"not_picked":[],"picked":"Escape Plan","floor":3},{"not_picked":[],"picked":"Skewer","floor":4},{"not_picked":[],"picked":"Poisoned Stab","floor":6},{"not_picked":["Setup"],"picked":"SKIP","floor":7},{"not_picked":[],"picked":"Leg Sweep","floor":10},{"not_picked":[],"picked":"Blade Dance","floor":13},{"not_picked":["Bane"],"picked":"SKIP","floor":14},{"not_picked":["Dagger Spray"],"picked":"SKIP","floor":18},{"not_picked":[],"picked":"Deflect+1","floor":19},{"not_picked":["Deadly Poison"],"picked":"SKIP","floor":21}],"player_experience":286699,"relics_obtained":[{"floor":6,"key":"Girya"},{"floor":9,"key":"Bottled Flame"},{"floor":10,"key":"Bronze Scales"}],"event_choices":[{"damage_healed":0,"gold_gain":0,"player_choice":"Take Damage","damage_taken":16,"relics_obtained":["Golden Idol"],"max_hp_gain":0,"max_hp_loss":0,"event_name":"Golden Idol","floor":2,"gold_loss":0},{"cards_removed":["Escape Plan"],"damage_healed":46,"gold_gain":0,"player_choice":"Offered Uncommon","damage_taken":0,"max_hp_gain":0,"max_hp_loss":0,"event_name":"Bonfire Elementals","floor":11,"gold_loss":0}],"is_beta":false,"boss_relics":[{"not_picked":["White Beast Statue","Empty Cage"],"picked":"Tiny House"}],"items_purged_floors":[],"is_endless":false,"potions_floor_spawned":[6,10,14,21],"killed_by":"Sentry and Sphere","ascension_level":14}