{"gold_per_floor":[115,115,128,144,69,69,69,69,96,96,112,125,125,145,145,222,222,236,236],"floor_reached":19,"playtime":920,"items_purged":["Strike_R"],"score":310,"play_id":"7fb852cd-0c5a-43b1-a3d5-a7f8c2d993f1","local_time":"20190303002022","is_ascension_mode":true,"campfire_choices":[{"data":"True Grit","floor":6,"key":"SMITH"},{"data":"Bash","floor":8,"key":"SMITH"},{"data":"Berserk","floor":13,"key":"SMITH"},{"data":"Warcry","floor":15,"key":"SMITH"}],"neow_cost":"NONE","seed_source_timestamp":96896879673098,"circlet_count":0,"master_deck":["AscendersBane","Strike_R","Strike_R","Strike_R","Strike_R","Defend_R","Defend_R","Defend_R","Bash+1","Berserk+1","Dropkick","True Grit+1","Warcry+1","Brutality"],"relics":["Burning Blood","Ginger","PreservedInsect","Strawberry","Runic Pyramid"],"potions_floor_usage":[16,18],"damage_taken":[{"damage":7,"enemies":"Small Slimes","floor":1,"turns":4},{"damage":8,"enemies":"2 Louse","floor":3,"turns":2},{"damage":1,"enemies":"Cultist","floor":4,"turns":3},{"damage":9,"enemies":"2 Fungi Beasts","floor":11,"turns":4},{"damage":11,"enemies":"Looter","floor":12,"turns":3},{"damage":10,"enemies":"3 Louse","floor":14,"turns":4},{"damage":48,"enemies":"The Guardian","floor":16,"turns":12},{"damage":34,"enemies":"Chosen","floor":18,"turns":5},{"damage":37,"enemies":"Shell Parasite","floor":19,"turns":5}],"seed_played":"-8468424377857741961","potions_obtained":[{"floor":4,"key":"Fire Potion"},{"floor":11,"key":"Fire Potion"},{"floor":14,"key":"Poison Potion"}],"is_trial":false,"path_per_floor":["M","?","M","M","$","R","?","R","T","?","M","M","R","M","R","B",null,"M","M"],"character_chosen":"IRONCLAD","items_purchased":[],"campfire_rested":0,"item_purchase_floors":[],"current_hp_per_floor":[67,56,54,59,59,59,59,59,59,66,63,58,58,54,54,12,65,37,0],"gold":236,"neow_bonus":"ONE_RANDOM_RARE_CARD","is_prod":false,"is_daily":false,"chose_seed":false,"campfire_upgraded":4,"win_rate":0,"timestamp":1551540022,"path_taken":["M","?","M","M","$","R","?","R","T","?","M","?","R","M","R","BOSS","M","M"],"build_version":"2019-01-23","purchased_purges":1,"victory":false,"max_hp_per_floor":[75,75,75,75,75,75,75,75,75,82,82,82,82,82,82,82,82,82,82],"card_choices":[{"not_picked":["Perfected Strike","Burning Pact"],"picked":"Dropkick","floor":1},{"not_picked":["Metallicize","Havoc"],"picked":"True Grit","floor":3},{"not_picked":["Bloodletting","Iron Wave"],"picked":"Warcry","floor":4},{"not_picked":["Sentinel","Whirlwind","Body Slam"],"picked":"SKIP","floor":11},{"not_picked":["Headbutt","Flame Barrier","Ghostly Armor"],"picked":"SKIP","floor":12},{"not_picked":["Ghostly Armor","Sword Boomerang","Wild Strike"],"picked":"SKIP","floor":14},{"not_picked":["Barricade","Fiend Fire"],"picked":"Brutality","floor":16},{"not_picked":["Cleave","Pummel","Headbutt"],"picked":"SKIP","floor":18}],"player_experience":1015080,"relics_obtained":[{"floor":9,"key":"PreservedInsect"}],"event_choices":[{"damage_healed":0,"gold_gain":0,"player_choice":"Success","damage_taken":11,"relics_obtained":["Ginger"],"max_hp_gain":0,"max_hp_loss":0,"event_name":"Scrap Ooze","floor":2,"gold_loss":0},{"cards_removed":["Defend_R"],"damage_healed":0,"gold_gain":0,"player_choice":"Forget","damage_taken":0,"max_hp_gain":0,"max_hp_loss":0,"event_name":"Living Wall","floor":7,"gold_loss":0},{"damage_healed":0,"gold_gain":0,"player_choice":"Gave Potion","damage_taken":0,"relics_obtained":["Strawberry"],"max_hp_gain":0,"max_hp_loss":0,"event_name":"WeMeetAgain","floor":10,"gold_loss":0}],"is_beta":false,"boss_relics":[{"not_picked":["Snecko Eye","Astrolabe"],"picked":"Runic Pyramid"}],"items_purged_floors":[5],"is_endless":false,"potions_floor_spawned":[4,11,14],"killed_by":"Shell Parasite","ascension_level":19}