{"path_per_floor":["M","M","M","M","M","E","T","M","T","R","M","E","M","?","R","B",null,"M","?","$","M","M","R","?","R","T","?","R","$","M","M","R","B",null,"M","$","?","M","?","E","R","M","T","R","E","M","E","M","R"],"character_chosen":"IRONCLAD","items_purchased":["Pantograph","Sever Soul","Blood Vial","Perfected Strike"],"gold_per_floor":[109,124,135,153,172,202,202,216,291,291,309,343,363,363,363,460,460,471,471,141,156,171,171,96,96,173,73,73,73,90,108,108,208,208,218,13,13,23,273,305,305,320,320,320,346,363,397,415,415],"floor_reached":50,"campfire_rested":2,"playtime":2551,"current_hp_per_floor":[80,80,80,74,81,66,66,66,66,66,72,81,82,82,82,38,95,87,68,68,68,56,56,56,56,56,56,56,56,53,47,47,55,106,104,104,104,94,94,26,57,53,53,84,78,83,76,81,81],"items_purged":[],"gold":415,"score":622,"play_id":"ded41159-4f6c-4d90-9558-da335fd75355","is_prod":false,"is_daily":false,"is_ascension_mode":false,"campfire_upgraded":7,"path_taken":["M","M","M","M","M","E","?","M","T","R","M","E","M","?","R","BOSS","M","?","$","M","?","R","?","R","T","?","R","?","?","M","R","BOSS","M","?","?","M","?","E","R","M","T","R","E","?","E","M","R","BOSS"],"build_version":"2018-02-22-PROD2","purchased_purges":0,"victory":false,"master_deck":["Strike_R","Strike_R","Strike_R","Strike_R","Strike_R","Defend_R","Defend_R","Bash","Feed","Perfected Strike+1","Wild Strike","Wild Strike","Cleave","Cleave","Perfected Strike+1","Fire Breathing+1","Pommel Strike","Wild Strike","Headbutt","Immolate","Perfected Strike+1","Sever Soul","Seeing Red+1","Heavy Blade+1","Decay","J.A.X.+1","Headbutt","Twin Strike","Limit Break+1","Perfected Strike+1","Perfected Strike","Whirlwind","Regret","Pommel Strike+1","Perfected Strike","Doubt","Sever Soul","Perfected Strike","Armaments+1","Cleave+1"],"max_hp_per_floor":[80,80,80,80,83,86,86,89,89,89,89,92,95,95,95,95,95,95,100,100,100,103,103,103,103,103,103,103,103,103,106,106,106,106,106,106,106,106,106,106,106,106,106,106,106,106,106,106,106],"relics":["Burning Blood","Vajra","Oddly Smooth Stone","Ornamental Fan","Bottled Flame","Cursed Key","Pantograph","Centennial Puzzle","Runic Dome","Blood Vial","Bronze Scales","Kunai","Happy Flower","Matryoshka"],"card_choices":[{"not_picked":["Entrench","Shrug It Off"],"picked":"Perfected Strike"},{"not_picked":["Body Slam","True Grit"],"picked":"Wild Strike"},{"not_picked":["Iron Wave","Flex"],"picked":"Wild Strike"},{"not_picked":["Flex","Battle Trance"],"picked":"Cleave"},{"not_picked":["Spot Weakness","Warcry"],"picked":"Cleave"},{"not_picked":["Impervious","Searing Blow"],"picked":"Perfected Strike"},{"not_picked":["True Grit","Clothesline"],"picked":"Fire Breathing"},{"not_picked":["Sword Boomerang","Offering"],"picked":"Pommel Strike"},{"not_picked":["Intimidate","Flex"],"picked":"Wild Strike"},{"not_picked":["Wild Strike","Shockwave"],"picked":"Headbutt"},{"not_picked":["Juggernaut","Brutality"],"picked":"Immolate"},{"not_picked":["Clash","Infernal Blade"],"picked":"Perfected Strike"},{"not_picked":["Infernal Blade","Combust"],"picked":"Seeing Red"},{"not_picked":["Sword Boomerang","Rage"],"picked":"Heavy Blade"},{"not_picked":["Pummel","Entrench"],"picked":"Headbutt"},{"not_picked":["Heavy Blade","Spot Weakness"],"picked":"Twin Strike"},{"not_picked":["Double Tap","Bludgeon"],"picked":"Limit Break"},{"not_picked":["Wild Strike","Anger"],"picked":"Perfected Strike"},{"not_picked":["Iron Wave","Armaments"],"picked":"Whirlwind"},{"not_picked":["True Grit","Body Slam"],"picked":"Pommel Strike"},{"not_picked":["Armaments","Headbutt"],"picked":"Perfected Strike"},{"not_picked":["Brutality","Heavy Blade"],"picked":"Sever Soul"},{"not_picked":["Clothesline","Inflame"],"picked":"Perfected Strike"},{"not_picked":["Clash","Double Tap"],"picked":"Armaments"},{"not_picked":["Sword Boomerang","Whirlwind"],"picked":"Cleave"}],"player_experience":20888,"potions_floor_usage":[5,6,12,16,33,38,50,50,50],"damage_taken":[{"damage":5,"enemies":"Cultist","floor":1,"turns":4},{"damage":1,"enemies":"Jaw Worm","floor":2,"turns":3},{"damage":0,"enemies":"2 Louse","floor":3,"turns":3},{"damage":12,"enemies":"Blue Slaver","floor":4,"turns":2},{"damage":2,"enemies":"2 Fungi Beasts","floor":5,"turns":3},{"damage":24,"enemies":"3 Sentries","floor":6,"turns":4},{"damage":9,"enemies":"Lots of Slimes","floor":8,"turns":3},{"damage":0,"enemies":"Large Slime","floor":11,"turns":2},{"damage":0,"enemies":"Gremlin Nob","floor":12,"turns":2},{"damage":8,"enemies":"3 Louse","floor":13,"turns":2},{"damage":50,"enemies":"Hexaghost","floor":16,"turns":8},{"damage":14,"enemies":"Shell Parasite","floor":18,"turns":3},{"damage":6,"enemies":"Spheric Guardian","floor":21,"turns":3},{"damage":21,"enemies":"Snake Plant","floor":22,"turns":3},{"damage":9,"enemies":"3 Cultists","floor":30,"turns":3},{"damage":15,"enemies":"Centurion and Healer","floor":31,"turns":3},{"damage":23,"enemies":"Automaton","floor":33,"turns":4},{"damage":8,"enemies":"3 Darklings","floor":35,"turns":3},{"damage":18,"enemies":"3 Shapes","floor":38,"turns":2},{"damage":76,"enemies":"Giant Head","floor":40,"turns":7},{"damage":12,"enemies":"3 Darklings","floor":42,"turns":2},{"damage":14,"enemies":"2 Orb Walkers","floor":45,"turns":2},{"damage":3,"enemies":"Sphere and 2 Shapes","floor":46,"turns":2},{"damage":15,"enemies":"Nemesis","floor":47,"turns":3},{"damage":3,"enemies":"4 Shapes","floor":48,"turns":2},{"damage":114,"enemies":"Time Eater","floor":50,"turns":7}],"event_choices":[{"event_name":"Purifier","player_choice":"One Purge","floor":14,"damage_taken":0},{"event_name":"Forgotten Altar","player_choice":"Shed Blood","floor":19,"damage_taken":0},{"event_name":"Beggar","player_choice":"Gave Gold","floor":24,"damage_taken":0},{"event_name":"Drug Dealer","player_choice":"Got JAXXED","floor":27,"damage_taken":0},{"event_name":"The Lab","player_choice":"Got Potions","floor":37,"damage_taken":0},{"event_name":"Golden Shrine","player_choice":"Desecrate","floor":39,"damage_taken":0}],"boss_relics":[{"not_picked":["Lizard Tail","Snecko Eye"],"picked":"Cursed Key"},{"not_picked":["Velvet Choker","Mark of Pain"],"picked":"Runic Dome"}],"potions_floor_spawned":[1,3,4,11,13,16,22,30,38,46,48],"seed_played":"4804835259325340308","killed_by":"Time Eater","ascension_level":0,"is_trial":false}