{"gold_per_floor":[118,129,139,139,139,139,171,171,251,284,294,310,333,349,349,349],"floor_reached":16,"playtime":1017,"items_purged":[],"score":140,"play_id":"c32c6146-a56f-4ab4-bc3c-ac5b72564cd5","local_time":"20190228204326","is_ascension_mode":true,"campfire_choices":[{"data":"Dualcast","floor":6,"key":"SMITH"},{"floor":8,"key":"REST"},{"floor":15,"key":"REST"}],"neow_cost":"NONE","seed_source_timestamp":426402734721849,"circlet_count":0,"master_deck":["Strike_B","Strike_B","Strike_B","Strike_B","Defend_B","Defend_B","Defend_B","Defend_B","Zap","Dualcast+1","Skim","Fusion+1","Melter","Cold Snap","Rainbow","Loop","Static Discharge","Ball Lightning","Melter"],"relics":["Cracked Core","Anchor","GremlinMask","Lantern","Ornamental Fan","Sundial","Odd Mushroom"],"potions_floor_usage":[16,16,16],"damage_taken":[{"damage":0,"enemies":"Small Slimes","floor":1,"turns":3},{"damage":0,"enemies":"Cultist","floor":2,"turns":3},{"damage":0,"enemies":"2 Louse","floor":3,"turns":2},{"damage":30,"enemies":"Lagavulin","floor":7,"turns":5},{"damage":32,"enemies":"Gremlin Nob","floor":10,"turns":4},{"damage":0,"enemies":"Red Slaver","floor":11,"turns":3},{"damage":0,"enemies":"3 Louse","floor":12,"turns":2},{"damage":32,"enemies":"The Mushroom Lair","floor":13,"turns":5},{"damage":2,"enemies":"Lots of Slimes","floor":14,"turns":4},{"damage":26,"enemies":"The Guardian","floor":16,"turns":8}],"seed_played":"3640306416276741251","potions_obtained":[{"floor":1,"key":"LiquidBronze"},{"floor":3,"key":"Dexterity Potion"},{"floor":10,"key":"Poison Potion"}],"is_trial":false,"path_per_floor":["M","M","M","?","?","R","E","R","T","E","M","M","?","M","R","B"],"character_chosen":"DEFECT","items_purchased":[],"campfire_rested":2,"item_purchase_floors":[],"current_hp_per_floor":[75,75,75,75,75,75,45,67,67,35,35,35,3,1,23,0],"gold":349,"neow_bonus":"RANDOM_COMMON_RELIC","is_prod":false,"is_daily":false,"chose_seed":false,"campfire_upgraded":1,"win_rate":0,"timestamp":1551386606,"path_taken":["M","M","M","?","?","R","E","R","T","E","M","?","?","M","R","BOSS"],"build_version":"2019-01-23","purchased_purges":0,"victory":false,"max_hp_per_floor":[75,75,75,75,75,75,75,75,75,75,75,75,75,75,75,75],"card_choices":[{"not_picked":["Aggregate","Barrage"],"picked":"Skim","floor":1},{"not_picked":["Leap","Hello World"],"picked":"Fusion","floor":2},{"not_picked":["Capacitor","Beam Cell"],"picked":"Melter","floor":3},{"not_picked":["Chaos","Steam"],"picked":"Cold Snap","floor":7},{"not_picked":["Redo","Leap"],"picked":"Rainbow","floor":10},{"not_picked":["Gash","Redo"],"picked":"Loop","floor":11},{"not_picked":["Undo","Turbo"],"picked":"Static Discharge","floor":12},{"not_picked":["Barrage","Hologram"],"picked":"Ball Lightning","floor":13},{"not_picked":["Scrape","Reprogram"],"picked":"Melter","floor":14}],"player_experience":563250,"relics_obtained":[{"floor":7,"key":"Lantern"},{"floor":9,"key":"Ornamental Fan"},{"floor":10,"key":"Sundial"},{"floor":13,"key":"Odd Mushroom"}],"event_choices":[{"damage_healed":0,"gold_gain":0,"player_choice":"Grow","damage_taken":0,"max_hp_gain":0,"max_hp_loss":0,"event_name":"Living Wall","floor":4,"gold_loss":0,"cards_upgraded":["Fusion"]},{"damage_healed":0,"gold_gain":0,"player_choice":"Trade","damage_taken":0,"relics_obtained":["GremlinMask"],"max_hp_gain":0,"max_hp_loss":0,"event_name":"FaceTrader","floor":5,"gold_loss":0},{"damage_healed":0,"gold_gain":0,"player_choice":"Fought Mushrooms","damage_taken":0,"max_hp_gain":0,"max_hp_loss":0,"event_name":"Mushrooms","floor":13,"gold_loss":0}],"is_beta":false,"boss_relics":[],"items_purged_floors":[],"is_endless":false,"potions_floor_spawned":[1,3,10,11,12],"killed_by":"The Guardian","ascension_level":5}