{"gold_per_floor":[116,133,133,133,153,153,183,183,206,206,217,237,254,254,254,358,358,368,379,319,335,186,186,218,229,229,244,307,232,232,247,247,345,345,361,361,461,475,70,70,70],"floor_reached":41,"playtime":4771,"items_purged":["Defend_G","Strike_G"],"score":650,"play_id":"56fb653d-0ce5-483b-90bd-b3ffaba2601f","local_time":"20190301160605","is_ascension_mode":true,"campfire_choices":[{"data":"Predator","floor":6.0,"key":"SMITH"},{"data":"Crippling Poison","floor":8.0,"key":"SMITH"},{"floor":15.0,"key":"REST"},{"data":"Reflex","floor":23,"key":"SMITH"},{"floor":32,"key":"REST"},{"data":"Calculated Gamble","floor":40,"key":"SMITH"}],"neow_cost":"NONE","seed_source_timestamp":0,"circlet_count":0,"master_deck":["AscendersBane","Defend_G","Defend_G","Strike_G","Strike_G","Survivor","Neutralize+1","Predator+1","Crippling Poison+1","Heel Hook","Well Laid Plans","Deflect","PiercingWail","Acrobatics","Venomology","Reflex+1","Backflip","Die Die Die","Caltrops","Blur+1","Leg Sweep+1","Calculated Gamble+1","Heel Hook+1"],"special_seed":0,"relics":["Ring of the Snake","Anchor","Mummified Hand","Potion Belt","Velvet Choker","Bronze Scales","Dodecahedron","Tiny Chest","Empty Cage","Unceasing Top","Lantern"],"potions_floor_usage":[18,24,24,24,27,27,28,28,31,33,33,33,33,38,38,41,41],"damage_taken":[{"damage":0.0,"enemies":"Small Slimes","floor":1.0,"turns":3.0},{"damage":6.0,"enemies":"Jaw Worm","floor":2.0,"turns":5.0},{"damage":0.0,"enemies":"2 Louse","floor":5.0,"turns":3.0},{"damage":28.0,"enemies":"Lagavulin","floor":7.0,"turns":6.0},{"damage":4.0,"enemies":"2 Fungi Beasts","floor":11.0,"turns":3.0},{"damage":0.0,"enemies":"Exordium Thugs","floor":12.0,"turns":3.0},{"damage":0.0,"enemies":"Gremlin Gang","floor":13.0,"turns":2.0},{"damage":47.0,"enemies":"Hexaghost","floor":16.0,"turns":15.0},{"damage":8,"enemies":"2 Thieves","floor":18,"turns":5},{"damage":16,"enemies":"Shell Parasite","floor":19,"turns":8},{"damage":8,"enemies":"Snecko","floor":21,"turns":6},{"damage":6,"enemies":"Gremlin Leader","floor":24,"turns":7},{"damage":0,"enemies":"Snake Plant","floor":25,"turns":3},{"damage":8,"enemies":"Cultist and Chosen","floor":27,"turns":6},{"damage":17,"enemies":"Slavers","floor":28,"turns":6},{"damage":0,"enemies":"Snecko","floor":31,"turns":5},{"damage":18,"enemies":"Champ","floor":33,"turns":15},{"damage":12,"enemies":"3 Darklings","floor":35,"turns":6},{"damage":0,"enemies":"Mind Bloom Boss Battle","floor":37,"turns":9},{"damage":10,"enemies":"Orb Walker","floor":38,"turns":5},{"damage":33,"enemies":"Giant Head","floor":41,"turns":7}],"seed_played":"-2677345243131229871","potions_obtained":[{"floor":1.0,"key":"SneckoOil"},{"floor":5.0,"key":"PowerPotion"},{"floor":12.0,"key":"Regen Potion"},{"floor":16.0,"key":"Energy Potion"},{"floor":19,"key":"PowerPotion"},{"floor":24,"key":"GamblersBrew"},{"floor":27,"key":"FearPotion"},{"floor":31,"key":"SteroidPotion"}],"is_trial":false,"path_per_floor":["M","M","?","?","M","R","E","R","T","?","M","M","M","?","R","B",null,"M","M","?","M","$","R","E","M","T","M","E","?","?","M","R","B",null,"M","?","?","M","$","R","E"],"character_chosen":"THE_SILENT","items_purchased":["Die Die Die","Lantern","Swift Potion","Explosive Potion","SkillPotion"],"campfire_rested":2,"item_purchase_floors":[22,39,39,39,39],"current_hp_per_floor":[63,57,50,50,50,50,22,22,22,22,18,18,18,18,39,7,54,46,30,30,22,22,22,16,16,16,8,1,1,1,1,22,4,54,42,42,42,32,32,32,0],"gold":70,"neow_bonus":"UPGRADE_CARD","is_prod":false,"is_daily":false,"chose_seed":false,"campfire_upgraded":4,"win_rate":0,"timestamp":1551474365,"path_taken":["M","M","?","?","M","R","E","R","T","?","M","M","M","?","R","BOSS","M","M","?","?","$","R","E","M","T","?","E","?","?","M","R","BOSS","M","?","?","M","$","R","E"],"build_version":"2019-01-23","purchased_purges":2,"victory":false,"max_hp_per_floor":[70,70,70,70,70,70,70,70,70,70,70,70,70,70,70,70,70,70,70,70,70,70,70,70,70,70,70,70,70,70,70,70,70,70,70,66,66,66,66,66,66],"card_choices":[{"not_picked":["Noxious Fumes","Choke"],"picked":"Predator","floor":1.0},{"not_picked":["Bane","Flying Knee"],"picked":"Crippling Poison","floor":2.0},{"not_picked":["Blade Dance","Expertise"],"picked":"Heel Hook","floor":5.0},{"not_picked":["Bane","Dodge and Roll"],"picked":"Well Laid Plans","floor":7.0},{"not_picked":["Blade Dance","Flying Knee"],"picked":"Deflect","floor":11.0},{"not_picked":["Quick Slash","Deadly Poison"],"picked":"PiercingWail","floor":12.0},{"not_picked":["PiercingWail","Blade Dance"],"picked":"Acrobatics","floor":13.0},{"not_picked":["Night Terror","After Image"],"picked":"Venomology","floor":16.0},{"not_picked":["Sucker Punch","Bane","Accuracy"],"picked":"SKIP","floor":18},{"not_picked":["Blade Dance","Leg Sweep"],"picked":"Reflex","floor":19},{"not_picked":["Catalyst","Blade Dance+1"],"picked":"Backflip","floor":21},{"not_picked":["Dagger Spray","Flying Knee"],"picked":"Caltrops","floor":24},{"not_picked":["Cloak And Dagger","Choke+1","Dash"],"picked":"SKIP","floor":25},{"not_picked":["Dagger Throw","Eviscerate"],"picked":"Blur+1","floor":27},{"not_picked":["Prepared","Caltrops+1"],"picked":"Leg Sweep+1","floor":28},{"not_picked":["Flying Knee+1","Grand Finale"],"picked":"Calculated Gamble","floor":31},{"not_picked":["Reflex+1","PiercingWail+1"],"picked":"Heel Hook+1","floor":35},{"not_picked":["Acrobatics","Bane+1","Dash"],"picked":"SKIP","floor":38}],"player_experience":293590,"relics_obtained":[{"floor":7.0,"key":"Mummified Hand"},{"floor":9.0,"key":"Potion Belt"},{"floor":24,"key":"Bronze Scales"},{"floor":26,"key":"Dodecahedron"},{"floor":28,"key":"Tiny Chest"},{"floor":37,"key":"Unceasing Top"}],"event_choices":[{"damage_healed":0.0,"max_hp_gain":0.0,"max_hp_loss":0.0,"gold_gain":0.0,"event_name":"Scrap Ooze","player_choice":"Success","floor":3.0,"gold_loss":0.0,"damage_taken":7.0,"relics_obtained":["Anchor"]},{"damage_healed":0.0,"max_hp_gain":0.0,"max_hp_loss":0.0,"gold_gain":0.0,"event_name":"Liars Game","player_choice":"Ignored","floor":4.0,"gold_loss":0.0,"damage_taken":0.0},{"damage_healed":0.0,"max_hp_gain":0.0,"max_hp_loss":0.0,"gold_gain":0.0,"event_name":"Dead Adventurer","player_choice":"Searched \u00271\u0027 times","floor":10.0,"gold_loss":0.0,"damage_taken":0.0},{"damage_healed":0.0,"max_hp_gain":0.0,"max_hp_loss":0.0,"gold_gain":0.0,"event_name":"FaceTrader","player_choice":"Leave","floor":14.0,"gold_loss":0.0,"damage_taken":0.0},{"cards_removed":["Strike_G"],"damage_healed":0,"gold_gain":0,"player_choice":"Single Remove","damage_taken":0,"max_hp_gain":0,"max_hp_loss":0,"event_name":"Designer","floor":20,"gold_loss":60},{"cards_removed":["Defend_G"],"damage_healed":0,"gold_gain":0,"player_choice":"Gave Gold","damage_taken":0,"max_hp_gain":0,"max_hp_loss":0,"event_name":"Beggar","floor":29,"gold_loss":75},{"damage_healed":0,"gold_gain":0,"player_choice":"Ignored","damage_taken":0,"max_hp_gain":0,"max_hp_loss":0,"event_name":"Ghosts","floor":30,"gold_loss":0},{"damage_healed":0,"gold_gain":0,"player_choice":"Max HP","damage_taken":0,"max_hp_gain":0,"max_hp_loss":4,"event_name":"Winding Halls","floor":36,"gold_loss":0},{"damage_healed":0,"gold_gain":0,"player_choice":"Fight","damage_taken":0,"max_hp_gain":0,"max_hp_loss":0,"event_name":"MindBloom","floor":37,"gold_loss":0}],"is_beta":false,"boss_relics":[{"not_picked":["Pandora\u0027s Box","WristBlade"],"picked":"Velvet Choker"},{"not_picked":["Calling Bell","Busted Crown"],"picked":"Empty Cage"}],"items_purged_floors":[22,39],"is_endless":false,"potions_floor_spawned":[1,5,12,16,19,24,27,31],"killed_by":"Giant Head","ascension_level":10}