{"path_per_floor":["M","M","?","?","$","R","E","R","T","M","M","?","$","?","R","B",null,"M","M","?","?","$","R"],"character_chosen":"IRONCLAD","items_purchased":["Sword Boomerang","Warcry"],"gold_per_floor":[110,120,70,70,21,21,50,50,50,65,77,77,25,25,25,122,122,136,121,121,36,36,36],"floor_reached":24,"campfire_rested":2,"playtime":2578,"current_hp_per_floor":[80,72,72,65,65,65,31,31,31,25,22,22,22,22,46,27,80,34,11,11,11,11,35],"items_purged":[],"gold":36,"score":230,"play_id":"1d7ea80d-8b32-4fd1-8431-384ab5de4056","local_time":"20180313201211","is_prod":false,"is_daily":false,"is_ascension_mode":true,"campfire_upgraded":2,"timestamp":1520986331,"path_taken":["M","M","?","?","?","R","E","R","T","M","?","?","$","?","R","BOSS","M","M","?","?","$","R","E"],"build_version":"2018-03-09","purchased_purges":0,"victory":false,"master_deck":["Strike_R","Strike_R","Strike_R","Strike_R","Defend_R","Defend_R","Defend_R","Defend_R","Bash","Limit Break+1","Pommel Strike","Flex","Sword Boomerang","Inflame+1","Dual Wield","Warcry","Regret","Demon Form","Shrug It Off","Decay"],"max_hp_per_floor":[80,80,80,80,80,80,80,80,80,80,80,80,80,80,80,80,80,80,80,80,80,80,80],"relics":["Black Blood","Letter Opener","Torii","Ancient Tea Set","Gremlin Horn"],"card_choices":[{"not_picked":["Fiend Fire","Berserk"],"picked":"Limit Break"},{"not_picked":["Berserk","Body Slam"],"picked":"Pommel Strike"},{"not_picked":["Headbutt","Perfected Strike"],"picked":"Flex"},{"not_picked":["Body Slam","Headbutt"],"picked":"Inflame"},{"not_picked":["Pommel Strike","Body Slam"],"picked":"Dual Wield"},{"not_picked":["Offering","Brutality"],"picked":"Demon Form"},{"not_picked":["Sword Boomerang","Anger"],"picked":"Shrug It Off"}],"player_experience":250278,"potions_floor_usage":[16,16,16,19],"damage_taken":[{"damage":6,"enemies":"Jaw Worm","floor":1,"turns":5},{"damage":14,"enemies":"2 Louse","floor":2,"turns":4},{"damage":40,"enemies":"Lagavulin","floor":7,"turns":7},{"damage":12,"enemies":"Small Slimes","floor":10,"turns":3},{"damage":9,"enemies":"Blue Slaver","floor":11,"turns":3},{"damage":40,"enemies":"Slime Boss","floor":16,"turns":8},{"damage":56,"enemies":"3 Byrds","floor":18,"turns":6},{"damage":33,"enemies":"2 Thieves","floor":19,"turns":4},{"damage":39,"enemies":"Slavers","floor":24,"turns":3}],"event_choices":[{"event_name":"The Cleric","player_choice":"Card Removal","floor":3,"damage_taken":0},{"event_name":"Golden Wing","player_choice":"Card Removal","floor":4,"damage_taken":0},{"event_name":"The Woman in Blue","player_choice":"Bought 0 Potions","floor":12,"damage_taken":0},{"event_name":"Big Fish","player_choice":"Box","floor":14,"damage_taken":0},{"event_name":"Forgotten Altar","player_choice":"Smashed Altar","floor":20,"damage_taken":0},{"event_name":"Addict","player_choice":"Obtained Relic","floor":21,"damage_taken":0}],"boss_relics":[{"not_picked":["Ectoplasm","Runic Pyramid"],"picked":"Black Blood"}],"potions_floor_spawned":[1,7,11,16,18],"seed_played":"-6638767550155875568","killed_by":"Slavers","ascension_level":4,"is_trial":false}