{"gold_per_floor":[118,68,82,82,95,120,120,133,133,133,12,25,25,35,35,131,131,146,61,41,52,0,26,26,45,99,24,24,35,70,89,89,89],"floor_reached":33,"playtime":3477,"items_purged":["Reflex"],"score":509,"play_id":"f9a25751-2002-44c0-85e3-acaf22a3f05f","local_time":"20190215233926","is_ascension_mode":true,"campfire_choices":[{"floor":7,"key":"REST"},{"floor":10,"key":"REST"},{"floor":13,"key":"REST"},{"data":"Deadly Poison","floor":15,"key":"SMITH"},{"floor":24,"key":"REST"},{"floor":28,"key":"REST"},{"floor":32,"key":"REST"}],"neow_cost":"NONE","seed_source_timestamp":133384340698799,"circlet_count":0,"master_deck":["AscendersBane","Survivor","Neutralize","Crippling Poison","Bouncing Flask","Flechettes","PiercingWail","Blade Dance","Deadly Poison","Bouncing Flask","Dodge and Roll","Adrenaline","Backstab","Backstab","Caltrops","Deadly Poison+1","Well Laid Plans","Bouncing Flask","Venomology","PiercingWail","Well Laid Plans","Choke","Burst","Backstab","Storm of Steel","Glass Knife","PiercingWail+1","Dodge and Roll","PiercingWail","Cloak And Dagger","Backflip","Cloak And Dagger","Blade Dance","Catalyst","After Image"],"relics":["Orrery","Dream Catcher","Mummified Hand","Pandora\u0027s Box","Pear","Lantern","Bag of Marbles","Ornamental Fan"],"potions_floor_usage":[6,16,21,21,23,25,29,30,30,33,33],"damage_taken":[{"damage":1,"enemies":"Cultist","floor":1,"turns":5},{"damage":0,"enemies":"2 Louse","floor":3,"turns":2},{"damage":6,"enemies":"Small Slimes","floor":5,"turns":3},{"damage":50,"enemies":"3 Sentries","floor":6,"turns":13},{"damage":3,"enemies":"Looter","floor":8,"turns":3},{"damage":5,"enemies":"Exordium Thugs","floor":12,"turns":4},{"damage":0,"enemies":"2 Fungi Beasts","floor":14,"turns":2},{"damage":7,"enemies":"Hexaghost","floor":16,"turns":8},{"damage":23,"enemies":"Shell Parasite","floor":18,"turns":4},{"damage":4,"enemies":"3 Byrds","floor":21,"turns":4},{"damage":16,"enemies":"Slavers","floor":23,"turns":6},{"damage":10,"enemies":"Cultist and Chosen","floor":25,"turns":5},{"damage":3,"enemies":"Centurion and Healer","floor":29,"turns":4},{"damage":17,"enemies":"Gremlin Leader","floor":30,"turns":6},{"damage":12,"enemies":"Snecko","floor":31,"turns":5},{"damage":94,"enemies":"Automaton","floor":33,"turns":6}],"seed_played":"-9080822239053736654","potions_obtained":[{"floor":1,"key":"Ancient Potion"},{"floor":5,"key":"LiquidBronze"},{"floor":14,"key":"GhostInAJar"},{"floor":21,"key":"Poison Potion"},{"floor":23,"key":"AttackPotion"},{"floor":25,"key":"Block Potion"},{"floor":31,"key":"Explosive Potion"}],"is_trial":false,"path_per_floor":["M","?","M","?","M","E","R","M","T","R","$","M","R","M","R","B",null,"M","?","?","M","$","E","R","M","T","$","R","M","E","M","R","B"],"character_chosen":"THE_SILENT","items_purchased":["Deadly Poison","Well Laid Plans","PiercingWail"],"campfire_rested":6,"item_purchase_floors":[11,11,22],"current_hp_per_floor":[62,62,62,62,56,6,27,24,24,45,45,40,61,61,61,54,66,43,53,53,49,49,33,57,47,47,47,71,68,51,39,63,0],"gold":89,"neow_bonus":"BOSS_RELIC","is_prod":false,"is_daily":false,"chose_seed":false,"campfire_upgraded":1,"win_rate":0,"timestamp":1550291966,"path_taken":["M","?","M","?","M","E","R","M","T","R","$","M","R","M","R","BOSS","M","?","?","?","$","E","R","M","T","$","R","M","E","M","R","BOSS"],"build_version":"2019-01-23","purchased_purges":1,"victory":false,"max_hp_per_floor":[70,70,70,70,70,70,70,70,70,70,70,70,70,70,70,70,70,70,80,80,80,80,80,80,80,80,80,80,80,80,80,80,80],"card_choices":[{"not_picked":["Backflip","Dagger Spray"],"picked":"Crippling Poison","floor":0},{"not_picked":["Backflip","Grand Finale"],"picked":"Bouncing Flask","floor":0},{"not_picked":["Bane","Slice"],"picked":"Flechettes","floor":0},{"not_picked":["Slice","Prepared"],"picked":"PiercingWail","floor":0},{"not_picked":["Finisher","Prepared"],"picked":"Blade Dance","floor":0},{"not_picked":["Dodge and Roll","Dagger Throw"],"picked":"Deadly Poison","floor":1},{"not_picked":["All Out Attack","Poisoned Stab"],"picked":"Bouncing Flask","floor":3},{"not_picked":["Acrobatics","Expertise"],"picked":"Dodge and Roll","floor":5},{"not_picked":["Malaise","Predator"],"picked":"Adrenaline","floor":6},{"not_picked":["Backflip","Bane"],"picked":"Backstab","floor":7},{"not_picked":["Skewer","Flechettes"],"picked":"Backstab","floor":8},{"not_picked":["Dagger Spray","Dodge and Roll"],"picked":"Caltrops","floor":10},{"not_picked":["Masterful Stab","Concentrate","Night Terror"],"picked":"SKIP","floor":12},{"not_picked":["Poisoned Stab","Bane"],"picked":"Bouncing Flask","floor":14},{"not_picked":["Envenom","Unload"],"picked":"Venomology","floor":16},{"not_picked":["Outmaneuver","Blade Dance+1"],"picked":"PiercingWail+1","floor":18},{"not_picked":["Flying Knee","Calculated Gamble"],"picked":"Dodge and Roll","floor":21},{"not_picked":["Malaise","Prepared","Sucker Punch"],"picked":"SKIP","floor":23},{"not_picked":["Heel Hook","Sucker Punch"],"picked":"Cloak And Dagger","floor":24},{"not_picked":["Distraction+1","Flechettes"],"picked":"Backflip","floor":25},{"not_picked":["Underhanded Strike","Calculated Gamble+1"],"picked":"Cloak And Dagger","floor":29},{"not_picked":["Riddle With Holes","Poisoned Stab"],"picked":"Blade Dance","floor":30},{"not_picked":["Concentrate","Calculated Gamble"],"picked":"Catalyst","floor":31},{"not_picked":["Bouncing Flask","Infinite Blades"],"picked":"After Image","floor":32}],"player_experience":1209191,"relics_obtained":[{"floor":6,"key":"Dream Catcher"},{"floor":9,"key":"Mummified Hand"},{"floor":23,"key":"Lantern"},{"floor":26,"key":"Bag of Marbles"},{"floor":30,"key":"Ornamental Fan"}],"event_choices":[{"cards_removed":["Strike_G"],"damage_healed":0,"gold_gain":0,"player_choice":"Card Removal","damage_taken":0,"max_hp_gain":0,"max_hp_loss":0,"event_name":"The Cleric","floor":2,"gold_loss":50},{"cards_removed":["Strike_G"],"damage_healed":0,"gold_gain":0,"player_choice":"Forget","damage_taken":0,"max_hp_gain":0,"max_hp_loss":0,"event_name":"Living Wall","floor":4,"gold_loss":0},{"damage_healed":0,"gold_gain":0,"player_choice":"Obtained Relic","damage_taken":0,"relics_obtained":["Pear"],"max_hp_gain":0,"max_hp_loss":0,"event_name":"Addict","floor":19,"gold_loss":85},{"damage_healed":0,"gold_gain":0,"player_choice":"Bought 1 Potion","damage_taken":0,"max_hp_gain":0,"max_hp_loss":0,"event_name":"The Woman in Blue","floor":20,"gold_loss":0}],"is_beta":false,"boss_relics":[{"not_picked":["Velvet Choker","Calling Bell"],"picked":"Pandora\u0027s Box"}],"items_purged_floors":[27],"is_endless":false,"potions_floor_spawned":[1,5,14,21,23,25,31],"killed_by":"Automaton","ascension_level":12}