{"path_per_floor":["M","?","T","?","M","E","R","E","T","E","M","E","R","M","R","B",null,"M","$","?","M","M","R","E","T","T","$","M","E","M","E","R","B",null,"M","$","?","?","M","E","R","E","T","E","M","R","E","M","R","B"],"character_chosen":"IRONCLAD","items_purchased":["Master of Strategy","Havoc","Deep Breath","Metallicize","Body Slam","Feel No Pain","Limit Break"],"gold_per_floor":[117,117,117,192,210,241,241,273,327,355,367,402,402,422,422,521,521,533,11,45,61,78,78,111,111,111,39,54,85,101,136,136,233,233,250,89,89,89,106,132,132,160,239,270,286,286,317,337,337,337],"floor_reached":51,"campfire_rested":0,"playtime":5988,"current_hp_per_floor":[77,77,77,66,70,49,49,29,36,32,49,47,47,60,60,35,72,54,54,60,61,65,65,66,66,66,66,67,84,84,84,84,69,80,84,84,84,84,84,84,84,98,98,98,98,98,98,98,98,98],"items_purged":["Corruption"],"gold":337,"score":1357,"play_id":"67d7346d-347e-4dc0-b1a4-070ef5f73e34","is_prod":false,"is_daily":false,"is_ascension_mode":true,"campfire_upgraded":8,"path_taken":["M","?","?","?","M","E","R","E","T","E","M","E","R","M","R","BOSS","M","$","?","M","M","R","E","?","T","?","M","E","M","E","R","BOSS","M","$","?","?","M","E","R","E","T","E","M","R","E","?","R","BOSS"],"build_version":"2018-02-07-BETA2","purchased_purges":1,"victory":true,"master_deck":["Bash+1","Twin Strike","Clothesline","True Grit+1","Body Slam+1","Battle Trance+1","Evolve+1","Battle Trance+1","Reaper","Dual Wield+1","Heavy Blade+1","Thunderclap","True Grit+1","Twin Strike","Shrug It Off+1","Wild Strike","Inflame+1","Master of Strategy+1","Havoc+1","Deep Breath+1","Metallicize+1","Body Slam+1","Sentinel+1","Havoc+1","Seeing Red+1","Feel No Pain+1","Headbutt+1","True Grit+1","Impervious+1","Limit Break+1","Writhe","Burning Pact+1","Impervious+1","Pommel Strike+1","Feel No Pain+1"],"max_hp_per_floor":[77,77,77,77,77,77,77,77,84,84,84,84,84,84,84,84,84,84,84,84,84,84,84,84,84,84,84,84,84,84,84,84,84,84,84,84,84,84,84,84,84,98,98,98,98,98,98,98,98,98],"relics":["Burning Blood","Champion Belt","Toxic Egg 2","Meat on the Bone","Strawberry","Shuriken","Du-Vu Doll","Pandora\u0027s Box","Red Mask","Happy Flower","Anchor","Calipers","Bronze Scales","Bottled Flame","Runic Dome","War Paint","Mango","Paper Frog","Magic Flower","Molten Egg 2"],"card_choices":[{"not_picked":["Havoc","Shockwave"],"picked":"Twin Strike"},{"not_picked":["Pummel","Warcry"],"picked":"Clothesline"},{"not_picked":["Second Wind","Flex"],"picked":"True Grit"},{"not_picked":["Blood for Blood","Rupture"],"picked":"Body Slam"},{"not_picked":["Sentinel","Barricade"],"picked":"Battle Trance"},{"not_picked":["Entrench","Body Slam"],"picked":"Evolve"},{"not_picked":["Armaments","Sword Boomerang"],"picked":"Battle Trance"},{"not_picked":["Exhume","Berserk"],"picked":"Reaper"},{"not_picked":["Anger","Sever Soul"],"picked":"Inflame"},{"not_picked":["Dual Wield","Thunderclap"],"picked":"Sentinel"},{"not_picked":["Headbutt","Sword Boomerang"],"picked":"Havoc"},{"not_picked":["Combust","True Grit"],"picked":"Seeing Red"},{"not_picked":["Searing Blow","Pommel Strike"],"picked":"Headbutt"},{"not_picked":["Rampage","Uppercut"],"picked":"True Grit"},{"not_picked":["Bludgeon","Brutality"],"picked":"Impervious"},{"not_picked":["Pommel Strike","Heavy Blade"],"picked":"Burning Pact"},{"not_picked":["Twin Strike","Spot Weakness"],"picked":"Impervious"},{"not_picked":["Thunderclap","Wild Strike"],"picked":"Pommel Strike"},{"not_picked":["True Grit","Warcry"],"picked":"Feel No Pain"}],"player_experience":728073,"potions_floor_usage":[10,12,24,50,50],"damage_taken":[{"damage":1,"enemies":"Cultist","floor":1,"turns":3},{"damage":2,"enemies":"Jaw Worm","floor":5,"turns":3},{"damage":27,"enemies":"Gremlin Nob","floor":6,"turns":5},{"damage":26,"enemies":"3 Sentries","floor":8,"turns":10},{"damage":22,"enemies":"Gremlin Nob","floor":10,"turns":5},{"damage":1,"enemies":"Small Slimes","floor":11,"turns":3},{"damage":20,"enemies":"Lagavulin","floor":12,"turns":7},{"damage":5,"enemies":"Looter","floor":14,"turns":3},{"damage":43,"enemies":"Slime Boss","floor":16,"turns":12},{"damage":24,"enemies":"Spheric Guardian","floor":18,"turns":4},{"damage":0,"enemies":"Masked Bandits","floor":20,"turns":4},{"damage":5,"enemies":"Chosen","floor":21,"turns":5},{"damage":2,"enemies":"3 Cultists","floor":22,"turns":5},{"damage":5,"enemies":"Book of Stabbing","floor":24,"turns":3},{"damage":14,"enemies":"Sentry and Sphere","floor":28,"turns":4},{"damage":0,"enemies":"Gremlin Leader","floor":29,"turns":4},{"damage":0,"enemies":"Chosen and Byrds","floor":30,"turns":3},{"damage":0,"enemies":"Book of Stabbing","floor":31,"turns":3},{"damage":21,"enemies":"Champ","floor":33,"turns":6},{"damage":0,"enemies":"3 Shapes","floor":35,"turns":3},{"damage":0,"enemies":"Orb Walker","floor":39,"turns":1},{"damage":0,"enemies":"Nemesis","floor":40,"turns":1},{"damage":2,"enemies":"2 Orb Walkers","floor":42,"turns":3},{"damage":0,"enemies":"Nemesis","floor":44,"turns":7},{"damage":0,"enemies":"Maw","floor":45,"turns":4},{"damage":0,"enemies":"2 Orb Walkers","floor":47,"turns":4},{"damage":0,"enemies":"3 Darklings","floor":48,"turns":3},{"damage":5,"enemies":"Donu and Deca","floor":50,"turns":3}],"event_choices":[{"event_name":"Living Wall","player_choice":"Grow","floor":2,"damage_taken":0},{"event_name":"World of Goop","player_choice":"Gather Gold","floor":4,"damage_taken":0},{"event_name":"Purifier","player_choice":"One Purge","floor":37,"damage_taken":0},{"event_name":"Winding Halls","player_choice":"Writhe","floor":38,"damage_taken":0}],"boss_relics":[{"not_picked":["Tiny House","Snecko Eye"],"picked":"Pandora\u0027s Box"},{"not_picked":["White Beast Statue","Question Card"],"picked":"Runic Dome"}],"potions_floor_spawned":[8,11,14,18,20,30,33,35,40,42,47,48],"seed_played":"3822871444474343498","ascension_level":12,"is_trial":false}