{"gold_per_floor":[115,115,115,40,40,81,81,117,199,199,220,220,245,261,261,355,355,275,275,275,275,275,275,275,275,275,275,275],"floor_reached":28,"playtime":844,"items_purged":["Strike_R"],"score":538,"play_id":"6bb93128-fc2c-4e96-8b7d-58b30a251872","local_time":"20190303012735","is_ascension_mode":true,"campfire_choices":[{"data":"Bash","floor":7,"key":"SMITH"},{"data":"Thunderclap","floor":12,"key":"SMITH"},{"data":"Spot Weakness","floor":15,"key":"SMITH"},{"floor":23,"key":"REST"},{"data":"Rage","floor":27,"key":"SMITH"}],"neow_cost":"NONE","seed_source_timestamp":101004243038793,"circlet_count":0,"master_deck":["AscendersBane","Strike_R","Strike_R","Strike_R","Strike_R","Defend_R","Defend_R","Defend_R","Bash+1","Thunderclap+1","Intimidate","Spot Weakness+1","Sword Boomerang+1","Heavy Blade+1","Pummel+1","Sword Boomerang+1","Rage+1"],"relics":["Burning Blood","NeowsBlessing","Golden Idol","Happy Flower","Juzu Bracelet","Molten Egg 2","Odd Mushroom","Ectoplasm","Red Mask","PreservedInsect","Oddly Smooth Stone"],"potions_floor_usage":[16,16,19,20,21,22],"damage_taken":[{"damage":0,"enemies":"Jaw Worm","floor":1,"turns":1},{"damage":0,"enemies":"Gremlin Nob","floor":6,"turns":1},{"damage":0,"enemies":"Lagavulin","floor":8,"turns":1},{"damage":0,"enemies":"2 Louse","floor":11,"turns":3},{"damage":15,"enemies":"The Mushroom Lair","floor":13,"turns":4},{"damage":0,"enemies":"Cultist","floor":14,"turns":3},{"damage":47,"enemies":"Hexaghost","floor":16,"turns":8},{"damage":28,"enemies":"2 Thieves","floor":18,"turns":4},{"damage":19,"enemies":"Shell Parasite","floor":19,"turns":3},{"damage":33,"enemies":"Masked Bandits","floor":20,"turns":4},{"damage":13,"enemies":"Snake Plant","floor":21,"turns":2},{"damage":6,"enemies":"Centurion and Healer","floor":22,"turns":3},{"damage":34,"enemies":"Chosen and Byrds","floor":25,"turns":5},{"damage":12,"enemies":"Snake Plant","floor":28,"turns":2}],"seed_played":"-2270842802282526559","potions_obtained":[{"floor":1,"key":"Poison Potion"},{"floor":6,"key":"Poison Potion"},{"floor":16,"key":"Weak Potion"},{"floor":19,"key":"Regen Potion"},{"floor":20,"key":"GamblersBrew"},{"floor":21,"key":"Regen Potion"},{"floor":22,"key":"Fire Potion"},{"floor":25,"key":"EssenceOfSteel"}],"is_trial":false,"path_per_floor":["M","?","?","$","?","E","R","E","T","?","M","R","?","M","R","B",null,"M","M","?","M","M","R","T","M","T","R","M"],"character_chosen":"IRONCLAD","items_purchased":[],"campfire_rested":1,"item_purchase_floors":[],"current_hp_per_floor":[74,48,53,53,53,59,59,65,65,65,71,71,62,68,68,27,67,45,32,17,10,19,43,43,15,15,15,3],"gold":275,"neow_bonus":"THREE_ENEMY_KILL","is_prod":false,"is_daily":false,"chose_seed":false,"campfire_upgraded":4,"win_rate":0,"timestamp":1551544055,"path_taken":["M","?","?","$","?","E","R","E","T","?","M","R","?","M","R","BOSS","M","M","?","M","M","R","?","M","T","R","M"],"build_version":"2019-01-23","purchased_purges":1,"victory":false,"max_hp_per_floor":[75,75,80,80,80,80,80,80,80,80,80,80,80,80,80,80,80,80,80,80,80,80,80,80,80,80,80,80],"card_choices":[{"not_picked":["Second Wind","Clash","Dual Wield"],"picked":"SKIP","floor":1},{"not_picked":["Sever Soul","Headbutt"],"picked":"Thunderclap","floor":6},{"not_picked":["Sword Boomerang","Heavy Blade"],"picked":"Intimidate","floor":8},{"not_picked":["Clash+1","Perfected Strike+1","Thunderclap+1"],"picked":"SKIP","floor":11},{"not_picked":["Carnage+1","Hemokinesis+1"],"picked":"Spot Weakness","floor":13},{"not_picked":["Power Through","Entrench","Infernal Blade"],"picked":"SKIP","floor":14},{"not_picked":["True Grit","Hemokinesis+1","Pommel Strike+1"],"picked":"SKIP","floor":18},{"not_picked":["Body Slam+1","Wild Strike+1"],"picked":"Sword Boomerang+1","floor":19},{"not_picked":["Thunderclap+1","Wild Strike+1"],"picked":"Heavy Blade+1","floor":20},{"not_picked":["True Grit","Rampage+1"],"picked":"Pummel+1","floor":21},{"not_picked":["Clothesline+1","Infernal Blade"],"picked":"Sword Boomerang+1","floor":22},{"not_picked":["Pommel Strike+1","Iron Wave+1"],"picked":"Rage","floor":25}],"player_experience":1018795,"relics_obtained":[{"floor":6,"key":"Happy Flower"},{"floor":8,"key":"Juzu Bracelet"},{"floor":9,"key":"Molten Egg 2"},{"floor":13,"key":"Odd Mushroom"},{"floor":20,"key":"Red Mask"},{"floor":24,"key":"PreservedInsect"},{"floor":26,"key":"Oddly Smooth Stone"}],"event_choices":[{"damage_healed":0,"gold_gain":0,"player_choice":"Take Damage","damage_taken":26,"relics_obtained":["Golden Idol"],"max_hp_gain":0,"max_hp_loss":0,"event_name":"Golden Idol","floor":2,"gold_loss":0},{"damage_healed":0,"gold_gain":0,"player_choice":"Donut","damage_taken":0,"max_hp_gain":5,"max_hp_loss":0,"event_name":"Big Fish","floor":3,"gold_loss":0},{"damage_healed":0,"gold_gain":0,"player_choice":"Ignored","damage_taken":0,"max_hp_gain":0,"max_hp_loss":0,"event_name":"Shining Light","floor":5,"gold_loss":0},{"cards_removed":["Defend_R"],"damage_healed":0,"gold_gain":0,"player_choice":"Purged","damage_taken":0,"max_hp_gain":0,"max_hp_loss":0,"event_name":"Purifier","floor":10,"gold_loss":0},{"damage_healed":0,"gold_gain":0,"player_choice":"Fought Mushrooms","damage_taken":0,"max_hp_gain":0,"max_hp_loss":0,"event_name":"Mushrooms","floor":13,"gold_loss":0},{"damage_healed":0,"gold_gain":0,"player_choice":"Fought Bandits","damage_taken":0,"max_hp_gain":0,"max_hp_loss":0,"event_name":"Masked Bandits","floor":20,"gold_loss":0}],"is_beta":false,"boss_relics":[{"not_picked":["Tiny House","Mark of Pain"],"picked":"Ectoplasm"}],"items_purged_floors":[4],"is_endless":false,"potions_floor_spawned":[1,6,8,13,16,19,20,21,22,25],"killed_by":"Snake Plant","ascension_level":19}