{"path_per_floor":["M","?","M","?","$","R","?","R","T","R","M","M","$","M","R","B",null,"M","$","?","M","M","R","M","M","T","M","M","?","?","M","R","B",null,"M","$","M","?","M","?","?","?","T","$","?","R","M","M","R"],"character_chosen":"DEFECT","items_purchased":["Echo Form","Darkness","Defragment","Loop","Genetic Algorithm","Impulse","Blaster","Buffer"],"gold_per_floor":[112,212,224,224,26,26,26,26,107,107,121,144,73,92,92,215,215,233,7,7,14,37,37,53,69,69,88,108,58,58,81,81,212,212,225,18,39,39,58,158,158,158,181,81,81,81,105,128,128,128],"floor_reached":50,"campfire_rested":3,"playtime":4868,"current_hp_per_floor":[73,73,73,70,70,70,52,52,52,52,49,44,44,44,66,40,75,66,66,66,66,26,48,69,64,64,56,62,62,62,65,65,75,75,75,75,75,75,75,75,75,75,75,75,75,75,57,36,58,0],"items_purged":["Strike_B","Strike_B"],"gold":128,"score":461,"play_id":"ded943f6-5660-4621-9e2e-0638ff227796","local_time":"20180427152720","is_prod":false,"is_daily":false,"chose_seed":false,"is_ascension_mode":false,"campfire_upgraded":5,"timestamp":1524857240,"path_taken":["M","?","M","?","$","R","?","R","T","R","M","?","?","M","R","BOSS","M","$","?","M","M","R","?","M","T","M","M","?","?","M","R","BOSS","M","$","M","?","?","?","?","?","T","$","?","R","M","M","R","BOSS"],"build_version":"2018-04-26v2","seed_source_timestamp":1123229366756121,"purchased_purges":3,"victory":false,"master_deck":["Strike_B","Defend_B","Defend_B","Defend_B","Defend_B","Zap+1","Dualcast","Multi-Cast+1","Hologram+1","Echo Form+1","Darkness","Barrage","Coolheaded","Defragment+1","Sunder","Seek","Self Repair+1","Loop+1","Genetic Algorithm","Capacitor+1","Self Repair+1","Coolheaded","Double Energy+1","White Noise","Seek","Impulse","Blaster","Buffer+1","Barrage+1","Finesse","Normality","Amplify"],"max_hp_per_floor":[75,75,75,75,75,75,75,75,75,75,75,75,75,75,75,75,75,75,75,75,75,75,75,75,75,75,75,75,75,75,75,75,75,75,75,75,75,75,75,75,75,75,75,75,75,75,75,75,75,75],"relics":["Cracked Core","Frozen Egg 2","Golden Idol","Meat on the Bone","Nuclear Battery","Bottled Tornado","Sozu","Happy Flower","Sundial"],"card_choices":[{"not_picked":["Undo","Stack"],"picked":"Hologram","floor":3.0},{"not_picked":["Glacier","Gash"],"picked":"Barrage","floor":11},{"not_picked":["Skim","Go for the Eyes"],"picked":"Coolheaded","floor":12},{"not_picked":["Beam Cell","Force Field"],"picked":"Sunder","floor":14},{"not_picked":["Echo Form","Meteor Strike"],"picked":"Seek","floor":16},{"not_picked":["Leap","Go for the Eyes"],"picked":"Self Repair","floor":18},{"not_picked":["Doom and Gloom","Heatsinks"],"picked":"Capacitor","floor":21},{"not_picked":["Skim","Rebound"],"picked":"Self Repair","floor":22},{"not_picked":["Melter","Turbo"],"picked":"Coolheaded","floor":24},{"not_picked":["Stack","Undo"],"picked":"Double Energy","floor":28},{"not_picked":["Hologram","Skim"],"picked":"White Noise","floor":31},{"not_picked":["Creative AI","Biased Cognition"],"picked":"Seek","floor":33},{"not_picked":["Hello World","Streamline"],"picked":"Barrage","floor":39},{"not_picked":["Blind","Jack Of All Trades"],"picked":"Finesse","floor":41},{"not_picked":["Leap","Beam Cell"],"picked":"Amplify","floor":48}],"player_experience":18648,"potions_floor_usage":[16,22,27,28,33,33,39],"damage_taken":[{"damage":2.0,"enemies":"Jaw Worm","floor":1.0,"turns":5.0},{"damage":0.0,"enemies":"Cultist","floor":3.0,"turns":4.0},{"damage":3.0,"enemies":"2 Louse","floor":11.0,"turns":3.0},{"damage":5,"enemies":"Large Slime","floor":12,"turns":4},{"damage":0,"enemies":"Looter","floor":14,"turns":3},{"damage":26,"enemies":"The Guardian","floor":16,"turns":6},{"damage":9,"enemies":"Spheric Guardian","floor":18,"turns":4},{"damage":32,"enemies":"2 Thieves","floor":21,"turns":4},{"damage":62,"enemies":"Slaver and Parasite","floor":22,"turns":6},{"damage":21,"enemies":"Snake Plant","floor":24,"turns":6},{"damage":15,"enemies":"Sentry and Sphere","floor":25,"turns":6},{"damage":40,"enemies":"Chosen and Byrds","floor":27,"turns":7},{"damage":26,"enemies":"Centurion and Healer","floor":28,"turns":5},{"damage":29,"enemies":"Slaver and Parasite","floor":31,"turns":7},{"damage":24,"enemies":"Collector","floor":33,"turns":8},{"damage":16,"enemies":"Orb Walker","floor":35,"turns":5},{"damage":17,"enemies":"3 Shapes","floor":37,"turns":6},{"damage":17,"enemies":"Spire Growth","floor":39,"turns":7},{"damage":57,"enemies":"3 Darklings","floor":47,"turns":7},{"damage":53,"enemies":"Flame Bruiser 2 Orb","floor":48,"turns":8},{"damage":64,"enemies":"Awakened One","floor":50,"turns":4}],"event_choices":[{"event_name":"Golden Shrine","player_choice":"Pray","floor":2.0,"damage_taken":0.0},{"event_name":"Scrap Ooze","player_choice":"success","floor":4.0,"damage_taken":3.0},{"event_name":"Golden Idol","player_choice":"Take Damage","floor":7.0,"damage_taken":0.0},{"event_name":"Beggar","player_choice":"Ignored","floor":20,"damage_taken":0},{"event_name":"The Joust","player_choice":"Bet on Murderer","floor":29,"damage_taken":0},{"event_name":"Ghosts","player_choice":"Ignored","floor":30,"damage_taken":0},{"event_name":"The Lab","player_choice":"Got Potions","floor":38,"damage_taken":0},{"event_name":"Golden Shrine","player_choice":"Pray","floor":40,"damage_taken":0},{"event_name":"SensoryStone","player_choice":"Memory 1","floor":41,"damage_taken":0},{"event_name":"Tomb of Lord Red Mask","player_choice":"Ignored","floor":42,"damage_taken":0},{"event_name":"Accursed Blacksmith","player_choice":"Rummage","floor":45,"damage_taken":0}],"boss_relics":[{"not_picked":["Orrery","Lizard Tail"],"picked":"Nuclear Battery"},{"not_picked":["Tiny House","Eternal Feather"],"picked":"Sozu"}],"potions_floor_spawned":[1,12,14,22,24,25,27,33,37,39],"seed_played":"-5016915571681384743","killed_by":"Awakened One","ascension_level":0,"is_trial":false}