{"path_per_floor":["M","?","?","M","$","R","M","M","T","M","$","T","R","M","R","B",null,"M","$","M","$","M","R","?","?","T","?","M","R","T","M","R","B",null,"M","$","M","?","?","R"],"character_chosen":"IRONCLAD","items_purchased":["Metallicize","Anchor","Flex","Iron Wave","Armaments","Fire Breathing","Flex","Armaments","Iron Wave"],"gold_per_floor":[119,119,119,138,101,101,120,140,140,154,11,57,57,75,75,174,174,184,184,197,48,64,64,64,64,64,64,77,77,103,123,123,221,221,237,16,34,34,82,82],"floor_reached":41,"campfire_rested":4,"playtime":2349,"current_hp_per_floor":[80,62,62,68,68,68,74,68,75,74,74,74,74,64,87,59,87,78,78,66,66,65,65,65,65,65,49,27,53,53,38,64,13,87,87,87,72,61,32,58],"items_purged":[],"gold":82,"score":383,"play_id":"207dcec5-dc87-46d6-a0c4-4edec2efe82d","is_prod":false,"is_daily":false,"is_ascension_mode":false,"campfire_upgraded":3,"path_taken":["M","?","?","M","?","R","M","?","T","M","$","?","R","M","R","BOSS","M","$","M","$","M","R","?","?","T","?","?","R","?","M","R","BOSS","M","$","M","?","?","R","?"],"build_version":"2018-02-12-PROD1","purchased_purges":0,"victory":false,"master_deck":["Strike_R","Strike_R","Strike_R","Strike_R","Strike_R","Defend_R","Defend_R","Defend_R","Defend_R","Bash","Heavy Blade+1","Iron Wave","Metallicize","Shockwave","Armaments+1","Flex","Anger","Headbutt","Limit Break+1","Armaments","Flex","Flex","Iron Wave","Armaments","Pummel","Heavy Blade","Twin Strike+1","Armaments","Twin Strike","Flex+1","Limit Break","Shrug It Off+1","Fire Breathing","Flex","Armaments","Iron Wave","Armaments+1","Madness","Madness","Clothesline+1","Battle Trance+1"],"max_hp_per_floor":[80,80,80,80,80,80,80,80,87,87,87,87,87,87,87,87,87,87,87,87,87,87,87,87,87,87,87,87,87,87,87,87,87,87,87,87,87,87,87,87],"relics":["Black Blood","NeowsBlessing","Letter Opener","Strawberry","Anchor","Dream Catcher","Lizard Tail","Art of War","Enchiridion","Bag of Marbles","Bird Faced Urn"],"card_choices":[{"not_picked":["Iron Wave","Cleave"],"picked":"Heavy Blade"},{"not_picked":["Thunderclap","Clash"],"picked":"Iron Wave"},{"not_picked":["Havoc","Dropkick"],"picked":"Shockwave"},{"not_picked":["Anger","Body Slam"],"picked":"Armaments"},{"not_picked":["Fiend Fire","Whirlwind"],"picked":"Flex"},{"not_picked":["Disarm","Searing Blow"],"picked":"Anger"},{"not_picked":["Whirlwind","Sentinel"],"picked":"Headbutt"},{"not_picked":["Berserk","Dark Embrace"],"picked":"Limit Break"},{"not_picked":["Cleave","Uppercut"],"picked":"Armaments"},{"not_picked":["Heavy Blade","Anger"],"picked":"Flex"},{"not_picked":["Rampage","Searing Blow"],"picked":"Pummel"},{"not_picked":["Fire Breathing","Cleave"],"picked":"Twin Strike"},{"not_picked":["Sword Boomerang","Reckless Charge"],"picked":"Armaments"},{"not_picked":["Thunderclap","Second Wind"],"picked":"Twin Strike"},{"not_picked":["Warcry","Headbutt"],"picked":"Flex"},{"not_picked":["Juggernaut","Bludgeon"],"picked":"Limit Break"},{"not_picked":["Anger","Sentinel"],"picked":"Shrug It Off"},{"not_picked":["Combust","Body Slam"],"picked":"Armaments"},{"not_picked":["Bloodletting","Thunderclap"],"picked":"Clothesline"},{"not_picked":["Iron Wave","Perfected Strike"],"picked":"Battle Trance"}],"player_experience":92873,"potions_floor_usage":[16,16,33,33],"damage_taken":[{"damage":0,"enemies":"Cultist","floor":1,"turns":1},{"damage":0,"enemies":"Small Slimes","floor":4,"turns":1},{"damage":0,"enemies":"Jaw Worm","floor":7,"turns":1},{"damage":12,"enemies":"3 Louse","floor":8,"turns":3},{"damage":7,"enemies":"Exordium Thugs","floor":10,"turns":7},{"damage":16,"enemies":"Red Slaver","floor":14,"turns":4},{"damage":34,"enemies":"Hexaghost","floor":16,"turns":9},{"damage":15,"enemies":"3 Byrds","floor":18,"turns":6},{"damage":18,"enemies":"Spheric Guardian","floor":20,"turns":6},{"damage":7,"enemies":"Snecko","floor":22,"turns":4},{"damage":28,"enemies":"Snake Plant","floor":28,"turns":5},{"damage":21,"enemies":"Centurion and Healer","floor":31,"turns":8},{"damage":112,"enemies":"Collector","floor":33,"turns":10},{"damage":0,"enemies":"3 Shapes","floor":35,"turns":7},{"damage":25,"enemies":"3 Darklings","floor":37,"turns":9},{"damage":39,"enemies":"Mysterious Sphere","floor":39,"turns":7},{"damage":74,"enemies":"Maw","floor":41,"turns":9}],"event_choices":[{"event_name":"Scrap Ooze","player_choice":"success","floor":2,"damage_taken":18},{"event_name":"Liars Game","player_choice":"disagreed","floor":3,"damage_taken":0},{"event_name":"Drug Dealer","player_choice":"Ignored","floor":24,"damage_taken":0},{"event_name":"The Library","player_choice":"Read","floor":25,"damage_taken":0},{"event_name":"Cursed Tome","player_choice":"Obtained Book","floor":27,"damage_taken":0},{"event_name":"Winding Halls","player_choice":"Embrace Madness","floor":38,"damage_taken":0},{"event_name":"Mysterious Sphere","player_choice":"Fight","floor":39,"damage_taken":0}],"boss_relics":[{"not_picked":["Velvet Choker","Eternal Feather"],"picked":"Lizard Tail"},{"not_picked":["Philosopher\u0027s Stone","Sozu"],"picked":"Black Blood"}],"potions_floor_spawned":[8,10,18,31],"seed_played":"-8513636453263449894","killed_by":"Maw","ascension_level":0,"is_trial":false}