{"gold_per_floor":[111,111,30,30,46,57,57,135,188,188,223,235,235,247,247,247],"floor_reached":16,"playtime":810,"items_purged":[],"score":100,"play_id":"d754720b-88e0-4344-96e6-005604990e74","local_time":"20190129024046","is_ascension_mode":false,"campfire_choices":[{"data":"Catalyst","floor":7,"key":"SMITH"},{"data":"Bash","floor":10,"key":"SMITH"},{"data":"Corpse Explosion","floor":13,"key":"SMITH"},{"floor":15,"key":"REST"}],"neow_cost":"NONE","seed_source_timestamp":1718422054814197,"circlet_count":0,"master_deck":["Defend_G","Defend_G","Defend_G","Defend_G","Defend_G","Strike_G","Strike_G","Strike_G","Strike_G","Strike_G","Survivor","Neutralize","Bash+1","Heel Hook","Terror","Catalyst+1","Blur","Corpse Explosion+1","Leg Sweep"],"relics":["Ring of the Snake","Meat on the Bone","Lantern","Pantograph"],"potions_floor_usage":[],"damage_taken":[{"damage":3,"enemies":"Small Slimes","floor":1,"turns":4},{"damage":6,"enemies":"Cultist","floor":5,"turns":3},{"damage":0,"enemies":"Jaw Worm","floor":6,"turns":3},{"damage":45,"enemies":"3 Sentries","floor":11,"turns":12},{"damage":17,"enemies":"Gremlin Gang","floor":12,"turns":6},{"damage":5,"enemies":"Exordium Thugs","floor":14,"turns":6},{"damage":74,"enemies":"Slime Boss","floor":16,"turns":13}],"seed_played":"7500487243940230674","potions_obtained":[{"floor":11,"key":"FearPotion"}],"is_trial":false,"path_per_floor":["M","?","$","$","M","M","R","T","T","R","E","M","R","M","R","B"],"character_chosen":"THE_SILENT","items_purchased":["Heel Hook"],"campfire_rested":1,"item_purchase_floors":[3],"current_hp_per_floor":[67,67,67,67,61,61,61,61,61,61,28,23,23,30,51,0],"gold":247,"neow_bonus":"ONE_RANDOM_RARE_CARD","is_prod":false,"is_daily":false,"chose_seed":false,"campfire_upgraded":3,"win_rate":0,"timestamp":1548747646,"path_taken":["M","?","?","$","M","M","R","?","T","R","E","?","R","M","R","BOSS"],"build_version":"2019-01-23","purchased_purges":0,"victory":false,"max_hp_per_floor":[70,70,70,70,70,70,70,70,70,70,70,70,70,70,70,70],"card_choices":[{"not_picked":["Poisoned Stab","Quick Slash","Prepared"],"picked":"SKIP","floor":1},{"not_picked":["Deadly Poison","Slice"],"picked":"Terror","floor":5},{"not_picked":["Eviscerate","Dodge and Roll"],"picked":"Catalyst","floor":6},{"not_picked":["Dodge and Roll","Bane"],"picked":"Blur","floor":11},{"not_picked":["Underhanded Strike","Predator"],"picked":"Corpse Explosion","floor":12},{"not_picked":["Well Laid Plans","Dodge and Roll"],"picked":"Leg Sweep","floor":14}],"player_experience":961720,"relics_obtained":[{"floor":8,"key":"Meat on the Bone"},{"floor":9,"key":"Lantern"},{"floor":11,"key":"Pantograph"}],"event_choices":[{"cards_removed":["Night Terror"],"damage_healed":0,"gold_gain":0,"player_choice":"Took Card","damage_taken":0,"max_hp_gain":0,"max_hp_loss":0,"event_name":"NoteForYourself","floor":2,"gold_loss":0,"cards_obtained":["Bash"]}],"is_beta":false,"boss_relics":[],"items_purged_floors":[],"is_endless":false,"potions_floor_spawned":[11],"killed_by":"Slime Boss","ascension_level":0}