{"path_per_floor":["M","?","?","M","$","R","M","R","T","?","M","M","M","M","R","B",null,"M","M","M","M","M","R","?","R","T","?","R","M","$","?","R","B",null,"M","?","M","$"],"character_chosen":"IRONCLAD","items_purchased":["Blood Vial","Matryoshka","Flame Barrier","Meat on the Bone","Iron Wave"],"gold_per_floor":[144,144,144,160,5,5,19,19,44,119,142,163,188,212,212,336,336,356,379,394,408,432,432,432,432,459,459,459,482,159,159,159,287,287,310,310,328,20],"floor_reached":39,"campfire_rested":5,"playtime":2462,"current_hp_per_floor":[84,84,84,79,79,79,75,75,75,64,62,59,60,59,84,62,85,72,72,53,17,10,35,35,60,60,44,69,51,51,51,76,30,85,65,65,44,44],"items_purged":[],"gold":20,"play_id":"67adbe7c-5104-4b7b-9063-8904e68870e3","is_prod":false,"is_daily":false,"is_ascension_mode":false,"campfire_upgraded":2,"path_taken":["M","?","?","M","$","R","M","R","T","?","?","M","M","M","R","BOSS","M","?","M","M","M","R","?","R","T","?","R","M","$","?","R","BOSS","M","?","M","$","M"],"build_version":"2018-02-01-PROD3","purchased_purges":0,"victory":false,"master_deck":["Strike_R","Strike_R","Strike_R","Strike_R","Defend_R","Defend_R","Defend_R","Defend_R","Bash","Pommel Strike+1","Cleave","Dark Shackles","Injury","Whirlwind+1","Thunderclap","Flame Barrier","Metallicize","Twin Strike","Armaments+1","Juggernaut","Intimidate","Clothesline","Iron Wave","Blood for Blood","Shrug It Off","Feed","Flame Barrier","Power Through","Juggernaut","Clumsy","Clumsy","Pain","Feel No Pain+1","Second Wind","Anger+1","Iron Wave"],"max_hp_per_floor":[85,85,85,85,85,85,85,85,85,85,85,85,85,85,85,85,85,85,85,85,85,85,85,85,85,85,85,85,85,85,85,85,85,85,85,85,85,85],"relics":["Tiny House","Golden Idol","Blood Vial","Orichalcum","Sozu","Juzu Bracelet","Nilry\u0027s Codex","Matryoshka","Calling Bell","Bronze Scales","Dream Catcher","Bag of Preparation","Meat on the Bone"],"card_choices":[{"not_picked":["Dropkick","Clash"],"picked":"Pommel Strike"},{"not_picked":["Pommel Strike","Clash"],"picked":"Cleave"},{"not_picked":["Spot Weakness","Warcry"],"picked":"Whirlwind"},{"not_picked":["Clothesline","Feel No Pain"],"picked":"Thunderclap"},{"not_picked":["Rampage","Flex"],"picked":"Flame Barrier"},{"not_picked":["Perfected Strike","Twin Strike"],"picked":"Metallicize"},{"not_picked":["Bloodletting","Feel No Pain"],"picked":"Twin Strike"},{"not_picked":["Burning Pact","Infernal Blade"],"picked":"Armaments"},{"not_picked":["Bludgeon","Feed"],"picked":"Juggernaut"},{"not_picked":["True Grit","Clash"],"picked":"Intimidate"},{"not_picked":["Perfected Strike","Rupture"],"picked":"Clothesline"},{"not_picked":["Anger","Disarm"],"picked":"Iron Wave"},{"not_picked":["Twin Strike","Dual Wield"],"picked":"Blood for Blood"},{"not_picked":["Sword Boomerang","Cleave"],"picked":"Shrug It Off"},{"not_picked":["Reckless Charge","Perfected Strike"],"picked":"Feed"},{"not_picked":["Double Tap","Brutality"],"picked":"Juggernaut"},{"not_picked":["Warcry","Pommel Strike"],"picked":"Feel No Pain"},{"not_picked":["Headbutt","Pummel"],"picked":"Anger"}],"player_experience":26772,"potions_floor_usage":[16],"damage_taken":[{"damage":1,"enemies":"Jaw Worm","floor":1,"turns":6},{"damage":5,"enemies":"Blue Slaver","floor":4,"turns":5},{"damage":6,"enemies":"Cultist","floor":7,"turns":3},{"damage":4,"enemies":"Looter","floor":11,"turns":3},{"damage":5,"enemies":"Exordium Wildlife","floor":12,"turns":3},{"damage":1,"enemies":"Gremlin Gang","floor":13,"turns":2},{"damage":3,"enemies":"2 Fungi Beasts","floor":14,"turns":2},{"damage":23,"enemies":"The Guardian","floor":16,"turns":10},{"damage":13,"enemies":"2 Thieves","floor":18,"turns":4},{"damage":2,"enemies":"Shell Parasite","floor":19,"turns":5},{"damage":21,"enemies":"3 Cultists","floor":20,"turns":6},{"damage":38,"enemies":"Slaver and Parasite","floor":21,"turns":6},{"damage":9,"enemies":"Cultist and Chosen","floor":22,"turns":6},{"damage":20,"enemies":"Snake Plant","floor":29,"turns":5},{"damage":48,"enemies":"Collector","floor":33,"turns":9},{"damage":20,"enemies":"3 Darklings","floor":35,"turns":4},{"damage":23,"enemies":"Orb Walker","floor":37,"turns":5},{"damage":51,"enemies":"Sphere and 2 Shapes","floor":39,"turns":7}],"event_choices":[{"event_name":"Match and Keep!","player_choice":"1 cards matched","floor":2,"damage_taken":0},{"event_name":"Golden Idol","player_choice":"Take Wound","floor":3,"damage_taken":0},{"event_name":"World of Goop","player_choice":"Gather Gold","floor":10,"damage_taken":0},{"event_name":"Upgrade Shrine","player_choice":"Upgraded","floor":24,"damage_taken":0},{"event_name":"Cursed Tome","player_choice":"Obtained Book","floor":27,"damage_taken":0},{"event_name":"The Library","player_choice":"Read","floor":31,"damage_taken":0},{"event_name":"Transmorgrifier","player_choice":"Transform","floor":36,"damage_taken":0}],"boss_relics":[{"not_picked":["White Beast Statue","Lizard Tail"],"picked":"Sozu"},{"not_picked":["Question Card","Runic Pyramid"],"picked":"Calling Bell"}],"potions_floor_spawned":[1,7,11,14,18,19,22,33,35,37],"seed_played":"4463857762091830572","killed_by":"Sphere and 2 Shapes","ascension_level":0,"is_trial":false}