{"gold_per_floor":[109,129,129,54,54,54,80,100,100,117,131,151,151,168,168,272,272,262,262,262,111,124,152,152,167,191,491,507,517,530,75,75,176,176,191,291,303,303,303,303,317,79,79,79,96,96,115,129,129,129],"floor_reached":51,"playtime":3135,"items_purged":["Defend_R","Strike_R","Injury"],"score":848,"play_id":"f951b618-1ae9-4d47-bad2-6e375be9bcb7","local_time":"20190226214549","is_ascension_mode":false,"campfire_choices":[{"data":"Armaments","floor":6,"key":"SMITH"},{"data":"Bash","floor":15,"key":"SMITH"},{"floor":32,"key":"REST"},{"data":"Corruption","floor":40,"key":"SMITH"},{"data":"Burning Pact","floor":44,"key":"SMITH"},{"data":"Exhume","floor":46,"key":"SMITH"},{"floor":49,"key":"REST"}],"neow_cost":"NONE","seed_source_timestamp":1039470572756149,"circlet_count":0,"master_deck":["Strike_R","Strike_R","Defend_R","Defend_R","Defend_R","Bash+1","Armaments+1","Armaments+1","Flame Barrier","Flame Barrier","Rampage+1","Dark Embrace+1","Shrug It Off","Shrug It Off","Dual Wield+1","Burning Pact+1","Shrug It Off","Parasite","Corruption+1","Exhume+1","Shrug It Off","Sentinel+1","Clumsy","Regret"],"relics":["Burning Blood","NeowsBlessing","Red Skull","Molten Egg 2","Cursed Key","Enchiridion","Boot","Bronze Scales","Old Coin","Dead Branch","Sozu","Unceasing Top","Vajra","Bottled Lightning","Frozen Egg 2"],"potions_floor_usage":[23,23,29],"damage_taken":[{"damage":0,"enemies":"Jaw Worm","floor":1,"turns":1},{"damage":0,"enemies":"Cultist","floor":2,"turns":1},{"damage":0,"enemies":"Lagavulin","floor":7,"turns":1},{"damage":0,"enemies":"Small Slimes","floor":8,"turns":3},{"damage":14,"enemies":"3 Louse","floor":10,"turns":6},{"damage":7,"enemies":"Blue Slaver","floor":11,"turns":4},{"damage":0,"enemies":"2 Fungi Beasts","floor":12,"turns":3},{"damage":4,"enemies":"Red Slaver","floor":14,"turns":4},{"damage":64,"enemies":"Hexaghost","floor":16,"turns":12},{"damage":28,"enemies":"2 Thieves","floor":18,"turns":4},{"damage":0,"enemies":"Chosen","floor":22,"turns":4},{"damage":27,"enemies":"Book of Stabbing","floor":23,"turns":6},{"damage":14,"enemies":"Snake Plant","floor":25,"turns":5},{"damage":17,"enemies":"Sentry and Sphere","floor":28,"turns":8},{"damage":0,"enemies":"3 Cultists","floor":29,"turns":6},{"damage":0,"enemies":"Snecko","floor":30,"turns":5},{"damage":0,"enemies":"Collector","floor":33,"turns":7},{"damage":0,"enemies":"Orb Walker","floor":35,"turns":4},{"damage":3,"enemies":"Mind Bloom Boss Battle","floor":36,"turns":4},{"damage":0,"enemies":"3 Darklings","floor":37,"turns":2},{"damage":3,"enemies":"Maw","floor":41,"turns":6},{"damage":17,"enemies":"4 Shapes","floor":45,"turns":4},{"damage":6,"enemies":"Writhing Mass","floor":47,"turns":3},{"damage":10,"enemies":"Transient","floor":48,"turns":5},{"damage":28,"enemies":"Time Eater","floor":50,"turns":7}],"seed_played":"888145145703013367","potions_obtained":[{"floor":1,"key":"Fire Potion"},{"floor":8,"key":"AttackPotion"},{"floor":16,"key":"Dexterity Potion"},{"floor":22,"key":"Regen Potion"},{"floor":29,"key":"Fire Potion"},{"floor":30,"key":"FearPotion"},{"floor":33,"key":"AttackPotion"}],"is_trial":false,"path_per_floor":["M","M","?","$","?","R","E","M","T","M","M","M","?","M","R","B",null,"M","?","?","$","M","E","?","M","T","T","M","M","M","$","R","B",null,"M","?","M","T","?","R","M","$","T","R","M","R","M","M","R","B",null],"character_chosen":"IRONCLAD","items_purchased":["Shrug It Off","Corruption","Dead Branch","Bottled Lightning"],"campfire_rested":2,"item_purchase_floors":[21,31,31,42],"current_hp_per_floor":[80,80,80,80,80,80,80,80,80,72,71,77,77,79,79,21,80,58,42,42,42,48,39,39,31,31,31,20,26,32,32,56,62,80,80,80,80,80,80,80,80,80,80,80,69,69,69,65,80,58],"gold":129,"neow_bonus":"THREE_ENEMY_KILL","is_prod":false,"is_daily":false,"chose_seed":false,"campfire_upgraded":5,"win_rate":0,"timestamp":1551235549,"path_taken":["M","M","?","?","?","R","E","M","T","M","M","M","?","M","R","BOSS","M","?","?","$","?","E","?","?","T","?","M","M","M","$","R","BOSS","M","?","M","?","?","R","?","?","T","R","M","R","M","M","R","BOSS"],"build_version":"2019-01-23","purchased_purges":3,"victory":true,"max_hp_per_floor":[80,80,80,80,80,80,80,80,80,80,80,80,80,80,80,80,80,80,80,80,80,80,80,80,80,80,80,80,80,80,80,80,80,80,80,80,80,80,80,80,80,80,80,80,80,80,80,80,80,80],"card_choices":[{"not_picked":["Carnage","True Grit"],"picked":"Armaments","floor":1},{"not_picked":["Wild Strike","Headbutt"],"picked":"Armaments","floor":2},{"not_picked":["Armaments","True Grit"],"picked":"Flame Barrier","floor":7},{"not_picked":["Ghostly Armor","Combust","Heavy Blade"],"picked":"SKIP","floor":8},{"not_picked":["Pommel Strike+1","Perfected Strike+1","Clothesline+1"],"picked":"SKIP","floor":10},{"not_picked":["Berserk","Iron Wave+1","Blood for Blood+1"],"picked":"SKIP","floor":11},{"not_picked":["Clash+1","Uppercut+1"],"picked":"Flame Barrier","floor":12},{"not_picked":["Perfected Strike+1","Dual Wield"],"picked":"Rampage+1","floor":14},{"not_picked":["Fiend Fire+1","Immolate+1"],"picked":"Dark Embrace","floor":16},{"not_picked":["Reckless Charge+1","Perfected Strike+1"],"picked":"Shrug It Off","floor":18},{"not_picked":["Bloodletting","Carnage+1"],"picked":"Dual Wield+1","floor":22},{"not_picked":["Flex+1","Shrug It Off+1"],"picked":"Burning Pact","floor":23},{"not_picked":["Feel No Pain+1","Pummel+1"],"picked":"Shrug It Off","floor":25},{"not_picked":["Seeing Red+1","Iron Wave+1","Twin Strike+1"],"picked":"SKIP","floor":28},{"not_picked":["Heavy Blade+1","Limit Break","Havoc+1"],"picked":"SKIP","floor":29},{"not_picked":["Body Slam+1","Combust","Flex"],"picked":"SKIP","floor":30},{"not_picked":["Bludgeon+1","Double Tap"],"picked":"Exhume","floor":33},{"not_picked":["Rage+1","Body Slam+1","Flame Barrier"],"picked":"SKIP","floor":35},{"not_picked":["Sword Boomerang+1","Clash+1"],"picked":"Shrug It Off","floor":36},{"not_picked":["Wild Strike+1","Sword Boomerang+1"],"picked":"Sentinel+1","floor":37},{"not_picked":["Iron Wave+1","Hemokinesis+1","Infernal Blade"],"picked":"SKIP","floor":41},{"not_picked":["Sword Boomerang+1","Clash+1","True Grit"],"picked":"SKIP","floor":45},{"not_picked":["Sword Boomerang+1","Clothesline+1","Cleave+1"],"picked":"SKIP","floor":47},{"not_picked":["Fiend Fire+1","Perfected Strike+1","Clash+1"],"picked":"SKIP","floor":48}],"player_experience":1103257,"relics_obtained":[{"floor":7,"key":"Red Skull"},{"floor":9,"key":"Molten Egg 2"},{"floor":19,"key":"Enchiridion"},{"floor":23,"key":"Boot"},{"floor":26,"key":"Bronze Scales"},{"floor":27,"key":"Old Coin"},{"floor":36,"key":"Unceasing Top"},{"floor":38,"key":"Vajra"},{"floor":43,"key":"Frozen Egg 2"}],"event_choices":[{"cards_removed":["Strike_R"],"damage_healed":0,"gold_gain":0,"player_choice":"Purged","damage_taken":0,"max_hp_gain":0,"max_hp_loss":0,"event_name":"Purifier","floor":3,"gold_loss":0},{"damage_healed":0,"gold_gain":0,"player_choice":"Grow","damage_taken":0,"max_hp_gain":0,"max_hp_loss":0,"event_name":"Living Wall","floor":5,"gold_loss":0,"cards_upgraded":["Armaments"]},{"damage_healed":0,"gold_gain":0,"player_choice":"Ignored","damage_taken":0,"max_hp_gain":0,"max_hp_loss":0,"event_name":"Liars Game","floor":13,"gold_loss":0},{"damage_healed":0,"gold_gain":0,"player_choice":"Obtained Book","damage_taken":16,"max_hp_gain":0,"max_hp_loss":0,"event_name":"Cursed Tome","floor":19,"gold_loss":0},{"damage_healed":0,"gold_gain":0,"player_choice":"Upgraded","damage_taken":0,"max_hp_gain":0,"max_hp_loss":0,"event_name":"Upgrade Shrine","floor":20,"gold_loss":0,"cards_upgraded":["Dark Embrace"]},{"damage_healed":0,"gold_gain":0,"player_choice":"Leave","damage_taken":0,"max_hp_gain":0,"max_hp_loss":0,"event_name":"FaceTrader","floor":24,"gold_loss":0},{"damage_healed":0,"gold_gain":0,"player_choice":"Fight","damage_taken":0,"max_hp_gain":0,"max_hp_loss":0,"event_name":"MindBloom","floor":36,"gold_loss":0},{"cards_removed":["Strike_R"],"damage_healed":0,"gold_gain":0,"player_choice":"Removed Attack","damage_taken":0,"max_hp_gain":0,"max_hp_loss":0,"event_name":"Falling","floor":39,"gold_loss":0}],"is_beta":false,"boss_relics":[{"not_picked":["White Beast Statue","Fusion Hammer"],"picked":"Cursed Key"},{"not_picked":["Calling Bell","Busted Crown"],"picked":"Sozu"}],"items_purged_floors":[4,21,31],"is_endless":false,"potions_floor_spawned":[1,8,16,22,29,30,33,35,41,47,48],"ascension_level":0}