{"path_per_floor":["M","$","M","?","M","R","M","M","T","M","?","M","?","M","R","B",null,"M","$","M"],"character_chosen":"THE_SILENT","items_purchased":["Accuracy","Prepared","Noxious Fumes"],"gold_per_floor":[116,21,41,41,58,58,72,85,109,123,123,143,143,167,167,291,291,305,153,173],"floor_reached":21,"campfire_rested":1,"playtime":1431,"current_hp_per_floor":[61,61,61,47,42,42,22,10,10,7,7,4,4,9,45,29,70,25,25,5],"items_purged":["Strike_G"],"gold":173,"score":201,"play_id":"bcd5136e-bb0c-4a34-8e82-e1e33b2fd75d","is_prod":false,"is_daily":false,"is_ascension_mode":true,"campfire_upgraded":1,"path_taken":["M","?","M","?","M","R","M","M","T","?","?","M","?","?","R","BOSS","M","$","M","M"],"build_version":"2018-02-22-PROD2","purchased_purges":1,"victory":false,"master_deck":["Defend_G","Defend_G","Defend_G","Defend_G","Defend_G","Strike_G","Strike_G","Strike_G+1","Survivor","Neutralize","Night Terror+1","Accuracy","Accuracy","Prepared","Noxious Fumes+1","Infinite Blades+1","Acrobatics","Prepared","Dodge and Roll","Injury","Dagger Throw","Terror","A Thousand Cuts","Flying Knee+1","Noxious Fumes","Cloak And Dagger+1"],"max_hp_per_floor":[70,70,70,70,70,70,70,70,70,70,70,70,70,70,70,70,70,70,70,70],"relics":["Ring of the Snake","Regal Pillow","Golden Idol","Cursed Key"],"card_choices":[{"not_picked":["Blur","Well Laid Plans"],"picked":"Accuracy"},{"not_picked":["Malaise","Well Laid Plans"],"picked":"Noxious Fumes"},{"not_picked":["Dagger Throw","Sucker Punch"],"picked":"Infinite Blades"},{"not_picked":["Quick Slash","Dagger Spray"],"picked":"Acrobatics"},{"not_picked":["Flying Knee","Crippling Poison"],"picked":"Prepared"},{"not_picked":["Deadly Poison","Unload"],"picked":"Dodge and Roll"},{"not_picked":["Deadly Poison","Distraction"],"picked":"Dagger Throw"},{"not_picked":["Infinite Blades","Malaise"],"picked":"Terror"},{"not_picked":["Phantasmal Killer","Tools of the Trade"],"picked":"A Thousand Cuts"},{"not_picked":["Deadly Poison","Deflect"],"picked":"Flying Knee"},{"not_picked":["Caltrops","Deflect"],"picked":"Cloak And Dagger"}],"player_experience":215751,"potions_floor_usage":[21],"damage_taken":[{"damage":9.0,"enemies":"Cultist","floor":1.0,"turns":5.0},{"damage":0.0,"enemies":"2 Louse","floor":3.0,"turns":4.0},{"damage":5.0,"enemies":"Small Slimes","floor":5.0,"turns":5.0},{"damage":20.0,"enemies":"Exordium Wildlife","floor":7.0,"turns":5.0},{"damage":12.0,"enemies":"Large Slime","floor":8.0,"turns":4.0},{"damage":3.0,"enemies":"3 Louse","floor":10.0,"turns":3.0},{"damage":3.0,"enemies":"2 Fungi Beasts","floor":12.0,"turns":6.0},{"damage":10.0,"enemies":"Large Slime","floor":14.0,"turns":5.0},{"damage":16.0,"enemies":"Hexaghost","floor":16.0,"turns":8.0},{"damage":45.0,"enemies":"Chosen","floor":18.0,"turns":6.0},{"damage":20.0,"enemies":"3 Byrds","floor":20.0,"turns":5.0},{"damage":7,"enemies":"Sentry and Sphere","floor":21,"turns":3}],"event_choices":[{"event_name":"Shining Light","player_choice":"Entered Light","floor":4.0,"damage_taken":0.0},{"event_name":"Golden Idol","player_choice":"Take Wound","floor":11.0,"damage_taken":0.0},{"event_name":"Living Wall","player_choice":"Grow","floor":13.0,"damage_taken":0.0}],"boss_relics":[],"potions_floor_spawned":[1,5,12,14],"seed_played":"7753315062744769809","killed_by":"Sentry and Sphere","ascension_level":3,"is_trial":false}