{"path_per_floor":["M","?","?","M","$","E","M","R","T","M","M","R","M","?","R","B",null,"M","?","?","$","?","E","R","M","T","M","R","$","R","M","R","B",null,"M","?","M","$","?","R","?","M","T","R","?","?","M","M","R"],"character_chosen":"IRONCLAD","items_purchased":["Pommel Strike","Rage","Anchor","Thunderclap","Armaments","Reckless Charge","Shrug It Off","Fire Breathing","Anger"],"gold_per_floor":[117,117,117,137,54,79,93,93,93,109,125,125,136,198,198,295,295,312,312,412,10,10,35,35,47,47,67,67,14,14,34,34,130,130,141,141,157,37,0,0,0,13,13,13,13,13,23,35,35],"floor_reached":50,"campfire_rested":5,"playtime":2598,"current_hp_per_floor":[80,80,80,80,80,80,76,76,76,73,51,51,36,31,55,18,80,69,69,69,69,69,28,52,46,46,43,67,67,67,50,74,29,80,31,21,43,43,43,43,43,54,54,54,54,54,34,33,57],"items_purged":["Strike_R"],"gold":35,"score":529,"play_id":"088fa086-faef-4ee9-a289-352f7195963c","is_prod":false,"is_daily":false,"is_ascension_mode":true,"campfire_upgraded":2,"path_taken":["M","?","?","?","$","E","?","R","T","M","?","R","M","?","R","BOSS","M","?","?","$","?","E","R","M","T","M","R","?","R","M","R","BOSS","M","?","M","$","?","R","?","?","T","R","?","?","M","M","R","BOSS"],"build_version":"2018-02-22-PROD2","purchased_purges":1,"victory":false,"master_deck":["Strike_R","Strike_R","Strike_R","Defend_R","Defend_R","Defend_R","Bash","Fire Breathing+1","Rage","Pommel Strike","Rage","Whirlwind","Sword Boomerang","Berserk","Metallicize","Anger","Reckless Charge","Sword Boomerang","Headbutt","Thunderclap","Armaments","Reckless Charge","Spot Weakness","Inflame","Shrug It Off","Warcry","Demon Form","Madness","Madness","Spot Weakness","Fire Breathing+1","Anger","Shrug It Off","Normality","Pummel"],"max_hp_per_floor":[80,80,80,80,80,80,80,80,80,80,80,80,80,80,80,80,80,80,80,80,80,80,80,80,80,80,80,80,80,80,80,80,80,80,80,80,80,80,80,80,80,80,80,80,80,80,80,80,80],"relics":["Black Blood","NeowsBlessing","Ginger","Girya","Thread and Needle","Lizard Tail","Anchor","Meat on the Bone","Torii","Red Mask","Frozen Eye","Pen Nib"],"card_choices":[{"not_picked":["Heavy Blade","Sword Boomerang"],"picked":"Fire Breathing"},{"not_picked":["Clash","Havoc"],"picked":"Rage"},{"not_picked":["Carnage","Rage"],"picked":"Whirlwind"},{"not_picked":["Warcry","Flame Barrier"],"picked":"Sword Boomerang"},{"not_picked":["Disarm","Carnage"],"picked":"Berserk"},{"not_picked":["Wild Strike","Sentinel"],"picked":"Metallicize"},{"not_picked":["Sever Soul","Headbutt"],"picked":"Anger"},{"not_picked":["Thunderclap","Clothesline"],"picked":"Reckless Charge"},{"not_picked":["Clothesline","Body Slam"],"picked":"Sword Boomerang"},{"not_picked":["Evolve","Shrug It Off"],"picked":"Spot Weakness"},{"not_picked":["Dual Wield","Headbutt"],"picked":"Inflame"},{"not_picked":["Carnage","Heavy Blade"],"picked":"Warcry"},{"not_picked":["Berserk","Dark Embrace"],"picked":"Demon Form"},{"not_picked":["True Grit","Twin Strike"],"picked":"Spot Weakness"},{"not_picked":["Clash","Perfected Strike"],"picked":"Shrug It Off"},{"not_picked":["Hemokinesis","Twin Strike"],"picked":"Pummel"}],"player_experience":199887,"potions_floor_usage":[14,16,16,16,37,42,50,50],"damage_taken":[{"damage":0,"enemies":"2 Louse","floor":1,"turns":1},{"damage":0,"enemies":"Cultist","floor":4,"turns":1},{"damage":0,"enemies":"3 Sentries","floor":6,"turns":2},{"damage":10,"enemies":"Small Slimes","floor":7,"turns":4},{"damage":9,"enemies":"Exordium Thugs","floor":10,"turns":4},{"damage":28,"enemies":"Large Slime","floor":11,"turns":6},{"damage":21,"enemies":"Red Slaver","floor":13,"turns":4},{"damage":11,"enemies":"3 Sentries","floor":14,"turns":5},{"damage":43,"enemies":"The Guardian","floor":16,"turns":11},{"damage":17,"enemies":"Chosen","floor":18,"turns":6},{"damage":104,"enemies":"Slavers","floor":23,"turns":8},{"damage":24,"enemies":"2 Thieves","floor":25,"turns":3},{"damage":21,"enemies":"3 Cultists","floor":27,"turns":4},{"damage":23,"enemies":"Snake Plant","floor":31,"turns":5},{"damage":63,"enemies":"Automaton","floor":33,"turns":9},{"damage":71,"enemies":"3 Shapes","floor":35,"turns":6},{"damage":0,"enemies":"Orb Walker","floor":37,"turns":4},{"damage":11,"enemies":"3 Darklings","floor":42,"turns":5},{"damage":42,"enemies":"Maw","floor":47,"turns":8},{"damage":23,"enemies":"Sphere and 2 Shapes","floor":48,"turns":7},{"damage":81,"enemies":"Time Eater","floor":50,"turns":7}],"event_choices":[{"event_name":"Bonfire Elementals","player_choice":"BASIC","floor":2,"damage_taken":0},{"event_name":"The Lab","player_choice":"Got Potions","floor":3,"damage_taken":0},{"event_name":"Dead Adventurer","player_choice":"Searched \u00272\u0027 times","floor":14,"damage_taken":0},{"event_name":"Match and Keep!","player_choice":"1 cards matched","floor":19,"damage_taken":0},{"event_name":"Golden Shrine","player_choice":"Pray","floor":20,"damage_taken":0},{"event_name":"Drug Dealer","player_choice":"Ignored","floor":22,"damage_taken":0},{"event_name":"Winding Halls","player_choice":"Embrace Madness","floor":36,"damage_taken":0},{"event_name":"Tomb of Lord Red Mask","player_choice":"Paid","floor":39,"damage_taken":0},{"event_name":"Mysterious Sphere","player_choice":"Ignore","floor":41,"damage_taken":0},{"event_name":"Accursed Blacksmith","player_choice":"Rummage","floor":46,"damage_taken":0}],"boss_relics":[{"not_picked":["Velvet Choker","Snecko Eye"],"picked":"Lizard Tail"},{"not_picked":["Black Star","Runic Pyramid"],"picked":"Black Blood"}],"potions_floor_spawned":[1,6,13,14,25,27,33,35,47,48],"seed_played":"-8751126743767997631","killed_by":"Time Eater","ascension_level":2,"is_trial":false}