{"gold_per_floor":[115,61,26,41,60,60,60,60,60,60,72,84,84,104,104,206,206,226,241,241,3,3,3,13,13,67,67,77,2,2,14,14,117,117,131,31,31,31,43,55,55,75,75,75,86,86],"floor_reached":46,"playtime":4853,"items_purged":["Normality","Shame"],"score":512,"play_id":"b5b47145-f722-467e-ae66-1642858e1be0","local_time":"20181205162140","is_ascension_mode":false,"campfire_choices":[{"data":"Neutralize","floor":6,"key":"SMITH"},{"data":"Footwork","floor":8,"key":"SMITH"},{"data":"Blade Dance","floor":10,"key":"SMITH"},{"data":"Leg Sweep","floor":13,"key":"SMITH"},{"data":"Blur","floor":15,"key":"SMITH"},{"floor":23,"key":"REST"},{"floor":25,"key":"REST"},{"floor":27,"key":"REST"},{"floor":30,"key":"REST"},{"floor":32,"key":"REST"},{"floor":41,"key":"REST"},{"floor":44,"key":"REST"}],"neow_cost":"NONE","seed_source_timestamp":195682905731283,"circlet_count":0,"master_deck":["Defend_G","Defend_G","Defend_G","Defend_G","Strike_G","Strike_G","Strike_G","Strike_G","Survivor","Neutralize+1","Blade Dance+1","Blur+1","Leg Sweep+1","Footwork+1","A Thousand Cuts","Backflip","Pommel Strike+1","Finisher","Transmutation","Clumsy","Slice+1","Ball Lightning+1","Static Discharge+1","Parasite","Spot Weakness+1","Body Slam+1"],"relics":["Ring of the Snake","Boot","Darkstone Periapt","Matryoshka","Gremlin Horn","Pantograph","Calling Bell","PreservedInsect","Ninja Scroll","Ice Cream","PrismaticShard","Tiny Chest","Happy Flower","Astrolabe","Shuriken"],"potions_floor_usage":[18,31,33,33,40,45],"damage_taken":[{"damage":0,"enemies":"Jaw Worm","floor":1,"turns":6},{"damage":0,"enemies":"Cultist","floor":4,"turns":4},{"damage":0,"enemies":"Small Slimes","floor":5,"turns":4},{"damage":0,"enemies":"Exordium Thugs","floor":11,"turns":6},{"damage":0,"enemies":"Red Slaver","floor":12,"turns":8},{"damage":1,"enemies":"2 Fungi Beasts","floor":14,"turns":3},{"damage":0,"enemies":"The Guardian","floor":16,"turns":21},{"damage":5,"enemies":"Shell Parasite","floor":18,"turns":14},{"damage":35,"enemies":"Spheric Guardian","floor":19,"turns":16},{"damage":27,"enemies":"Snecko","floor":24,"turns":11},{"damage":45,"enemies":"Sentry and Sphere","floor":28,"turns":12},{"damage":20,"enemies":"Cultist and Chosen","floor":31,"turns":10},{"damage":88,"enemies":"Automaton","floor":33,"turns":20},{"damage":26,"enemies":"3 Darklings","floor":35,"turns":5},{"damage":0,"enemies":"3 Shapes","floor":39,"turns":5},{"damage":67,"enemies":"Writhing Mass","floor":40,"turns":11},{"damage":46,"enemies":"Sphere and 2 Shapes","floor":42,"turns":9},{"damage":1,"enemies":"3 Darklings","floor":45,"turns":4},{"damage":39,"enemies":"Spire Growth","floor":46,"turns":4}],"seed_played":"5367428095013539046","potions_obtained":[{"floor":4,"key":"Explosive Potion"},{"floor":12,"key":"FearPotion"},{"floor":14,"key":"Block Potion"},{"floor":24,"key":"Energy Potion"},{"floor":35,"key":"SteroidPotion"},{"floor":39,"key":"SkillPotion"}],"is_trial":false,"path_per_floor":["M","?","$","M","M","R","T","R","T","R","M","M","R","M","R","B",null,"M","M","?","$","?","R","M","R","T","R","M","$","R","M","R","B",null,"M","$","?","$","M","M","R","M","T","R","M","M"],"character_chosen":"THE_SILENT","items_purchased":["Blur","PrismaticShard","Backflip"],"campfire_rested":7,"item_purchase_floors":[3,21,21],"current_hp_per_floor":[70,70,70,70,70,70,70,70,70,70,70,70,70,69,69,70,88,83,48,31,31,31,58,31,58,58,85,40,40,67,47,74,5,105,79,79,79,79,79,18,51,5,5,38,37,0],"gold":86,"neow_bonus":"RANDOM_COMMON_RELIC","is_prod":false,"is_daily":false,"chose_seed":false,"campfire_upgraded":5,"win_rate":0,"timestamp":1544026900,"path_taken":["M","?","?","?","M","R","?","R","T","R","M","M","R","?","R","BOSS","M","M","?","$","?","R","M","R","T","R","M","$","R","M","R","BOSS","M","$","?","$","?","M","R","M","T","R","M","M"],"build_version":"2018-11-15","purchased_purges":2,"victory":false,"max_hp_per_floor":[70,70,70,70,70,70,70,70,70,70,70,70,70,70,70,70,88,88,88,93,93,93,93,93,93,93,93,93,93,93,93,93,93,105,105,105,105,105,105,111,111,111,111,111,111,111],"card_choices":[{"not_picked":["Dagger Spray","Slice"],"picked":"Blade Dance","floor":1},{"not_picked":["Prepared","Blade Dance"],"picked":"Leg Sweep","floor":4},{"not_picked":["Noxious Fumes","Blade Dance"],"picked":"Footwork","floor":5},{"not_picked":["Flechettes","Dagger Throw","Sucker Punch"],"picked":"SKIP","floor":11},{"not_picked":["Endless Agony","Dash","Predator"],"picked":"SKIP","floor":12},{"not_picked":["Dash","Bane","Blade Dance"],"picked":"SKIP","floor":14},{"not_picked":["Phantasmal Killer","Bullet Time"],"picked":"A Thousand Cuts","floor":16},{"not_picked":["Underhanded Strike+1","Bouncing Flask","All Out Attack+1"],"picked":"SKIP","floor":18},{"not_picked":["Dagger Spray+1","PiercingWail","Blade Dance"],"picked":"SKIP","floor":19},{"not_picked":["Corruption","Flying Knee+1","Beam Cell"],"picked":"SKIP","floor":24},{"not_picked":["Catalyst","Poisoned Stab"],"picked":"Pommel Strike+1","floor":28},{"not_picked":["Deflect","Rebound"],"picked":"Finisher","floor":31},{"not_picked":["Secret Technique","Reboot"],"picked":"Transmutation","floor":33},{"not_picked":["Slice","Storm+1"],"picked":"Ball Lightning+1","floor":35},{"not_picked":["Shrug It Off+1","Cleave+1"],"picked":"Static Discharge+1","floor":39},{"not_picked":["Stack+1","Go for the Eyes","Headbutt+1"],"picked":"SKIP","floor":40},{"not_picked":["Recycle+1","Blade Dance+1"],"picked":"Spot Weakness+1","floor":42},{"not_picked":["Terror","Jack Of All Trades"],"picked":"Body Slam+1","floor":45}],"player_experience":256893,"relics_obtained":[{"floor":7,"key":"Matryoshka"},{"floor":9,"key":"Gremlin Horn"},{"floor":9,"key":"Pantograph"},{"floor":17,"key":"PreservedInsect"},{"floor":17,"key":"Ninja Scroll"},{"floor":17,"key":"Ice Cream"},{"floor":26,"key":"Tiny Chest"},{"floor":26,"key":"Happy Flower"},{"floor":43,"key":"Shuriken"}],"event_choices":[{"damage_healed":0,"gold_gain":0,"player_choice":"Paid Gold","damage_taken":0,"relics_obtained":["Darkstone Periapt"],"max_hp_gain":0,"max_hp_loss":0,"event_name":"WeMeetAgain","floor":2,"gold_loss":54},{"damage_healed":0,"gold_gain":0,"player_choice":"Shed Blood","damage_taken":22,"max_hp_gain":5,"max_hp_loss":0,"event_name":"Forgotten Altar","floor":20,"gold_loss":0},{"damage_healed":0,"gold_gain":0,"player_choice":"Ignored","damage_taken":0,"max_hp_gain":0,"max_hp_loss":0,"event_name":"Ghosts","floor":22,"gold_loss":0},{"cards_removed":["Strike_G"],"damage_healed":0,"gold_gain":0,"player_choice":"Purged","damage_taken":0,"max_hp_gain":0,"max_hp_loss":0,"event_name":"Purifier","floor":37,"gold_loss":0}],"is_beta":false,"boss_relics":[{"not_picked":["Busted Crown","Fusion Hammer"],"picked":"Calling Bell"},{"not_picked":["Orrery","White Beast Statue"],"picked":"Astrolabe"}],"items_purged_floors":[29,36],"is_endless":false,"potions_floor_spawned":[4,12,14,16,24,28,35,39],"killed_by":"Spire Growth","ascension_level":0}