{"path_per_floor":["M","M","?","M","$","?","?","M","T","R","?","R","M","T","R","B",null,"M","M","?","$","?","$","R","M","T","$","M","M","$","M","R","B",null,"M","?","M","$","?","R","M","M","T","?","M","M","$","M","R"],"character_chosen":"IRONCLAD","items_purchased":["Barricade","Thread and Needle","Disarm","Metallicize","Ghostly Armor","Burning Pact","Body Slam","Dramatic Entrance","Shrug It Off"],"gold_per_floor":[418,433,608,626,20,20,20,40,93,93,43,43,63,63,63,164,194,213,225,225,17,217,17,17,28,28,28,42,52,0,16,16,115,115,125,125,136,40,40,40,53,73,155,155,167,178,131,144,144,144],"floor_reached":50,"campfire_rested":3,"playtime":2454,"current_hp_per_floor":[72,55,55,44,44,28,28,32,32,32,32,32,38,38,62,43,85,85,78,78,78,78,78,78,74,74,74,59,49,49,48,73,23,85,85,85,66,66,66,66,47,53,53,53,30,21,21,7,32,0],"items_purged":["Doubt","Heavy Blade","Strike_R"],"gold":144,"score":574,"play_id":"befc4f23-ebef-46b8-8f18-af4812fc49e0","local_time":"20180326205706","is_prod":false,"is_daily":false,"is_ascension_mode":true,"campfire_upgraded":4,"timestamp":1522112226,"path_taken":["M","M","?","M","$","?","?","?","T","R","?","R","M","?","R","BOSS","M","M","?","$","?","$","R","M","T","?","M","M","$","?","R","BOSS","M","?","M","$","?","R","M","M","T","?","M","?","$","M","R","BOSS"],"build_version":"2018-03-22v2","purchased_purges":3,"victory":false,"master_deck":["Strike_R","Strike_R+1","Defend_R","Defend_R","Defend_R","Defend_R","Bash+1","Thunderclap","Body Slam+1","Barricade+1","Body Slam+1","Body Slam","Juggernaut+1","Metallicize+1","Ghostly Armor","Burning Pact","Body Slam","Battle Trance+1","Ghostly Armor+1","Dramatic Entrance","Pommel Strike","Shrug It Off"],"max_hp_per_floor":[80,80,80,80,80,80,80,80,80,80,80,80,80,80,80,80,85,85,85,85,85,85,85,85,85,85,85,85,85,85,85,85,85,85,85,85,85,85,85,85,85,85,85,85,85,85,85,85,85,85],"relics":["Burning Blood","Old Coin","Thread and Needle","Anchor","Oddly Smooth Stone","Tiny House","Dead Branch","Mark of Pain","Matryoshka"],"card_choices":[{"not_picked":["Shockwave","Intimidate"],"picked":"Thunderclap","floor":1},{"not_picked":["Sword Boomerang","Twin Strike"],"picked":"Body Slam","floor":2},{"not_picked":["Cleave","Sentinel"],"picked":"Heavy Blade","floor":4},{"not_picked":["Metallicize","Disarm"],"picked":"Body Slam","floor":8},{"not_picked":["Anger","Thunderclap"],"picked":"Body Slam","floor":18},{"not_picked":["Flex","Sword Boomerang"],"picked":"Juggernaut","floor":19},{"not_picked":["Feel No Pain","Clothesline"],"picked":"Battle Trance","floor":35},{"not_picked":["Clash","Carnage"],"picked":"Ghostly Armor","floor":37}],"player_experience":354823,"potions_floor_usage":[33,33,33,37,48,48,50],"damage_taken":[{"damage":14,"enemies":"Small Slimes","floor":1,"turns":5},{"damage":23,"enemies":"Jaw Worm","floor":2,"turns":4},{"damage":17,"enemies":"2 Louse","floor":4,"turns":3},{"damage":2,"enemies":"2 Fungi Beasts","floor":8,"turns":4},{"damage":0,"enemies":"Looter","floor":13,"turns":3},{"damage":25,"enemies":"The Guardian","floor":16,"turns":12},{"damage":0,"enemies":"Shell Parasite","floor":18,"turns":4},{"damage":13,"enemies":"2 Thieves","floor":19,"turns":4},{"damage":10,"enemies":"Centurion and Healer","floor":25,"turns":6},{"damage":21,"enemies":"Cultist and Chosen","floor":28,"turns":7},{"damage":16,"enemies":"Chosen and Byrds","floor":29,"turns":5},{"damage":7,"enemies":"Snecko","floor":31,"turns":4},{"damage":56,"enemies":"Automaton","floor":33,"turns":12},{"damage":4,"enemies":"Orb Walker","floor":35,"turns":5},{"damage":25,"enemies":"3 Darklings","floor":37,"turns":6},{"damage":25,"enemies":"4 Shapes","floor":41,"turns":5},{"damage":0,"enemies":"Maw","floor":42,"turns":5},{"damage":29,"enemies":"Sphere and 2 Shapes","floor":45,"turns":6},{"damage":15,"enemies":"4 Shapes","floor":46,"turns":4},{"damage":20,"enemies":"3 Darklings","floor":48,"turns":4},{"damage":43,"enemies":"Awakened One","floor":50,"turns":3}],"event_choices":[{"event_name":"Liars Game","player_choice":"agreed","floor":3,"damage_taken":0},{"event_name":"Shining Light","player_choice":"Entered Light","floor":6,"damage_taken":0},{"event_name":"Living Wall","player_choice":"Forget","floor":7,"damage_taken":0},{"event_name":"The Cleric","player_choice":"Card Removal","floor":11,"damage_taken":0},{"event_name":"The Woman in Blue","player_choice":"Bought 0 Potions","floor":20,"damage_taken":0},{"event_name":"Wheel of Change","player_choice":"Gold","floor":22,"damage_taken":0},{"event_name":"Transmorgrifier","player_choice":"Transform","floor":39,"damage_taken":0},{"event_name":"Tomb of Lord Red Mask","player_choice":"Ignored","floor":44,"damage_taken":0}],"boss_relics":[{"not_picked":["Runic Pyramid","Snecko Eye"],"picked":"Tiny House"},{"not_picked":["Runic Cube","Black Blood"],"picked":"Mark of Pain"}],"potions_floor_spawned":[2,8,25,28,29,31,33,35,37,48],"seed_played":"6909493670046146660","killed_by":"Awakened One","ascension_level":4,"is_trial":false}