{"gold_per_floor":[114,114,133,83,83,83,183,222,222,242,242,127,127,148,148,274,274,297,331,345,307,326,326,349,362,362,385,122,136,136,136,136,261,261,276,300,300,300],"floor_reached":38,"playtime":3204,"items_purged":["Injury"],"score":401,"play_id":"a930dc71-cdf0-4e75-8226-72930e8116b4","local_time":"20181019205326","is_ascension_mode":false,"campfire_choices":[{"data":"Neutralize","floor":6,"key":"SMITH"},{"data":"Quick Slash","floor":11,"key":"SMITH"},{"data":"Bouncing Flask","floor":13,"key":"SMITH"},{"data":"Backflip","floor":15,"key":"SMITH"},{"data":"Well Laid Plans","floor":23,"key":"SMITH"},{"floor":30,"key":"REST"},{"floor":32,"key":"REST"}],"neow_cost":"NONE","seed_source_timestamp":519493136003582,"circlet_count":0,"master_deck":["Defend_G","Defend_G","Defend_G","Defend_G","Strike_G","Strike_G","Strike_G","Strike_G","Survivor","Neutralize+1","Quick Slash+1","Backflip+1","Dodge and Roll","Masterful Stab","Bouncing Flask+1","Die Die Die","Poisoned Stab+1","Infinite Blades","Bane+1","Well Laid Plans+1","Crippling Poison+1","Dagger Spray+1","Backflip","Acrobatics","Backflip","Grand Finale","Writhe","Doubt","Clumsy","Quick Slash+1","Writhe"],"relics":["Ring of the Snake","NeowsBlessing","Golden Idol","Potion Belt","Mummified Hand","HoveringKite","Red Mask","Gremlin Horn","HandDrill","MutagenicStrength","Calling Bell","Boot","Molten Egg 2","Incense Burner"],"potions_floor_usage":[16,19,33,33],"damage_taken":[{"damage":0,"enemies":"Jaw Worm","floor":1,"turns":1},{"damage":0,"enemies":"Cultist","floor":3,"turns":1},{"damage":0,"enemies":"3 Sentries","floor":8,"turns":1},{"damage":0,"enemies":"2 Louse","floor":10,"turns":5},{"damage":0,"enemies":"2 Fungi Beasts","floor":14,"turns":2},{"damage":17,"enemies":"The Guardian","floor":16,"turns":9},{"damage":0,"enemies":"Chosen","floor":18,"turns":4},{"damage":4,"enemies":"Masked Bandits","floor":19,"turns":3},{"damage":10,"enemies":"Spheric Guardian","floor":20,"turns":4},{"damage":10,"enemies":"Centurion and Healer","floor":22,"turns":6},{"damage":0,"enemies":"Chosen and Byrds","floor":24,"turns":3},{"damage":9,"enemies":"3 Cultists","floor":25,"turns":4},{"damage":7,"enemies":"Snake Plant","floor":27,"turns":5},{"damage":0,"enemies":"Cultist and Chosen","floor":29,"turns":5},{"damage":47,"enemies":"Champ","floor":33,"turns":11},{"damage":15,"enemies":"Orb Walker","floor":35,"turns":4},{"damage":0,"enemies":"3 Darklings","floor":36,"turns":2},{"damage":17,"enemies":"Spire Growth","floor":38,"turns":3}],"seed_played":"3637872905660125246","potions_obtained":[{"floor":1,"key":"Energy Potion"},{"floor":10,"key":"PowerPotion"},{"floor":18,"key":"FearPotion"},{"floor":20,"key":"Dexterity Potion"},{"floor":27,"key":"GamblersBrew"},{"floor":36,"key":"PowerPotion"}],"is_trial":false,"path_per_floor":["M","?","M","?","?","R","?","E","T","M","R","$","R","M","R","B",null,"M","?","M","$","M","R","M","M","T","M","$","M","R","?","R","B",null,"M","M","?"],"character_chosen":"THE_SILENT","items_purchased":["Bouncing Flask","Well Laid Plans","HandDrill","Acrobatics"],"campfire_rested":2,"item_purchase_floors":[12,21,28,28],"current_hp_per_floor":[70,70,70,70,70,70,70,70,70,70,70,70,70,70,70,53,70,70,66,56,56,46,46,46,37,37,30,30,30,51,51,70,23,70,55,55,70,53],"gold":300,"neow_bonus":"THREE_ENEMY_KILL","is_prod":false,"is_daily":false,"chose_seed":false,"campfire_upgraded":5,"win_rate":0,"timestamp":1539978806,"path_taken":["M","?","M","?","?","R","?","E","T","?","R","$","R","M","R","BOSS","M","?","M","$","M","R","M","M","T","M","$","M","R","?","R","BOSS","M","M","?","M"],"build_version":"2018-10-18","purchased_purges":1,"victory":false,"max_hp_per_floor":[70,70,70,70,70,70,70,70,70,70,70,70,70,70,70,70,70,70,70,70,70,70,70,70,70,70,70,70,70,70,70,70,70,70,70,70,70,70],"card_choices":[{"not_picked":["Endless Agony","All Out Attack"],"picked":"Quick Slash","floor":1},{"not_picked":["Infinite Blades","Sucker Punch"],"picked":"Backflip","floor":3},{"not_picked":["Backflip","Terror"],"picked":"Dodge and Roll","floor":8},{"not_picked":["Storm of Steel","Distraction"],"picked":"Masterful Stab","floor":10},{"not_picked":["Endless Agony","Calculated Gamble","Slice"],"picked":"SKIP","floor":14},{"not_picked":["Storm of Steel","Doppelganger"],"picked":"Die Die Die","floor":16},{"not_picked":["Quick Slash","Deadly Poison"],"picked":"Poisoned Stab+1","floor":18},{"not_picked":["Dodge and Roll","Slice"],"picked":"Infinite Blades","floor":19},{"not_picked":["Prepared","Cloak And Dagger"],"picked":"Bane+1","floor":20},{"not_picked":["All Out Attack","Terror"],"picked":"Crippling Poison+1","floor":22},{"not_picked":["Dagger Throw","Blade Dance+1"],"picked":"Dagger Spray+1","floor":24},{"not_picked":["Sucker Punch","Outmaneuver","Accuracy+1"],"picked":"SKIP","floor":25},{"not_picked":["Terror","Prepared"],"picked":"Backflip","floor":27},{"not_picked":["Caltrops","Dodge and Roll"],"picked":"Backflip","floor":29},{"not_picked":["A Thousand Cuts","Venomology"],"picked":"Grand Finale","floor":33},{"not_picked":["Slice+1","Blade Dance"],"picked":"Quick Slash+1","floor":35},{"not_picked":["Poisoned Stab+1","Slice+1","PiercingWail"],"picked":"SKIP","floor":36}],"player_experience":221966,"relics_obtained":[{"floor":8,"key":"Potion Belt"},{"floor":9,"key":"Mummified Hand"},{"floor":19,"key":"Red Mask"},{"floor":26,"key":"Gremlin Horn"},{"floor":34,"key":"Boot"},{"floor":34,"key":"Molten Egg 2"},{"floor":34,"key":"Incense Burner"}],"event_choices":[{"cards_removed":["Strike_G"],"damage_healed":0,"gold_gain":0,"player_choice":"Purged","damage_taken":0,"max_hp_gain":0,"max_hp_loss":0,"event_name":"Purifier","floor":2,"gold_loss":0},{"cards_removed":["Defend_G"],"damage_healed":0,"gold_gain":0,"player_choice":"Card Removal","damage_taken":0,"max_hp_gain":0,"max_hp_loss":0,"event_name":"The Cleric","floor":4,"gold_loss":50},{"damage_healed":0,"gold_gain":0,"player_choice":"Take Wound","damage_taken":0,"relics_obtained":["Golden Idol"],"max_hp_gain":0,"max_hp_loss":0,"event_name":"Golden Idol","floor":5,"gold_loss":0,"cards_obtained":["Injury"]},{"damage_healed":0,"gold_gain":100,"player_choice":"Pray","damage_taken":0,"max_hp_gain":0,"max_hp_loss":0,"event_name":"Golden Shrine","floor":7,"gold_loss":0},{"damage_healed":0,"gold_gain":0,"player_choice":"Fought Bandits","damage_taken":0,"max_hp_gain":0,"max_hp_loss":0,"event_name":"Masked Bandits","floor":19,"gold_loss":0},{"damage_healed":0,"gold_gain":0,"player_choice":"Inject Mutagens","damage_taken":0,"relics_obtained":["MutagenicStrength"],"max_hp_gain":0,"max_hp_loss":0,"event_name":"Drug Dealer","floor":31,"gold_loss":0},{"damage_healed":18,"gold_gain":0,"player_choice":"Writhe","damage_taken":0,"max_hp_gain":0,"max_hp_loss":0,"event_name":"Winding Halls","floor":37,"gold_loss":0,"cards_obtained":["Writhe"]}],"is_beta":false,"boss_relics":[{"not_picked":["Cursed Key","Velvet Choker"],"picked":"HoveringKite"},{"not_picked":["Coffee Dripper","Lizard Tail"],"picked":"Calling Bell"}],"items_purged_floors":[12],"is_endless":false,"potions_floor_spawned":[1,10,18,20,27,36],"killed_by":"Spire Growth","ascension_level":0}