{"path_per_floor":["M","?","M","M","?","R","M","M","T","R","?","M","$","M","R","B",null,"M","M","M","T","M","R","M","$","T","M","R","M","?","M","R"],"character_chosen":"THE_SILENT","items_purchased":["Poisoned Stab","Backflip","Purity","PiercingWail","Finesse"],"gold_per_floor":[118,118,138,148,148,148,165,176,176,176,197,217,52,63,63,159,159,178,192,211,211,221,221,236,97,120,139,139,151,151,164,164],"floor_reached":33,"campfire_rested":5,"playtime":2827,"current_hp_per_floor":[64,64,64,59,41,62,58,56,56,56,45,43,43,36,57,41,70,69,69,31,31,37,58,37,37,37,36,57,36,28,37,58],"items_purged":[],"gold":164,"score":245,"play_id":"ba21b6b4-973b-4d2e-ab4f-d9353f29e38d","is_prod":false,"is_daily":false,"is_ascension_mode":false,"campfire_upgraded":1,"path_taken":["M","?","M","M","?","R","M","M","T","R","?","M","$","M","R","BOSS","M","M","M","?","M","R","?","$","T","M","R","M","?","M","R","BOSS"],"build_version":"2018-02-12-PROD1","purchased_purges":1,"victory":false,"master_deck":["Defend_G","Defend_G","Defend_G","Defend_G","Defend_G","Strike_G","Strike_G","Strike_G","Strike_G","Strike_G+1","Survivor","Neutralize","Poisoned Stab+1","Deadly Poison","Crippling Poison","Catalyst","After Image","Leg Sweep","Bouncing Flask","Poisoned Stab+1","Backflip","Purity","Outmaneuver","Bullet Time","Distraction","Acrobatics+1","Dash+1","Backflip","PiercingWail","Finesse","Dagger Throw+1","Blur","Deadly Poison"],"max_hp_per_floor":[70,70,70,70,70,70,70,70,70,70,70,70,70,70,70,70,70,70,70,70,70,70,70,70,70,70,70,70,70,70,70,70],"relics":["Ring of the Snake","Bronze Scales","Lantern","Meat on the Bone","Odd Mushroom","The Specimen","Torii","Whetstone"],"card_choices":[{"not_picked":["Cloak And Dagger","Flechettes"],"picked":"Poisoned Stab"},{"not_picked":["PiercingWail","Flying Knee"],"picked":"Deadly Poison"},{"not_picked":["Finisher","Cloak And Dagger"],"picked":"Crippling Poison"},{"not_picked":["Dagger Throw","PiercingWail"],"picked":"Catalyst"},{"not_picked":["Finisher","Heel Hook"],"picked":"After Image"},{"not_picked":["Acrobatics","Poisoned Stab"],"picked":"Leg Sweep"},{"not_picked":["Acrobatics","Deadly Poison"],"picked":"Bouncing Flask"},{"not_picked":["Accuracy","Masterful Stab"],"picked":"Outmaneuver"},{"not_picked":["Tools of the Trade","Die Die Die"],"picked":"Bullet Time"},{"not_picked":["Flying Knee","Accuracy"],"picked":"Distraction"},{"not_picked":["Bane","Prepared"],"picked":"Acrobatics"},{"not_picked":["Dagger Spray","Accuracy"],"picked":"Dash"},{"not_picked":["Bane","Underhanded Strike"],"picked":"Backflip"},{"not_picked":["Accuracy","Acrobatics"],"picked":"Dagger Throw"},{"not_picked":["Dodge and Roll","Choke"],"picked":"Blur"},{"not_picked":["Backflip","Cloak And Dagger"],"picked":"Deadly Poison"}],"player_experience":103238,"potions_floor_usage":[16,19,20,22,22,24],"damage_taken":[{"damage":6,"enemies":"Cultist","floor":1,"turns":3},{"damage":0,"enemies":"Jaw Worm","floor":3,"turns":3},{"damage":5,"enemies":"Small Slimes","floor":4,"turns":3},{"damage":4,"enemies":"Looter","floor":7,"turns":3},{"damage":2,"enemies":"Exordium Thugs","floor":8,"turns":5},{"damage":23,"enemies":"The Mushroom Lair","floor":11,"turns":7},{"damage":2,"enemies":"3 Louse","floor":12,"turns":3},{"damage":7,"enemies":"Large Slime","floor":14,"turns":6},{"damage":16,"enemies":"The Guardian","floor":16,"turns":6},{"damage":1,"enemies":"Shell Parasite","floor":18,"turns":4},{"damage":0,"enemies":"Chosen","floor":19,"turns":4},{"damage":50,"enemies":"Slaver and Parasite","floor":20,"turns":9},{"damage":21,"enemies":"3 Cultists","floor":22,"turns":7},{"damage":21,"enemies":"Cultist and Chosen","floor":24,"turns":7},{"damage":1,"enemies":"Centurion and Healer","floor":27,"turns":10},{"damage":33,"enemies":"3 Cultists","floor":29,"turns":6},{"damage":3,"enemies":"Snake Plant","floor":31,"turns":5},{"damage":60,"enemies":"Automaton","floor":33,"turns":8}],"event_choices":[{"event_name":"Liars Game","player_choice":"disagreed","floor":2,"damage_taken":0},{"event_name":"Scrap Ooze","player_choice":"success","floor":5,"damage_taken":18},{"event_name":"Mushrooms","player_choice":"Fought Mushrooms","floor":11,"damage_taken":0},{"event_name":"Knowing Skull","player_choice":"","floor":30,"damage_taken":0}],"boss_relics":[{"not_picked":["Pandora\u0027s Box","Runic Dome"],"picked":"The Specimen"}],"potions_floor_spawned":[3,7,8,18,20,27],"seed_played":"-7404792179839935759","killed_by":"Automaton","ascension_level":0,"is_trial":false}