{"gold_per_floor":[116,31,31,51,61,96,96,109,109,122,48,48,63,80,80,176,176,196,215,229,229,4,4],"floor_reached":23,"playtime":2221,"items_purged":[],"score":327,"play_id":"c918d9c4-0d1a-4e0c-9617-9a97da1c384f","local_time":"20190205004240","is_ascension_mode":true,"campfire_choices":[{"floor":7,"key":"REST"},{"data":"Enlightenment","floor":12,"key":"SMITH"},{"data":"Blade Dance","floor":15,"key":"SMITH"}],"neow_cost":"NONE","seed_source_timestamp":1373548713186783,"circlet_count":0,"master_deck":["AscendersBane","Defend_G","Defend_G","Defend_G","Defend_G","Defend_G","Strike_G","Strike_G","Strike_G","Strike_G","Strike_G","Survivor","Neutralize","Blade Dance+1","Noxious Fumes","Cloak And Dagger","Corpse Explosion","Catalyst","Footwork","Dodge and Roll","Enlightenment+1","Tools of the Trade","Caltrops","Infinite Blades","Noxious Fumes"],"relics":["WristBlade","Dead Branch","Singing Bowl","The Courier","Sozu","Membership Card"],"potions_floor_usage":[14,18],"damage_taken":[{"damage":2,"enemies":"Cultist","floor":1,"turns":5},{"damage":0,"enemies":"Small Slimes","floor":4,"turns":2},{"damage":1,"enemies":"2 Louse","floor":5,"turns":2},{"damage":19,"enemies":"Lagavulin","floor":6,"turns":5},{"damage":5,"enemies":"Exordium Wildlife","floor":8,"turns":3},{"damage":3,"enemies":"Looter","floor":10,"turns":3},{"damage":10,"enemies":"Red Slaver","floor":13,"turns":4},{"damage":0,"enemies":"3 Louse","floor":14,"turns":3},{"damage":2,"enemies":"Hexaghost","floor":16,"turns":9},{"damage":2,"enemies":"3 Byrds","floor":18,"turns":4},{"damage":16,"enemies":"Spheric Guardian","floor":19,"turns":5},{"damage":13,"enemies":"Centurion and Healer","floor":20,"turns":3},{"damage":29,"enemies":"3 Cultists","floor":23,"turns":4}],"seed_played":"-3592072025754109265","potions_obtained":[{"floor":1,"key":"Dexterity Potion"},{"floor":8,"key":"Fire Potion"},{"floor":14,"key":"Energy Potion"},{"floor":16,"key":"AttackPotion"}],"is_trial":false,"path_per_floor":["M","$","?","M","M","E","R","M","T","M","$","R","M","M","R","B",null,"M","M","M","?","$","M"],"character_chosen":"THE_SILENT","items_purchased":["Noxious Fumes","Cloak And Dagger","Enlightenment","Membership Card","Infinite Blades","Noxious Fumes"],"campfire_rested":1,"item_purchase_floors":[2,2,11,22,22,22],"current_hp_per_floor":[61,61,61,61,60,41,62,57,57,56,56,56,48,50,50,48,69,69,53,42,27,27,0],"gold":4,"neow_bonus":"BOSS_RELIC","is_prod":false,"is_daily":false,"chose_seed":false,"campfire_upgraded":2,"win_rate":0,"timestamp":1549345360,"path_taken":["M","?","?","M","?","E","R","M","T","M","$","R","M","M","R","BOSS","M","M","M","?","$","M"],"build_version":"2019-01-23","purchased_purges":0,"victory":false,"max_hp_per_floor":[70,70,70,70,70,70,70,70,70,72,72,72,74,76,76,76,76,78,78,80,85,85,85],"card_choices":[{"not_picked":["Poisoned Stab","Quick Slash"],"picked":"Blade Dance","floor":1},{"not_picked":["Deflect","Backflip"],"picked":"Corpse Explosion","floor":4},{"not_picked":["Terror","Deflect"],"picked":"Catalyst","floor":5},{"not_picked":["Dagger Throw","Calculated Gamble"],"picked":"Footwork","floor":6},{"not_picked":["Calculated Gamble","Outmaneuver"],"picked":"Dodge and Roll","floor":8},{"not_picked":["Slice","Poisoned Stab","Underhanded Strike"],"picked":"Singing Bowl","floor":10},{"not_picked":["Corpse Explosion","Backflip","Accuracy"],"picked":"Singing Bowl","floor":13},{"not_picked":["Underhanded Strike","Quick Slash","Dagger Throw"],"picked":"Singing Bowl","floor":14},{"not_picked":["Malaise","Corpse Explosion"],"picked":"Tools of the Trade","floor":16},{"not_picked":["Dagger Spray+1","Underhanded Strike","Acrobatics"],"picked":"Singing Bowl","floor":18},{"not_picked":["Choke","Accuracy"],"picked":"Caltrops","floor":19},{"not_picked":["Prepared+1","Quick Slash+1","Sucker Punch"],"picked":"Singing Bowl","floor":20}],"player_experience":1109674,"relics_obtained":[{"floor":6,"key":"Singing Bowl"},{"floor":9,"key":"The Courier"}],"event_choices":[{"damage_healed":0,"gold_gain":0,"player_choice":"Gave Potion","damage_taken":0,"relics_obtained":["Dead Branch"],"max_hp_gain":0,"max_hp_loss":0,"event_name":"WeMeetAgain","floor":3,"gold_loss":0},{"damage_healed":0,"gold_gain":0,"player_choice":"Shed Blood","damage_taken":20,"max_hp_gain":5,"max_hp_loss":0,"event_name":"Forgotten Altar","floor":21,"gold_loss":0}],"is_beta":false,"boss_relics":[{"not_picked":["Calling Bell","Coffee Dripper"],"picked":"Sozu"}],"items_purged_floors":[],"is_endless":false,"potions_floor_spawned":[1,8,14,16,19],"killed_by":"3 Cultists","ascension_level":11}