{"gold_per_floor":[109,34,47,66,86,120,120,139,139,139,139,139,150,120],"floor_reached":14,"playtime":401,"items_purged":["Strike_R"],"score":92,"play_id":"2746fbe6-8a53-449d-af34-75b90b68e897","local_time":"20190223182719","is_ascension_mode":false,"campfire_choices":[{"data":"Bash","floor":7,"key":"SMITH"},{"data":"Searing Blow","floor":10,"key":"SMITH"},{"data":"Searing Blow+1","floor":12,"key":"SMITH"}],"neow_cost":"NONE","seed_source_timestamp":688973035747611,"circlet_count":0,"master_deck":["Strike_R","Strike_R","Strike_R","Defend_R","Defend_R","Defend_R","Bash+1","Searing Blow+2"],"relics":["Empty Cage","Red Skull","Smiling Mask"],"potions_floor_usage":[14],"damage_taken":[{"damage":0,"enemies":"2 Louse","floor":1,"turns":3},{"damage":5,"enemies":"Jaw Worm","floor":3,"turns":5},{"damage":1,"enemies":"Cultist","floor":4,"turns":4},{"damage":25,"enemies":"Exordium Thugs","floor":5,"turns":6},{"damage":34,"enemies":"Gremlin Nob","floor":6,"turns":5},{"damage":5,"enemies":"Looter","floor":8,"turns":3},{"damage":0,"enemies":"Exordium Wildlife","floor":13,"turns":3},{"damage":3,"enemies":"Exordium Thugs","floor":14,"turns":2}],"seed_played":"-8773034403951545414","potions_obtained":[{"floor":3,"key":"EssenceOfSteel"},{"floor":6,"key":"FearPotion"}],"is_trial":false,"path_per_floor":["M","$","M","M","M","E","R","M","T","R","?","R","M","M"],"character_chosen":"IRONCLAD","items_purchased":[],"campfire_rested":0,"item_purchase_floors":[],"current_hp_per_floor":[80,80,75,74,49,15,15,10,10,10,3,3,3,0],"gold":120,"neow_bonus":"BOSS_RELIC","is_prod":false,"is_daily":false,"chose_seed":false,"campfire_upgraded":3,"win_rate":0,"timestamp":1550914039,"path_taken":["M","$","M","M","M","E","R","M","T","R","?","R","M","M"],"build_version":"2019-01-23","purchased_purges":1,"victory":false,"max_hp_per_floor":[80,80,80,80,80,80,80,80,80,80,80,80,80,80],"card_choices":[{"not_picked":["Heavy Blade","Ghostly Armor","Headbutt"],"picked":"SKIP","floor":1},{"not_picked":["Clash","True Grit","Hemokinesis"],"picked":"SKIP","floor":3},{"not_picked":["Thunderclap","Havoc","Feel No Pain"],"picked":"SKIP","floor":4},{"not_picked":["Clothesline","Wild Strike","Flex"],"picked":"SKIP","floor":5},{"not_picked":["Flex","Warcry","Anger"],"picked":"SKIP","floor":6},{"not_picked":["Limit Break","Warcry"],"picked":"Searing Blow","floor":8},{"not_picked":["Havoc","Clothesline","Metallicize"],"picked":"SKIP","floor":13}],"player_experience":896130,"relics_obtained":[{"floor":6,"key":"Red Skull"},{"floor":9,"key":"Smiling Mask"}],"event_choices":[{"damage_healed":0,"gold_gain":0,"player_choice":"Fled","damage_taken":7,"max_hp_gain":0,"max_hp_loss":0,"event_name":"Scrap Ooze","floor":11,"gold_loss":0}],"is_beta":false,"boss_relics":[],"items_purged_floors":[2],"is_endless":false,"potions_floor_spawned":[3,6],"killed_by":"Exordium Thugs","ascension_level":0}