{"gold_per_floor":[117,42,52,52,69,69,87,87,87,87,103,103,136,149,149,149],"floor_reached":16,"playtime":569,"items_purged":[],"score":199,"play_id":"718f7cf6-b24c-4b9a-a31f-9546097a79fc","local_time":"20190302180556","is_ascension_mode":true,"campfire_choices":[{"data":"Combust","floor":6,"key":"SMITH"},{"data":"True Grit","floor":8,"key":"SMITH"},{"data":"Whirlwind","floor":10,"key":"SMITH"},{"data":"Bash","floor":15,"key":"SMITH"}],"neow_cost":"NONE","seed_source_timestamp":74781462862568,"circlet_count":0,"master_deck":["AscendersBane","Strike_R","Strike_R","Strike_R","Strike_R","Strike_R","Defend_R+1","Defend_R","Defend_R","Bash+1","True Grit+1","Ghostly Armor+1","Combust+1","Whirlwind+1"],"relics":["Burning Blood","NeowsBlessing","Shuriken","Self Forming Clay","War Paint"],"potions_floor_usage":[13,13,16],"damage_taken":[{"damage":0,"enemies":"Small Slimes","floor":1,"turns":2},{"damage":0,"enemies":"2 Louse","floor":3,"turns":1},{"damage":0,"enemies":"Cultist","floor":5,"turns":1},{"damage":7,"enemies":"Blue Slaver","floor":7,"turns":4},{"damage":10,"enemies":"3 Louse","floor":11,"turns":3},{"damage":8,"enemies":"Gremlin Nob","floor":13,"turns":3},{"damage":13,"enemies":"2 Fungi Beasts","floor":14,"turns":2},{"damage":50,"enemies":"Hexaghost","floor":16,"turns":10}],"seed_played":"1690717115050724584","potions_obtained":[{"floor":5,"key":"Poison Potion"},{"floor":11,"key":"Explosive Potion"},{"floor":13,"key":"Explosive Potion"},{"floor":14,"key":"Regen Potion"}],"is_trial":false,"path_per_floor":["M","?","M","?","M","R","M","R","T","R","M","?","E","M","R","B"],"character_chosen":"IRONCLAD","items_purchased":[],"campfire_rested":0,"item_purchase_floors":[],"current_hp_per_floor":[74,74,75,75,75,75,74,74,74,74,70,44,42,35,35,0],"gold":149,"neow_bonus":"THREE_ENEMY_KILL","is_prod":false,"is_daily":false,"chose_seed":false,"campfire_upgraded":4,"win_rate":0,"timestamp":1551517556,"path_taken":["M","?","M","?","?","R","M","R","T","R","M","?","E","M","R","BOSS"],"build_version":"2019-01-23","purchased_purges":0,"victory":false,"max_hp_per_floor":[75,75,75,75,75,75,75,75,75,75,75,75,75,75,75,75],"card_choices":[{"not_picked":["Sentinel","Perfected Strike"],"picked":"True Grit","floor":1},{"not_picked":["Twin Strike","Clash"],"picked":"Ghostly Armor","floor":3},{"not_picked":["Flex","Anger"],"picked":"Combust","floor":5},{"not_picked":["Shrug It Off","Seeing Red"],"picked":"Whirlwind","floor":7},{"not_picked":["Disarm","Cleave","Seeing Red"],"picked":"SKIP","floor":11},{"not_picked":["Havoc","Burning Pact","Ghostly Armor"],"picked":"SKIP","floor":13},{"not_picked":["Blood for Blood","Pummel","Clash"],"picked":"SKIP","floor":14}],"player_experience":994955,"relics_obtained":[{"floor":9,"key":"Shuriken"},{"floor":13,"key":"War Paint"}],"event_choices":[{"cards_removed":["Defend_R"],"damage_healed":0,"gold_gain":0,"player_choice":"Card Removal","damage_taken":0,"max_hp_gain":0,"max_hp_loss":0,"event_name":"The Cleric","floor":2,"gold_loss":75},{"damage_healed":0,"gold_gain":0,"player_choice":"0 cards matched","damage_taken":0,"max_hp_gain":0,"max_hp_loss":0,"event_name":"Match and Keep!","floor":4,"gold_loss":0,"cards_obtained":[]},{"damage_healed":0,"gold_gain":0,"player_choice":"Success","damage_taken":26,"relics_obtained":["Self Forming Clay"],"max_hp_gain":0,"max_hp_loss":0,"event_name":"Scrap Ooze","floor":12,"gold_loss":0}],"is_beta":false,"boss_relics":[],"items_purged_floors":[],"is_endless":false,"potions_floor_spawned":[5,11,13,14],"killed_by":"Hexaghost","ascension_level":19}