{"gold_per_floor":[116,116,34,34,50,50,50,50,74,4,20,44,68,81,81,206,206,225,24,24,49,65,65,103,136,136,152,175,48,48,68,68,68],"floor_reached":33,"playtime":1812,"items_purged":["Strike_G"],"score":376,"play_id":"dfbade53-b8a3-4643-aaf6-7707ba2cf799","local_time":"20181120002709","is_ascension_mode":true,"campfire_choices":[{"data":"After Image","floor":6,"key":"SMITH"},{"floor":15,"key":"REST"},{"floor":23,"key":"REST"},{"floor":32,"key":"REST"}],"neow_cost":"PERCENT_DAMAGE","seed_source_timestamp":506695195823304,"circlet_count":0,"master_deck":["Defend_G","Defend_G","Defend_G","Defend_G","Defend_G","Strike_G","Strike_G","Strike_G","Strike_G","Survivor","Neutralize","After Image+1","Dodge and Roll","Corpse Explosion","Backstab","Parasite","Dash","Prepared","Infinite Blades","Footwork","Slice","Tools of the Trade","Deflect","Infinite Blades","Deflect","Finisher","Finisher","Backflip+1","Bouncing Flask","Dodge and Roll","Escape Plan","Deadly Poison","Prepared"],"relics":["Ring of the Snake","Bloody Idol","Bronze Scales","Happy Flower","Philosopher\u0027s Stone","Pen Nib","Red Mask","Juzu Bracelet"],"potions_floor_usage":[16,16,24,31,31],"damage_taken":[{"damage":9,"enemies":"Small Slimes","floor":1,"turns":7},{"damage":3,"enemies":"Jaw Worm","floor":5,"turns":6},{"damage":0,"enemies":"2 Louse","floor":11,"turns":2},{"damage":0,"enemies":"2 Fungi Beasts","floor":12,"turns":2},{"damage":4,"enemies":"Looter","floor":13,"turns":3},{"damage":8,"enemies":"Exordium Thugs","floor":14,"turns":4},{"damage":9,"enemies":"Slime Boss","floor":16,"turns":14},{"damage":6,"enemies":"Chosen","floor":18,"turns":6},{"damage":3,"enemies":"Shell Parasite","floor":21,"turns":6},{"damage":17,"enemies":"Snecko","floor":22,"turns":7},{"damage":18,"enemies":"Slavers","floor":24,"turns":3},{"damage":0,"enemies":"Masked Bandits","floor":25,"turns":3},{"damage":5,"enemies":"Chosen and Byrds","floor":27,"turns":3},{"damage":24,"enemies":"Shelled Parasite and Fungi","floor":28,"turns":6},{"damage":1,"enemies":"Snake Plant","floor":31,"turns":4},{"damage":36,"enemies":"Collector","floor":33,"turns":6}],"seed_played":"-7190471979187601616","potions_obtained":[{"floor":11,"key":"Swift Potion"},{"floor":14,"key":"Energy Potion"},{"floor":16,"key":"EssenceOfSteel"},{"floor":18,"key":"Energy Potion"},{"floor":27,"key":"SkillPotion"},{"floor":28,"key":"EssenceOfSteel"}],"is_trial":false,"path_per_floor":["M","?","$","?","M","R","?","?","T","$","M","M","M","M","R","B",null,"M","$","?","M","M","R","E","?","T","M","M","$","?","M","R","B"],"character_chosen":"THE_SILENT","items_purchased":["Corpse Explosion","Dash","Infinite Blades","Deflect","Finisher","Deadly Poison"],"campfire_rested":3,"item_purchase_floors":[3,10,19,19,19,29],"current_hp_per_floor":[36,36,36,36,33,33,15,32,32,32,32,32,28,20,41,32,61,55,55,55,52,35,56,38,38,38,33,9,9,9,13,34,0],"gold":68,"neow_bonus":"THREE_RARE_CARDS","is_prod":false,"is_daily":false,"chose_seed":false,"campfire_upgraded":1,"win_rate":0,"timestamp":1542691629,"path_taken":["M","?","$","?","M","R","?","?","T","$","M","?","M","M","R","BOSS","M","$","?","M","M","R","E","?","T","M","M","$","?","M","R","BOSS"],"build_version":"2018-11-15","purchased_purges":1,"victory":false,"max_hp_per_floor":[70,70,70,70,70,70,70,70,70,70,70,70,70,70,70,70,70,70,70,70,70,70,70,70,70,70,70,70,70,70,70,70,70],"card_choices":[{"not_picked":["Storm of Steel","Grand Finale"],"picked":"After Image","floor":0},{"not_picked":["Quick Slash","Flying Knee"],"picked":"Dodge and Roll","floor":1},{"not_picked":["Cloak And Dagger","Endless Agony"],"picked":"Backstab","floor":5},{"not_picked":["Flying Knee","Slice"],"picked":"Prepared","floor":11},{"not_picked":["Flechettes","Sucker Punch"],"picked":"Infinite Blades","floor":12},{"not_picked":["Calculated Gamble","Outmaneuver"],"picked":"Footwork","floor":13},{"not_picked":["Flying Knee","Finisher"],"picked":"Slice","floor":14},{"not_picked":["Grand Finale","Die Die Die"],"picked":"Tools of the Trade","floor":16},{"not_picked":["Outmaneuver+1","Quick Slash+1"],"picked":"Deflect","floor":18},{"not_picked":["Flechettes+1","Dagger Throw+1"],"picked":"Finisher","floor":21},{"not_picked":["PiercingWail","Distraction"],"picked":"Backflip+1","floor":22},{"not_picked":["Sucker Punch+1","Crippling Poison"],"picked":"Bouncing Flask","floor":24},{"not_picked":["Dagger Throw+1","Heel Hook"],"picked":"Dodge and Roll","floor":25},{"not_picked":["Slice","PiercingWail"],"picked":"Escape Plan","floor":27},{"not_picked":["Flying Knee","Wraith Form v2","Sucker Punch"],"picked":"SKIP","floor":28},{"not_picked":["Underhanded Strike","Outmaneuver"],"picked":"Prepared","floor":31}],"player_experience":819367,"relics_obtained":[{"floor":9,"key":"Happy Flower"},{"floor":24,"key":"Pen Nib"},{"floor":25,"key":"Red Mask"},{"floor":26,"key":"Juzu Bracelet"}],"event_choices":[{"damage_healed":0,"gold_gain":0,"player_choice":"Take Wound","damage_taken":0,"relics_obtained":["Golden Idol"],"max_hp_gain":0,"max_hp_loss":0,"event_name":"Golden Idol","floor":2,"gold_loss":0,"cards_obtained":["Injury"]},{"cards_removed":["Injury"],"damage_healed":0,"gold_gain":0,"player_choice":"Forget","damage_taken":0,"max_hp_gain":0,"max_hp_loss":0,"event_name":"Living Wall","floor":4,"gold_loss":0},{"damage_healed":0,"gold_gain":0,"player_choice":"Success","damage_taken":18,"relics_obtained":["Bronze Scales"],"max_hp_gain":0,"max_hp_loss":0,"event_name":"Scrap Ooze","floor":7,"gold_loss":0},{"damage_healed":17,"gold_gain":0,"player_choice":"Healed and dodged fight","damage_taken":0,"max_hp_gain":0,"max_hp_loss":0,"event_name":"Mushrooms","floor":8,"gold_loss":0,"cards_obtained":["Parasite"]},{"damage_healed":0,"gold_gain":0,"player_choice":"Fought Bandits","damage_taken":0,"max_hp_gain":0,"max_hp_loss":0,"event_name":"Masked Bandits","floor":25,"gold_loss":0},{"damage_healed":0,"gold_gain":0,"player_choice":"Gave Idol","damage_taken":0,"relics_obtained":["Bloody Idol"],"max_hp_gain":0,"max_hp_loss":0,"event_name":"Forgotten Altar","floor":30,"relics_lost":["Golden Idol"],"gold_loss":0}],"is_beta":false,"boss_relics":[{"not_picked":["Fusion Hammer","Runic Pyramid"],"picked":"Philosopher\u0027s Stone"}],"items_purged_floors":[29],"is_endless":false,"potions_floor_spawned":[11,14,16,18,27,28],"killed_by":"Collector","ascension_level":9}