{"path_per_floor":["M","$","M","?","M","E","R","M","T","R","M","R","M","M","R","B",null,"M","M","?","$"],"character_chosen":"THE_SILENT","items_purchased":["Infinite Blades","Adrenaline","Caltrops"],"gold_per_floor":[119,50,66,66,80,112,112,124,124,124,138,138,155,166,166,265,265,277,287,287,57,57],"floor_reached":22,"campfire_rested":1,"playtime":1103,"current_hp_per_floor":[70,70,70,70,70,51,51,30,30,37,37,37,39,38,61,57,72,54,50,34,34,0],"items_purged":[],"gold":57,"score":235,"play_id":"cb0ee32d-10e1-4308-89e1-5580b93e47b0","local_time":"20180410214921","is_prod":false,"is_daily":false,"is_ascension_mode":true,"campfire_upgraded":0,"timestamp":1523411361,"path_taken":["M","$","M","?","?","E","R","?","T","R","M","R","M","M","R","BOSS","M","M","?","$","M"],"build_version":"2018-04-05v2","purchased_purges":0,"victory":false,"master_deck":["Defend_G","Defend_G","Defend_G","Defend_G","Defend_G","Strike_G","Strike_G","Strike_G","Strike_G","Strike_G","Survivor","Neutralize","Infinite Blades+1","Catalyst","Infinite Blades","Dodge and Roll","Riddle With Holes","Backstab","Backstab","Footwork","Noxious Fumes","Tactician","Caltrops","Dodge and Roll","Adrenaline","Caltrops"],"max_hp_per_floor":[70,70,70,70,70,70,70,70,70,77,77,77,77,77,77,77,77,77,77,77,77,77],"relics":["Ring of the Snake","NeowsBlessing","Shovel","Prayer Wheel","Bird Faced Urn","Strawberry","Lantern","Runic Dome","Nilry\u0027s Codex"],"card_choices":[{"not_picked":["Quick Slash","Deflect"],"picked":"Catalyst","floor":3},{"not_picked":["Flechettes","Bane"],"picked":"Infinite Blades","floor":5},{"not_picked":["Flying Knee","Quick Slash"],"picked":"Dodge and Roll","floor":6},{"not_picked":["Dagger Throw","Bullet Time"],"picked":"Riddle With Holes","floor":8},{"not_picked":["Quick Slash","Dodge and Roll"],"picked":"Backstab","floor":9},{"not_picked":["PiercingWail","Flying Knee"],"picked":"Backstab","floor":11},{"not_picked":["Acrobatics","Underhanded Strike"],"picked":"Footwork","floor":13},{"not_picked":["Quick Slash","Choke"],"picked":"Noxious Fumes","floor":14},{"not_picked":["Doppelganger","Wraith Form"],"picked":"Tactician","floor":16},{"not_picked":["Dagger Throw","Endless Agony"],"picked":"Caltrops","floor":18},{"not_picked":["Dagger Spray","Acrobatics"],"picked":"Dodge and Roll","floor":19}],"player_experience":426030,"potions_floor_usage":[16],"damage_taken":[{"damage":0,"enemies":"Jaw Worm","floor":1,"turns":1},{"damage":0,"enemies":"2 Louse","floor":3,"turns":1},{"damage":0,"enemies":"Cultist","floor":5,"turns":1},{"damage":19,"enemies":"Lagavulin","floor":6,"turns":8},{"damage":21,"enemies":"Lots of Slimes","floor":8,"turns":7},{"damage":4,"enemies":"Looter","floor":11,"turns":3},{"damage":0,"enemies":"2 Fungi Beasts","floor":13,"turns":3},{"damage":3,"enemies":"3 Louse","floor":14,"turns":2},{"damage":12,"enemies":"The Guardian","floor":16,"turns":11},{"damage":26,"enemies":"Shell Parasite","floor":18,"turns":6},{"damage":14,"enemies":"Spheric Guardian","floor":19,"turns":4},{"damage":52,"enemies":"Chosen and Byrds","floor":22,"turns":6}],"event_choices":[{"event_name":"Living Wall","player_choice":"Grow","floor":4,"damage_taken":0},{"event_name":"Cursed Tome","player_choice":"Obtained Book","floor":20,"damage_taken":0}],"boss_relics":[{"not_picked":["Orrery","Philosopher\u0027s Stone"],"picked":"Runic Dome"}],"potions_floor_spawned":[6,8,11,14,18],"seed_played":"8731279981743234064","killed_by":"Chosen and Byrds","ascension_level":5,"is_trial":false}