{"gold_per_floor":[115,131,143,156,116,116,116,116,139,139,139],"floor_reached":11,"playtime":332,"items_purged":[],"score":123,"play_id":"4efbb159-ace8-40ee-9fa7-6630db4b8011","local_time":"20190302220258","is_ascension_mode":true,"campfire_choices":[{"data":"Barricade","floor":6,"key":"SMITH"},{"data":"True Grit","floor":10,"key":"SMITH"}],"neow_cost":"NONE","seed_source_timestamp":89241333515049,"circlet_count":0,"master_deck":["AscendersBane","Strike_R","Strike_R","Strike_R","Strike_R","Strike_R","Defend_R","Defend_R","Defend_R","Defend_R","Bash","Barricade+1","True Grit+1","Demon Form","Thunderclap","Shrug It Off"],"relics":["Burning Blood","PreservedInsect"],"potions_floor_usage":[4],"damage_taken":[{"damage":13,"enemies":"Cultist","floor":1,"turns":5},{"damage":24,"enemies":"Jaw Worm","floor":2,"turns":6},{"damage":14,"enemies":"2 Louse","floor":3,"turns":3},{"damage":16,"enemies":"Blue Slaver","floor":4,"turns":4},{"damage":6,"enemies":"Looter","floor":5,"turns":4},{"damage":52,"enemies":"Gremlin Nob","floor":11,"turns":4}],"seed_played":"-7892619412158020280","potions_obtained":[{"floor":3,"key":"Poison Potion"},{"floor":4,"key":"EssenceOfSteel"}],"is_trial":false,"path_per_floor":["M","M","M","M","M","R","?","?","T","R","E"],"character_chosen":"IRONCLAD","items_purchased":[],"campfire_rested":0,"item_purchase_floors":[],"current_hp_per_floor":[61,43,35,25,25,25,25,50,50,50,0],"gold":139,"neow_bonus":"ONE_RANDOM_RARE_CARD","is_prod":false,"is_daily":false,"chose_seed":false,"campfire_upgraded":2,"win_rate":0,"timestamp":1551531778,"path_taken":["M","M","M","?","M","R","?","?","T","R","E"],"build_version":"2019-01-23","purchased_purges":0,"victory":false,"max_hp_per_floor":[75,75,75,75,75,75,75,75,75,75,75],"card_choices":[{"not_picked":["Thunderclap","Seeing Red"],"picked":"True Grit","floor":1},{"not_picked":["Sword Boomerang","Heavy Blade","Dual Wield"],"picked":"SKIP","floor":2},{"not_picked":["Intimidate","Havoc"],"picked":"Demon Form","floor":3},{"not_picked":["Headbutt","Warcry"],"picked":"Thunderclap","floor":4},{"not_picked":["Infernal Blade","Heavy Blade"],"picked":"Shrug It Off","floor":5}],"player_experience":1008019,"relics_obtained":[{"floor":9,"key":"PreservedInsect"}],"event_choices":[{"damage_healed":0,"gold_gain":0,"player_choice":"Ignored","damage_taken":0,"max_hp_gain":0,"max_hp_loss":0,"event_name":"Golden Idol","floor":7,"gold_loss":0},{"damage_healed":25,"gold_gain":0,"player_choice":"Banana","damage_taken":0,"max_hp_gain":0,"max_hp_loss":0,"event_name":"Big Fish","floor":8,"gold_loss":0}],"is_beta":false,"boss_relics":[],"items_purged_floors":[],"is_endless":false,"potions_floor_spawned":[3,4],"killed_by":"Gremlin Nob","ascension_level":19}