{"path_per_floor":["M","?","?","M","?","E","R","?","T","M","M","M","E","M","R","B",null,"M","$","?","M","?","E","M","R","T","R","M","E","$","?","R","B",null,"M","?","?","$","M","R","?","M","T","?","E","M","R","M","R"],"character_chosen":"THE_SILENT","items_purchased":["Letter Opener","Noxious Fumes","Happy Flower","A Thousand Cuts"],"gold_per_floor":[110,110,110,125,188,223,223,188,215,227,239,251,283,301,301,398,398,412,115,40,57,57,82,92,92,115,115,134,164,21,21,21,121,151,168,168,168,32,46,46,46,66,91,144,177,196,196,214,214],"floor_reached":50,"campfire_rested":2,"playtime":3219,"current_hp_per_floor":[70,56,56,56,56,56,56,70,70,70,70,70,70,44,44,3,70,59,59,59,59,43,34,34,34,34,55,55,52,52,52,52,6,75,75,75,75,75,75,75,75,75,75,56,40,42,65,62,62],"items_purged":[],"gold":214,"score":570,"play_id":"0a985f25-c4d4-4e6c-bfd7-30befcd9a57d","local_time":"20180304181000","is_prod":false,"is_daily":false,"is_ascension_mode":false,"campfire_upgraded":3,"timestamp":1520205000,"path_taken":["M","?","?","M","?","E","R","?","T","M","?","?","E","M","R","BOSS","M","$","?","M","?","E","M","R","T","R","?","E","?","?","R","BOSS","M","?","?","$","M","R","?","?","T","?","E","M","R","M","R","BOSS"],"build_version":"2018-03-01-PROD1","purchased_purges":1,"victory":false,"master_deck":["Defend_G","Defend_G","Defend_G","Defend_G","Defend_G+1","Strike_G","Strike_G","Strike_G","Survivor","Neutralize+1","Dash+1","Dash+1","Leg Sweep","Flying Knee+1","Caltrops","Die Die Die","Dash","Wraith Form+1","Deadly Poison","Venomology","Noxious Fumes+1","Blur+1","Necronomicurse","Deadly Poison","Bouncing Flask","Blur+1","Distraction","Backflip+1","Writhe","After Image","PiercingWail","Crippling Poison","A Thousand Cuts+1","Blade Dance","Decay","Deflect+1","Writhe","Backflip+1","Dodge and Roll+1","Dodge and Roll+1"],"max_hp_per_floor":[70,70,70,70,70,70,70,70,70,70,70,70,70,70,70,70,70,70,70,70,70,70,70,70,70,70,70,70,70,70,70,70,70,75,75,75,75,75,75,75,75,75,75,77,77,79,79,79,79],"relics":["Ring of the Snake","NeowsBlessing","Whetstone","Dream Catcher","Lantern","Cursed Key","Letter Opener","Necronomicon","Girya","Vajra","Bottled Flame","Happy Flower","Oddly Smooth Stone","Tiny House","Singing Bowl","Torii","Omamori"],"card_choices":[{"not_picked":["Footwork","Predator"],"picked":"Dash"},{"not_picked":["Bane","Outmaneuver"],"picked":"Leg Sweep"},{"not_picked":["Riddle With Holes","Acrobatics"],"picked":"Flying Knee"},{"not_picked":["Backflip","Dash"],"picked":"Caltrops"},{"not_picked":["Prepared","Poisoned Stab"],"picked":"Die Die Die"},{"not_picked":["Flechettes","Underhanded Strike"],"picked":"Dash"},{"not_picked":["Prepared","Underhanded Strike"],"picked":"Wraith Form"},{"not_picked":["Deflect","PiercingWail"],"picked":"Deadly Poison"},{"not_picked":["Phantasmal Killer","Doppelganger"],"picked":"Venomology"},{"not_picked":["Well Laid Plans","Predator"],"picked":"Finisher"},{"not_picked":["Blade Dance","Dagger Throw"],"picked":"Blur"},{"not_picked":["Dagger Throw","Quick Slash"],"picked":"Deadly Poison"},{"not_picked":["Unload","Bane"],"picked":"Bouncing Flask"},{"not_picked":["Backflip","Bane"],"picked":"Blur"},{"not_picked":["Quick Slash","Dagger Throw"],"picked":"Distraction"},{"not_picked":["Reflex","Endless Agony"],"picked":"Backflip"},{"not_picked":["Tools of the Trade","Glass Knife"],"picked":"After Image"},{"not_picked":["Bane","Blade Dance"],"picked":"PiercingWail"},{"not_picked":["Deadly Poison","Dagger Throw"],"picked":"Crippling Poison"},{"not_picked":["Sucker Punch","Slice"],"picked":"Blade Dance"},{"not_picked":["Leg Sweep","Flying Knee"],"picked":"Deflect"},{"not_picked":["Leg Sweep","Die Die Die"],"picked":"Backflip"},{"not_picked":["Deadly Poison","Prepared"],"picked":"Dodge and Roll"},{"not_picked":["All Out Attack","Sucker Punch"],"picked":"Dodge and Roll"}],"player_experience":100440,"potions_floor_usage":[16,16,18,21,23,24,24,33,33,33,35,39,42,42,44,45,46,48,48,50,50,50],"damage_taken":[{"damage":0,"enemies":"Jaw Worm","floor":1,"turns":1},{"damage":0,"enemies":"2 Louse","floor":4,"turns":1},{"damage":0,"enemies":"Lagavulin","floor":6,"turns":1},{"damage":0,"enemies":"Small Slimes","floor":10,"turns":3},{"damage":0,"enemies":"3 Louse","floor":11,"turns":3},{"damage":0,"enemies":"2 Fungi Beasts","floor":12,"turns":4},{"damage":0,"enemies":"Gremlin Nob","floor":13,"turns":4},{"damage":26,"enemies":"Exordium Thugs","floor":14,"turns":4},{"damage":41,"enemies":"Slime Boss","floor":16,"turns":14},{"damage":14,"enemies":"Spheric Guardian","floor":18,"turns":5},{"damage":0,"enemies":"Chosen","floor":21,"turns":5},{"damage":9,"enemies":"Book of Stabbing","floor":23,"turns":5},{"damage":0,"enemies":"Centurion and Healer","floor":24,"turns":6},{"damage":0,"enemies":"Snake Plant","floor":28,"turns":3},{"damage":3,"enemies":"Gremlin Leader","floor":29,"turns":6},{"damage":46,"enemies":"Champ","floor":33,"turns":10},{"damage":12,"enemies":"3 Shapes","floor":35,"turns":6},{"damage":0,"enemies":"Orb Walker","floor":39,"turns":3},{"damage":0,"enemies":"Maw","floor":42,"turns":8},{"damage":28,"enemies":"Mysterious Sphere","floor":44,"turns":6},{"damage":16,"enemies":"Nemesis","floor":45,"turns":7},{"damage":0,"enemies":"3 Darklings","floor":46,"turns":4},{"damage":3,"enemies":"4 Shapes","floor":48,"turns":6},{"damage":69,"enemies":"Awakened One","floor":50,"turns":6}],"event_choices":[{"event_name":"Shining Light","player_choice":"Entered Light","floor":2,"damage_taken":0},{"event_name":"Living Wall","player_choice":"Change","floor":3,"damage_taken":0},{"event_name":"Golden Wing","player_choice":"Gained Gold","floor":5,"damage_taken":0},{"event_name":"The Cleric","player_choice":"Healed","floor":8,"damage_taken":0},{"event_name":"Beggar","player_choice":"Gave Gold","floor":20,"damage_taken":0},{"event_name":"Cursed Tome","player_choice":"Obtained Book","floor":22,"damage_taken":0},{"event_name":"The Mausoleum","player_choice":"Yes","floor":31,"damage_taken":0},{"event_name":"The Woman in Blue","player_choice":"Bought 0 Potions","floor":36,"damage_taken":0},{"event_name":"Transmorgrifier","player_choice":"Transform","floor":41,"damage_taken":0},{"event_name":"Mysterious Sphere","player_choice":"Fight","floor":44,"damage_taken":0}],"boss_relics":[{"not_picked":["Astrolabe","Sozu"],"picked":"Cursed Key"},{"not_picked":["Runic Dome","Runic Pyramid"],"picked":"Tiny House"}],"potions_floor_spawned":[1,10,11,13,16,18,33,42,44,46],"seed_played":"929097897576375661","killed_by":"Awakened One","ascension_level":0,"is_trial":false}