{"gold_per_floor":[111,121,121,135,149,149,5,5,5,20,31,31,48,48,48,146,146,165,183,202,127,138,138,138,138,165,165,165,182,93,113,113,209,209,209],"floor_reached":35,"playtime":2360,"items_purged":["Exhume"],"score":376,"play_id":"b567c377-82f0-4ed9-a488-7dcf1c6fc4bd","local_time":"20190109234619","is_ascension_mode":false,"campfire_choices":[{"data":"True Grit","floor":6.0,"key":"SMITH"},{"data":"Metallicize","floor":8.0,"key":"SMITH"},{"data":"Bash","floor":15.0,"key":"SMITH"},{"floor":23,"key":"REST"},{"data":"Dropkick","floor":25,"key":"SMITH"},{"floor":27,"key":"REST"},{"floor":32,"key":"REST"}],"neow_cost":"NONE","seed_source_timestamp":0,"circlet_count":0,"master_deck":["Bash+1","Metallicize+1","Shrug It Off","True Grit+1","Dropkick+1","Pummel","Carnage","Thunderclap","Pommel Strike","Double Tap","Feel No Pain","Burning Pact+1","Second Wind","Flash of Steel","Dual Wield","Brutality"],"special_seed":0,"relics":["Burning Blood","War Paint","Strawberry","Blue Candle","Pandora\u0027s Box","Orichalcum","Empty Cage"],"potions_floor_usage":[24,31,33,33,33,35],"damage_taken":[{"damage":0.0,"enemies":"Cultist","floor":1.0,"turns":3.0},{"damage":0.0,"enemies":"2 Louse","floor":2.0,"turns":2.0},{"damage":4.0,"enemies":"Small Slimes","floor":4.0,"turns":5.0},{"damage":0.0,"enemies":"2 Fungi Beasts","floor":5.0,"turns":4.0},{"damage":23.0,"enemies":"Gremlin Gang","floor":10.0,"turns":6.0},{"damage":12.0,"enemies":"Looter","floor":11.0,"turns":3.0},{"damage":2.0,"enemies":"Exordium Thugs","floor":13.0,"turns":7.0},{"damage":13.0,"enemies":"Hexaghost","floor":16.0,"turns":8.0},{"damage":17.0,"enemies":"Spheric Guardian","floor":18.0,"turns":4.0},{"damage":10.0,"enemies":"Chosen","floor":19.0,"turns":4.0},{"damage":30.0,"enemies":"Shelled Parasite and Fungi","floor":20.0,"turns":7.0},{"damage":17,"enemies":"Sentry and Sphere","floor":22,"turns":6},{"damage":41,"enemies":"Colosseum Slavers","floor":24,"turns":6},{"damage":20,"enemies":"Centurion and Healer","floor":29,"turns":5},{"damage":15,"enemies":"Cultist and Chosen","floor":31,"turns":7},{"damage":46,"enemies":"Champ","floor":33,"turns":11},{"damage":90,"enemies":"3 Darklings","floor":35,"turns":6}],"seed_played":"-2080895157193548757","potions_obtained":[{"floor":2.0,"key":"PowerPotion"},{"floor":5.0,"key":"BloodPotion"},{"floor":14.0,"key":"EntropicBrew"},{"floor":16.0,"key":"Weak Potion"},{"floor":29,"key":"LiquidBronze"},{"floor":33,"key":"Dexterity Potion"}],"is_trial":false,"path_per_floor":["M","M","?","M","M","R","$","R","T","M","M","?","M","?","R","B",null,"M","M","M","$","M","R","?","R","T","R","$","M","$","M","R","B",null,"M"],"character_chosen":"IRONCLAD","items_purchased":["Strawberry","Flash of Steel"],"campfire_rested":3,"item_purchase_floors":[7,30],"current_hp_per_floor":[80,80,80,80,80,80,87,87,87,70,64,47,51,51,51,44,87,76,72,48,48,37,63,36,36,36,62,62,48,48,39,65,25,87,0],"gold":209,"neow_bonus":"RANDOM_COMMON_RELIC","is_prod":false,"is_daily":false,"chose_seed":false,"campfire_upgraded":4,"win_rate":0,"timestamp":1547095579,"path_taken":["M","?","?","M","M","R","$","R","T","M","M","?","M","?","R","BOSS","M","M","?","$","M","R","?","R","T","R","?","?","$","M","R","BOSS","M"],"build_version":"2019-01-03v4","purchased_purges":1,"victory":false,"max_hp_per_floor":[80,80,80,80,80,80,87,87,87,87,87,87,87,87,87,87,87,87,87,87,87,87,87,87,87,87,87,87,87,87,87,87,87,87,87],"card_choices":[{"not_picked":["Twin Strike","Iron Wave"],"picked":"Cleave","floor":1.0},{"not_picked":["Intimidate","Twin Strike"],"picked":"Metallicize","floor":2.0},{"not_picked":["Inflame","Havoc"],"picked":"Shrug It Off","floor":4.0},{"not_picked":["Thunderclap","Rupture"],"picked":"True Grit","floor":5.0},{"not_picked":["Power Through","Armaments","Sever Soul"],"picked":"SKIP","floor":10.0},{"not_picked":["Clash","Metallicize"],"picked":"Dropkick","floor":11.0},{"not_picked":["Impervious","True Grit","Body Slam"],"picked":"SKIP","floor":13.0},{"not_picked":["Sentinel+1","Infernal Blade+1"],"picked":"Burning Pact+1","floor":18.0},{"not_picked":["Hemokinesis","True Grit"],"picked":"Second Wind","floor":19.0},{"not_picked":["Clash+1","Thunderclap+1","Flame Barrier"],"picked":"SKIP","floor":20.0},{"not_picked":["Infernal Blade+1","Cleave+1","Wild Strike"],"picked":"SKIP","floor":22},{"not_picked":["Evolve","Anger","Carnage"],"picked":"SKIP","floor":29},{"not_picked":["Flame Barrier","Feel No Pain"],"picked":"Dual Wield","floor":31},{"not_picked":["Limit Break","Barricade"],"picked":"Brutality","floor":33}],"player_experience":912481,"relics_obtained":[{"floor":9.0,"key":"Blue Candle"},{"floor":26,"key":"Orichalcum"}],"event_choices":[{"cards_removed":["Strike_R"],"damage_healed":0.0,"max_hp_gain":0.0,"max_hp_loss":0.0,"gold_gain":0.0,"event_name":"Living Wall","player_choice":"Forget","floor":3.0,"gold_loss":0.0,"damage_taken":0.0},{"damage_healed":0.0,"max_hp_gain":0.0,"max_hp_loss":0.0,"gold_gain":0.0,"event_name":"Shining Light","player_choice":"Entered Light","floor":12.0,"gold_loss":0.0,"damage_taken":17.0,"cards_upgraded":["Cleave","Defend_R"]},{"damage_healed":0.0,"max_hp_gain":0.0,"max_hp_loss":0.0,"gold_gain":0.0,"event_name":"Lab","player_choice":"Got Potions","floor":14.0,"gold_loss":0.0,"damage_taken":0.0},{"damage_healed":0,"gold_gain":0,"player_choice":"Fight","damage_taken":0,"max_hp_gain":0,"max_hp_loss":0,"event_name":"Colosseum","floor":24,"gold_loss":0},{"damage_healed":0,"gold_gain":0,"player_choice":"Fled From Nobs","damage_taken":0,"max_hp_gain":0,"max_hp_loss":0,"event_name":"Colosseum","floor":24,"gold_loss":0}],"is_beta":false,"boss_relics":[{"not_picked":["Cursed Key","Fusion Hammer"],"picked":"Pandora\u0027s Box"},{"not_picked":["Runic Cube","Velvet Choker"],"picked":"Empty Cage"}],"items_purged_floors":[21],"is_endless":false,"potions_floor_spawned":[2,5,16,19,20,29,33],"killed_by":"3 Darklings","ascension_level":0}