{"gold_per_floor":[218,4,4,17,30,30,43,59,59,73,73,85,102,114,114,210,210,226,31,26,26,26,26,40,53,53,63,63,63,76,96,96,194,194,214,214,233,36,53,53,63,63,87,107,126,26,39,53,53,53],"floor_reached":50,"playtime":5862,"items_purged":["Strike_G","Strike_G"],"score":448,"play_id":"29fef81e-7d12-4af6-a591-307a91b0ff35","local_time":"20181008191721","is_ascension_mode":false,"campfire_choices":[{"data":"Neutralize","floor":6.0,"key":"SMITH"},{"floor":11.0,"key":"REST"},{"floor":15.0,"key":"REST"},{"data":"Accuracy","floor":23.0,"key":"SMITH"},{"data":"Footwork","floor":29.0,"key":"SMITH"},{"floor":32.0,"key":"REST"},{"floor":40.0,"key":"REST"},{"data":"After Image","floor":42,"key":"SMITH"},{"floor":49,"key":"REST"}],"neow_cost":"NONE","seed_source_timestamp":0,"circlet_count":0,"master_deck":["Defend_G","Defend_G","Defend_G","Defend_G","Defend_G","Strike_G","Strike_G","Strike_G","Survivor","Neutralize+1","Dagger Spray","Dodge and Roll","Blade Dance","Accuracy","Footwork+1","Footwork","Accuracy+1","Infinite Blades","Backflip","Prepared","Blur","Distraction","Slice","Cloak And Dagger","Prepared+1","Deflect","After Image+1","Cloak And Dagger","Backstab","Backflip+1"],"special_seed":0,"relics":["Ring of the Snake","Dodecahedron","Ninja Scroll","Orrery","Strange Spoon","Gremlin Horn","Eternal Feather","ClockworkSouvenir","Bag of Preparation"],"potions_floor_usage":[48,50,50,50],"damage_taken":[{"damage":0.0,"enemies":"Small Slimes","floor":1.0,"turns":5.0},{"damage":3.0,"enemies":"Jaw Worm","floor":4.0,"turns":4.0},{"damage":0.0,"enemies":"2 Louse","floor":5.0,"turns":3.0},{"damage":0.0,"enemies":"Lots of Slimes","floor":7.0,"turns":4.0},{"damage":24.0,"enemies":"Gremlin Gang","floor":8.0,"turns":6.0},{"damage":0.0,"enemies":"2 Fungi Beasts","floor":10.0,"turns":4.0},{"damage":1.0,"enemies":"Exordium Wildlife","floor":12.0,"turns":7.0},{"damage":14.0,"enemies":"Large Slime","floor":13.0,"turns":8.0},{"damage":0.0,"enemies":"3 Louse","floor":14.0,"turns":4.0},{"damage":2.0,"enemies":"The Guardian","floor":16.0,"turns":12.0},{"damage":1.0,"enemies":"Shell Parasite","floor":18.0,"turns":9.0},{"damage":13.0,"enemies":"2 Thieves","floor":20.0,"turns":4.0},{"damage":14.0,"enemies":"Snake Plant","floor":24.0,"turns":8.0},{"damage":5.0,"enemies":"Shelled Parasite and Fungi","floor":25.0,"turns":9.0},{"damage":6.0,"enemies":"Snecko","floor":27.0,"turns":6.0},{"damage":0.0,"enemies":"Centurion and Healer","floor":30.0,"turns":9.0},{"damage":41.0,"enemies":"3 Cultists","floor":31.0,"turns":8.0},{"damage":9.0,"enemies":"Champ","floor":33.0,"turns":17.0},{"damage":15.0,"enemies":"3 Darklings","floor":35.0,"turns":8.0},{"damage":23.0,"enemies":"Orb Walker","floor":37.0,"turns":8.0},{"damage":0.0,"enemies":"3 Darklings","floor":39.0,"turns":10.0},{"damage":6,"enemies":"Sphere and 2 Shapes","floor":41,"turns":10},{"damage":22,"enemies":"Spire Growth","floor":44,"turns":7},{"damage":7,"enemies":"3 Darklings","floor":45,"turns":8},{"damage":20,"enemies":"Transient","floor":47,"turns":5},{"damage":0,"enemies":"4 Shapes","floor":48,"turns":4},{"damage":97,"enemies":"Donu and Deca","floor":50,"turns":10}],"seed_played":"2884002842900737734","potions_obtained":[{"floor":1.0,"key":"EssenceOfSteel"},{"floor":5.0,"key":"EssenceOfSteel"},{"floor":8.0,"key":"LiquidBronze"},{"floor":10.0,"key":"Strength Potion"},{"floor":12.0,"key":"Energy Potion"},{"floor":16.0,"key":"Dexterity Potion"},{"floor":20.0,"key":"Energy Potion"},{"floor":24.0,"key":"EssenceOfSteel"},{"floor":25.0,"key":"Swift Potion"},{"floor":39.0,"key":"Poison Potion"},{"floor":41,"key":"Poison Potion"},{"floor":45,"key":"Fire Potion"},{"floor":48,"key":"Strength Potion"}],"is_trial":false,"path_per_floor":["M","$","?","M","M","R","M","M","T","M","R","M","M","M","R","B",null,"M","$","M","?","$","R","M","M","T","M","?","R","M","M","R","B",null,"M","?","M","$","M","R","M","R","T","M","M","$","M","M","R"],"character_chosen":"THE_SILENT","items_purchased":["Dodge and Roll","Blade Dance","Accuracy","Strange Spoon","ClockworkSouvenir"],"campfire_rested":5,"item_purchase_floors":[2,2,2,19,38],"current_hp_per_floor":[70,70,58,55,55,55,55,31,31,31,52,51,37,37,58,56,70,69,69,56,56,56,56,42,37,37,31,54,54,54,13,34,25,70,55,80,57,57,57,80,74,80,80,58,51,51,31,31,73,0],"gold":53,"neow_bonus":"HUNDRED_GOLD","is_prod":false,"is_daily":false,"chose_seed":false,"campfire_upgraded":4,"win_rate":0,"timestamp":1539022641,"path_taken":["M","$","?","M","?","R","M","M","T","?","R","M","?","M","R","BOSS","M","$","M","?","$","R","M","M","T","M","?","R","?","?","R","BOSS","M","?","M","$","M","R","?","R","T","M","M","$","M","M","R","BOSS"],"build_version":"2018-10-04v2","purchased_purges":2,"victory":false,"max_hp_per_floor":[70,70,70,70,70,70,70,70,70,70,70,70,70,70,70,70,70,70,70,70,70,70,70,70,70,70,70,70,70,70,70,70,70,70,70,80,80,80,80,80,80,80,80,80,80,80,80,80,80,80],"card_choices":[{"not_picked":["Finisher","Dash"],"picked":"Dagger Spray","floor":1.0},{"not_picked":["Underhanded Strike","Masterful Stab"],"picked":"Footwork","floor":4.0},{"not_picked":["Terror","Dagger Spray"],"picked":"Footwork","floor":5.0},{"not_picked":["Dagger Throw","Dagger Spray"],"picked":"Accuracy","floor":7.0},{"not_picked":["Underhanded Strike","All Out Attack","Masterful Stab"],"picked":"SKIP","floor":8.0},{"not_picked":["PiercingWail","Deflect"],"picked":"Infinite Blades","floor":10.0},{"not_picked":["Dash","Catalyst","Outmaneuver"],"picked":"SKIP","floor":12.0},{"not_picked":["Dodge and Roll","Crippling Poison"],"picked":"Backflip","floor":13.0},{"not_picked":["Outmaneuver","Catalyst","PiercingWail"],"picked":"SKIP","floor":14.0},{"not_picked":["Adrenaline","Corpse Explosion"],"picked":"A Thousand Cuts","floor":16.0},{"not_picked":["Dagger Throw","Acrobatics"],"picked":"Prepared","floor":17.0},{"not_picked":["Well Laid Plans","Concentrate"],"picked":"Blur","floor":17.0},{"not_picked":["Bane","Catalyst"],"picked":"Distraction","floor":17.0},{"not_picked":["Bouncing Flask","Noxious Fumes"],"picked":"Slice","floor":17.0},{"not_picked":["Flechettes","Blur+1"],"picked":"Cloak And Dagger","floor":18.0},{"not_picked":["Poisoned Stab","Bane","Deadly Poison"],"picked":"SKIP","floor":20.0},{"not_picked":["Outmaneuver","Calculated Gamble","Accuracy"],"picked":"SKIP","floor":24.0},{"not_picked":["Skewer+1","A Thousand Cuts","Dagger Throw"],"picked":"SKIP","floor":25.0},{"not_picked":["Escape Plan","Blade Dance+1"],"picked":"Prepared+1","floor":27.0},{"not_picked":["Outmaneuver","Calculated Gamble","Blade Dance"],"picked":"SKIP","floor":30.0},{"not_picked":["Dodge and Roll","Distraction"],"picked":"Deflect","floor":31.0},{"not_picked":["Envenom","Unload"],"picked":"After Image","floor":33.0},{"not_picked":["Endless Agony","Quick Slash+1","Poisoned Stab"],"picked":"SKIP","floor":35.0},{"not_picked":["Crippling Poison","Slice"],"picked":"Cloak And Dagger","floor":37.0},{"not_picked":["Underhanded Strike","Reflex","Poisoned Stab"],"picked":"SKIP","floor":39.0},{"not_picked":["Flechettes","Setup","Masterful Stab"],"picked":"SKIP","floor":41},{"not_picked":["Storm of Steel","Crippling Poison+1"],"picked":"Backstab","floor":44},{"not_picked":["Flying Knee+1","Quick Slash+1","Setup"],"picked":"SKIP","floor":45},{"not_picked":["Prepared","Cloak And Dagger"],"picked":"Backflip+1","floor":47},{"not_picked":["Blade Dance+1","Sucker Punch","Well Laid Plans"],"picked":"SKIP","floor":48}],"player_experience":189980,"relics_obtained":[{"floor":9.0,"key":"Ninja Scroll"},{"floor":26.0,"key":"Gremlin Horn"},{"floor":43,"key":"Bag of Preparation"}],"event_choices":[{"event_name":"Scrap Ooze","player_choice":"success","floor":3.0,"damage_taken":12.0},{"event_name":"The Library","player_choice":"Heal","floor":28.0,"damage_taken":0.0},{"event_name":"Bonfire Elementals","player_choice":"RARE","floor":36.0,"damage_taken":0.0}],"is_beta":false,"boss_relics":[{"not_picked":["Philosopher\u0027s Stone","Busted Crown"],"picked":"Orrery"},{"not_picked":["Velvet Choker","Astrolabe"],"picked":"Eternal Feather"}],"items_purged_floors":[2,46],"is_endless":false,"potions_floor_spawned":[1,5,8,10,12,14,16,20,24,25,27,39,41,45,48],"killed_by":"Donu and Deca","ascension_level":0}