{"path_per_floor":["M","M","M","$","?","R","E","R","T","E","M","R","M","E","R","B",null,"M","M","?","$","M","R","E","R","T","?","E","?","E","M","R","B",null,"M","M","$","M","T","R","E","R","T","M","M","?","$","M","R","B"],"character_chosen":"IRONCLAD","items_purchased":["Dropkick","Feel No Pain","Flame Barrier","Oddly Smooth Stone","Metallicize","Uppercut"],"gold_per_floor":[114,132,147,72,72,72,107,107,107,133,147,147,164,192,192,266,266,284,300,200,20,39,39,67,67,67,67,93,126,161,178,178,251,251,261,280,22,32,58,58,84,84,84,97,107,107,3,22,22,22],"floor_reached":51,"campfire_rested":2,"playtime":5785,"current_hp_per_floor":[73,75,75,72,65,65,63,63,63,54,53,53,59,63,63,32,73,68,74,74,74,65,65,46,46,60,60,43,54,52,45,82,40,104,83,86,86,87,87,87,69,69,69,59,78,78,78,80,123,78],"items_purged":["Parasite","Strike_R"],"gold":22,"score":1065,"play_id":"d9109e73-37a8-4ec4-b47c-f00bd42a8892","local_time":"20180228183928","is_prod":false,"is_daily":false,"is_ascension_mode":true,"campfire_upgraded":8,"timestamp":1519871968,"path_taken":["M","M","M","$","?","R","E","R","T","E","M","R","M","E","R","BOSS","M","?","?","$","M","R","E","R","T","?","E","?","E","M","R","BOSS","M","M","$","M","?","R","E","R","T","M","M","?","$","M","R","BOSS"],"build_version":"2018-02-28-BETA1","purchased_purges":3,"victory":true,"master_deck":["Strike_R","Strike_R","Defend_R","Defend_R","Bash+1","Metallicize+1","Armaments+1","Iron Wave","Feed+1","Fiend Fire+1","Exhume","Havoc+1","Burning Pact+1","J.A.X.+1","Dropkick","Iron Wave","Shrug It Off+1","Pommel Strike","Headbutt","Power Through+1","Feel No Pain","Limit Break+1","Shrug It Off+1","Ghostly Armor+1","Havoc+1","Feel No Pain+1","Flame Barrier+1","Entrench","Disarm+1","Demon Form","Metallicize","Uppercut","Feel No Pain"],"max_hp_per_floor":[75,75,75,72,72,72,79,79,79,79,79,79,83,87,87,87,87,91,91,91,91,91,91,99,99,113,113,113,121,121,125,125,125,125,129,133,133,137,137,137,137,137,137,141,145,145,145,145,145,145],"relics":["Burning Blood","Strawberry","Gambling Chip","Bag of Preparation","Red Skull","Philosopher\u0027s Stone","Pen Nib","Mango","Smiling Mask","Red Mask","Happy Flower","Astrolabe","Oddly Smooth Stone","War Paint","Gremlin Horn","Charon\u0027s Ashes"],"card_choices":[{"not_picked":["Sentinel","Carnage"],"picked":"Metallicize"},{"not_picked":["Twin Strike","Dual Wield"],"picked":"Armaments"},{"not_picked":["Cleave","Flex"],"picked":"Iron Wave"},{"not_picked":["Armaments","Body Slam"],"picked":"Feed"},{"not_picked":["Entrench","Shrug It Off"],"picked":"Fiend Fire"},{"not_picked":["Feed","Berserk"],"picked":"Exhume"},{"not_picked":["Armaments","Body Slam"],"picked":"Havoc"},{"not_picked":["Sever Soul","Twin Strike"],"picked":"Burning Pact"},{"not_picked":["Rage","Clothesline"],"picked":"Iron Wave"},{"not_picked":["Cleave","Wild Strike"],"picked":"Pommel Strike"},{"not_picked":["Cleave","Anger"],"picked":"Headbutt"},{"not_picked":["Body Slam","Flex"],"picked":"Power Through"},{"not_picked":["Flex","Feed"],"picked":"Feel No Pain"},{"not_picked":["Berserk","Impervious"],"picked":"Limit Break"},{"not_picked":["Cleave","Perfected Strike"],"picked":"Entrench"},{"not_picked":["Wild Strike","Sword Boomerang"],"picked":"Disarm"},{"not_picked":["Armaments","Havoc"],"picked":"Demon Form"},{"not_picked":["Thunderclap","Wild Strike"],"picked":"Feel No Pain"}],"player_experience":254926,"potions_floor_usage":[7,10,13,22,22,24,28,30,45,50,50],"damage_taken":[{"damage":1,"enemies":"Jaw Worm","floor":1,"turns":4},{"damage":0,"enemies":"2 Louse","floor":2,"turns":3},{"damage":1,"enemies":"Cultist","floor":3,"turns":3},{"damage":15,"enemies":"Gremlin Nob","floor":7,"turns":5},{"damage":15,"enemies":"Lagavulin","floor":10,"turns":7},{"damage":7,"enemies":"Exordium Thugs","floor":11,"turns":8},{"damage":4,"enemies":"Lots of Slimes","floor":13,"turns":5},{"damage":6,"enemies":"3 Sentries","floor":14,"turns":11},{"damage":37,"enemies":"Hexaghost","floor":16,"turns":9},{"damage":15,"enemies":"Shell Parasite","floor":18,"turns":7},{"damage":0,"enemies":"Spheric Guardian","floor":19,"turns":1},{"damage":15,"enemies":"Snake Plant","floor":22,"turns":2},{"damage":33,"enemies":"Slavers","floor":24,"turns":5},{"damage":23,"enemies":"Book of Stabbing","floor":28,"turns":3},{"damage":3,"enemies":"Masked Bandits","floor":29,"turns":3},{"damage":8,"enemies":"Slavers","floor":30,"turns":3},{"damage":17,"enemies":"Cultist and Chosen","floor":31,"turns":4},{"damage":48,"enemies":"Automaton","floor":33,"turns":11},{"damage":31,"enemies":"3 Darklings","floor":35,"turns":6},{"damage":7,"enemies":"Flame Bruiser 1 Orb","floor":36,"turns":6},{"damage":9,"enemies":"4 Shapes","floor":38,"turns":11},{"damage":24,"enemies":"Nemesis","floor":41,"turns":7},{"damage":20,"enemies":"Maw","floor":44,"turns":5},{"damage":0,"enemies":"Spire Growth","floor":45,"turns":4},{"damage":4,"enemies":"3 Darklings","floor":48,"turns":4},{"damage":51,"enemies":"Time Eater","floor":50,"turns":8}],"event_choices":[{"event_name":"Golden Wing","player_choice":"Card Removal","floor":5,"damage_taken":0},{"event_name":"Drug Dealer","player_choice":"Got JAXXED","floor":20,"damage_taken":0},{"event_name":"The Library","player_choice":"Read","floor":27,"damage_taken":0},{"event_name":"Masked Bandits","player_choice":"Fought over 93 gold","floor":29,"damage_taken":0},{"event_name":"Mysterious Sphere","player_choice":"Ignore","floor":46,"damage_taken":0}],"boss_relics":[{"not_picked":["Lizard Tail","Runic Pyramid"],"picked":"Philosopher\u0027s Stone"},{"not_picked":["Black Star","Calling Bell"],"picked":"Astrolabe"}],"potions_floor_spawned":[1,2,3,10,11,22,24,28,30,35,36,41],"seed_played":"-5639099941732124158","ascension_level":15,"is_trial":false}