{"path_per_floor":["M","?","M","?","$","R","M","R","T","R","$","E","M","?","R"],"character_chosen":"THE_SILENT","items_purchased":[],"gold_per_floor":[111,186,199,199,124,124,134,134,134,134,34,95,106,56,56,56],"floor_reached":16,"campfire_rested":0,"playtime":455,"item_purchase_floors":[],"current_hp_per_floor":[56,45,45,38,38,38,38,38,38,38,38,12,12,12,12,0],"items_purged":["Defend_G","Strike_G"],"gold":56,"score":147,"play_id":"88bc01e7-570d-4654-898d-09e316ff8561","local_time":"20180531225428","is_prod":false,"is_daily":false,"chose_seed":false,"is_ascension_mode":true,"campfire_upgraded":4,"win_rate":0,"timestamp":1527774868,"campfire_choices":[{"data":"Neutralize","floor":6,"key":"SMITH"},{"data":"Survivor","floor":8,"key":"SMITH"},{"data":"Defend_G","floor":10,"key":"SMITH"},{"data":"Defend_G","floor":15,"key":"SMITH"}],"path_taken":["M","?","M","?","$","R","M","R","T","R","$","E","M","?","R","BOSS"],"build_version":"2018-05-24","seed_source_timestamp":696799132117682,"purchased_purges":2,"victory":false,"master_deck":["Defend_G+1","Defend_G+1","Strike_G","Strike_G","Strike_G","Strike_G","Survivor+1","Neutralize+1","AscendersBane"],"max_hp_per_floor":[70,70,70,70,70,70,70,70,70,70,70,70,70,70,70,70],"relics":["Ring of the Snake","Darkstone Periapt","Tiny Chest"],"card_choices":[{"not_picked":["Finisher","Flying Knee","Quick Slash"],"picked":"SKIP","floor":1},{"not_picked":["Calculated Gamble","Deflect","Prepared"],"picked":"SKIP","floor":3},{"not_picked":["Acrobatics","Poisoned Stab","Concentrate"],"picked":"SKIP","floor":7},{"not_picked":["Wraith Form v2","Setup","Noxious Fumes"],"picked":"SKIP","floor":12},{"not_picked":["Deadly Poison","Setup","Concentrate"],"picked":"SKIP","floor":13}],"player_experience":715016,"potions_floor_usage":[16],"damage_taken":[{"damage":7,"enemies":"Small Slimes","floor":1,"turns":4},{"damage":0,"enemies":"Jaw Worm","floor":3,"turns":7},{"damage":0,"enemies":"Cultist","floor":7,"turns":4},{"damage":26,"enemies":"Gremlin Nob","floor":12,"turns":6},{"damage":0,"enemies":"Blue Slaver","floor":13,"turns":5},{"damage":20,"enemies":"Slime Boss","floor":16,"turns":3}],"relics_obtained":[{"floor":9,"key":"Darkstone Periapt"},{"floor":12,"key":"Tiny Chest"}],"event_choices":[{"event_name":"World of Goop","player_choice":"Gather Gold","floor":2,"damage_taken":0},{"event_name":"Golden Wing","player_choice":"Card Removal","floor":4,"damage_taken":0},{"event_name":"The Cleric","player_choice":"Card Removal","floor":14,"damage_taken":0}],"boss_relics":[],"items_purged_floors":[5,11],"potions_floor_spawned":[1,12],"seed_played":"-2711916290873478562","killed_by":"Slime Boss","ascension_level":10,"potions_obtained":[{"floor":1,"key":"Energy Potion"},{"floor":12,"key":"Explosive Potion"}],"is_trial":false}