{"path_per_floor":["M","$","M","M","M","R","M","?","T","E","R","M","?","$","R","B",null,"M","M","?","M","?","R"],"character_chosen":"IRONCLAD","items_purchased":["Spot Weakness","Burning Pact","Armaments","True Grit"],"gold_per_floor":[110,1,13,27,39,39,57,57,83,108,108,124,74,5,5,109,109,126,141,56,70,70,70],"floor_reached":24,"campfire_rested":1,"playtime":1930,"current_hp_per_floor":[75,75,80,80,76,76,77,70,77,56,56,60,60,60,60,49,87,56,38,38,29,29,55],"items_purged":[],"gold":70,"score":198,"play_id":"5524cb1b-fced-4a3f-9e9d-f377fd0c5c5e","is_prod":false,"is_daily":false,"is_ascension_mode":false,"campfire_upgraded":3,"path_taken":["M","$","M","M","M","R","?","?","T","E","R","M","?","?","R","BOSS","M","?","?","M","?","R","E"],"build_version":"2018-02-08-PROD1","purchased_purges":0,"victory":false,"master_deck":["Strike_R","Strike_R","Strike_R","Defend_R","Defend_R","Defend_R","Bash","Sword Boomerang","Cleave","Spot Weakness+1","Burning Pact","Reckless Charge","Body Slam","Dropkick","Flex+1","Iron Wave","Armaments","True Grit+1","Impervious","Flex","Pommel Strike","Shrug It Off","Writhe"],"max_hp_per_floor":[80,80,80,80,80,80,80,80,87,87,87,87,87,87,87,87,87,87,87,87,87,87,87],"relics":["Burning Blood","Strawberry","Calipers","Snecko Eye","Self Forming Clay","Bronze Scales"],"card_choices":[{"not_picked":["True Grit","Battle Trance"],"picked":"Cleave"},{"not_picked":["Power Through","Twin Strike"],"picked":"Reckless Charge"},{"not_picked":["Fire Breathing","Uppercut"],"picked":"Body Slam"},{"not_picked":["Uppercut","Cleave"],"picked":"Dropkick"},{"not_picked":["True Grit","Uppercut"],"picked":"Flex"},{"not_picked":["Dark Embrace","Cleave"],"picked":"Iron Wave"},{"not_picked":["Reaper","Berserk"],"picked":"Impervious"},{"not_picked":["Hemokinesis","Thunderclap"],"picked":"Flex"},{"not_picked":["Perfected Strike","Corruption"],"picked":"Pommel Strike"},{"not_picked":["Iron Wave","Battle Trance"],"picked":"Shrug It Off"}],"player_experience":77930,"potions_floor_usage":[16,16,16],"damage_taken":[{"damage":11,"enemies":"Blue Slaver","floor":1,"turns":6},{"damage":0,"enemies":"Small Slimes","floor":3,"turns":3},{"damage":1,"enemies":"Jaw Worm","floor":4,"turns":3},{"damage":10,"enemies":"Lots of Slimes","floor":5,"turns":3},{"damage":5,"enemies":"Looter","floor":7,"turns":2},{"damage":27,"enemies":"Lagavulin","floor":10,"turns":8},{"damage":2,"enemies":"3 Louse","floor":12,"turns":2},{"damage":17,"enemies":"Hexaghost","floor":16,"turns":8},{"damage":37,"enemies":"Spheric Guardian","floor":18,"turns":6},{"damage":24,"enemies":"Chosen","floor":19,"turns":7},{"damage":15,"enemies":"3 Cultists","floor":21,"turns":6},{"damage":59,"enemies":"Gremlin Leader","floor":24,"turns":6}],"event_choices":[{"event_name":"Golden Wing","player_choice":"Card Removal","floor":8,"damage_taken":0},{"event_name":"The Cleric","player_choice":"Card Removal","floor":13,"damage_taken":0},{"event_name":"Addict","player_choice":"Obtained Relic","floor":20,"damage_taken":0},{"event_name":"The Mausoleum","player_choice":"Yes","floor":22,"damage_taken":0}],"boss_relics":[{"not_picked":["Runic Pyramid","Runic Dome"],"picked":"Snecko Eye"}],"potions_floor_spawned":[1,5,10,12,18,21],"seed_played":"554410071524783647","killed_by":"Gremlin Leader","ascension_level":0,"is_trial":false}