{"path_per_floor":["M","M","T","$","M","R","?","M","T","M","M","?","M","M","R","B",null,"M","?","M","?","$","R","?","R","T","M","R","M","M","T","R","B",null,"M","?","M","?","M","R","$","T","T","?","R","$","?","M","R"],"character_chosen":"THE_SILENT","items_purchased":["Deadly Poison","Footwork","Bouncing Flask","Accuracy","Choke","Accuracy","Panache","Omamori","Prepared","Whetstone","Caltrops"],"gold_per_floor":[113,125,149,17,27,27,27,47,73,86,97,97,117,140,140,259,259,278,178,194,194,4,4,4,4,4,28,28,41,60,90,90,214,252,276,276,299,632,649,649,257,281,281,281,281,9,109,122,122],"floor_reached":50,"campfire_rested":5,"playtime":3043,"current_hp_per_floor":[66,66,66,66,66,66,52,50,50,18,10,10,6,2,23,9,70,62,62,52,52,52,52,52,52,52,43,43,28,14,14,35,3,75,63,63,38,38,11,33,33,33,33,33,55,55,55,17,39],"items_purged":[],"gold":122,"score":485,"play_id":"d36a4840-0039-4f5d-a736-2de3679bb2ad","is_prod":false,"is_daily":false,"is_ascension_mode":false,"campfire_upgraded":4,"path_taken":["M","M","?","$","?","R","?","M","T","?","M","?","M","M","R","BOSS","M","?","M","?","$","R","?","R","T","M","R","M","?","?","R","BOSS","M","?","M","?","?","R","$","?","T","?","R","$","?","?","R","BOSS"],"build_version":"2018-02-12-PROD1","purchased_purges":0,"victory":false,"master_deck":["Defend_G+1","Defend_G+1","Defend_G+1","Defend_G+1","Defend_G+1","Strike_G+1","Strike_G+1","Strike_G+1","Survivor","Neutralize+1","Catalyst+1","Flying Knee","Accuracy+1","Deadly Poison","Footwork","Cloak And Dagger+1","Accuracy+1","PiercingWail","Crippling Poison","Injury","PiercingWail","Dodge and Roll","Burst","Deadly Poison+1","J.A.X.","Deadly Poison","Bouncing Flask+1","Accuracy","Choke+1","Crippling Poison","Cloak And Dagger","Bouncing Flask","Bullet Time","PiercingWail","Outmaneuver+1","Cloak And Dagger+1","Bouncing Flask+1","Accuracy","Panache","Prepared","Caltrops","Backflip+1"],"max_hp_per_floor":[70,70,70,70,70,70,70,70,70,70,70,70,70,70,70,70,70,70,70,70,70,70,70,70,70,70,70,70,70,70,70,70,70,75,75,75,75,75,75,75,75,75,75,75,75,75,75,75,75],"relics":["Ring of the Snake","Art of War","Snake Skull","Lizard Tail","Toolbox","Tiny Chest","Tiny House","Omamori","Singing Bowl","Sundial","Whetstone"],"card_choices":[{"not_picked":["Outmaneuver","Well Laid Plans"],"picked":"Flying Knee"},{"not_picked":["Prepared","Slice"],"picked":"Accuracy"},{"not_picked":["Blur","Acrobatics"],"picked":"Cloak And Dagger"},{"not_picked":["Backstab","All Out Attack"],"picked":"Accuracy"},{"not_picked":["Terror","Quick Slash"],"picked":"PiercingWail"},{"not_picked":["Die Die Die","Quick Slash"],"picked":"Crippling Poison"},{"not_picked":["All Out Attack","Flying Knee"],"picked":"PiercingWail"},{"not_picked":["Outmaneuver","Slice"],"picked":"Dodge and Roll"},{"not_picked":["Phantasmal Killer","Doppelganger"],"picked":"Burst"},{"not_picked":["Acrobatics","Prepared"],"picked":"Deadly Poison"},{"not_picked":["Backflip","Well Laid Plans"],"picked":"Deadly Poison"},{"not_picked":["Calculated Gamble","Outmaneuver"],"picked":"Crippling Poison"},{"not_picked":["Dodge and Roll","Prepared"],"picked":"Cloak And Dagger"},{"not_picked":["Quick Slash","Dodge and Roll"],"picked":"Bouncing Flask"},{"not_picked":["Night Terror","Glass Knife"],"picked":"Bullet Time"},{"not_picked":["Flying Knee","Acrobatics"],"picked":"PiercingWail"},{"not_picked":["Flying Knee","Sucker Punch"],"picked":"Outmaneuver"},{"not_picked":["Eviscerate","Acrobatics"],"picked":"Cloak And Dagger"},{"not_picked":["Envenom","Calculated Gamble"],"picked":"Bouncing Flask"},{"not_picked":["Masterful Stab","Sucker Punch"],"picked":"Backflip"}],"player_experience":108650,"potions_floor_usage":[29,30,33,50],"damage_taken":[{"damage":4.0,"enemies":"Blue Slaver","floor":1.0,"turns":8.0},{"damage":0.0,"enemies":"Cultist","floor":2.0,"turns":4.0},{"damage":0.0,"enemies":"Jaw Worm","floor":5.0,"turns":4.0},{"damage":2.0,"enemies":"2 Fungi Beasts","floor":8.0,"turns":4.0},{"damage":32.0,"enemies":"Gremlin Gang","floor":10.0,"turns":6.0},{"damage":8.0,"enemies":"Large Slime","floor":11.0,"turns":6.0},{"damage":4.0,"enemies":"2 Fungi Beasts","floor":13.0,"turns":4.0},{"damage":4.0,"enemies":"Looter","floor":14.0,"turns":4.0},{"damage":14.0,"enemies":"Slime Boss","floor":16.0,"turns":19.0},{"damage":8.0,"enemies":"Shell Parasite","floor":18.0,"turns":9.0},{"damage":10,"enemies":"Spheric Guardian","floor":20,"turns":5},{"damage":9,"enemies":"Snake Plant","floor":27,"turns":3},{"damage":15,"enemies":"Slaver and Parasite","floor":29,"turns":5},{"damage":14,"enemies":"Centurion and Healer","floor":30,"turns":5},{"damage":32,"enemies":"Collector","floor":33,"turns":5},{"damage":12,"enemies":"3 Shapes","floor":35,"turns":4},{"damage":25,"enemies":"Orb Walker","floor":37,"turns":3},{"damage":27,"enemies":"Maw","floor":39,"turns":7},{"damage":38,"enemies":"4 Shapes","floor":48,"turns":10},{"damage":80,"enemies":"Awakened One","floor":50,"turns":6}],"event_choices":[{"event_name":"Shining Light","player_choice":"Entered Light","floor":7.0,"damage_taken":0.0},{"event_name":"Golden Idol","player_choice":"Take Wound","floor":12.0,"damage_taken":0.0},{"event_name":"Drug Dealer","player_choice":"Got JAXXED","floor":19,"damage_taken":0},{"event_name":"The Lab","player_choice":"Got Potions","floor":21,"damage_taken":0},{"event_name":"Back to Basics","player_choice":"Simplicity","floor":24,"damage_taken":0},{"event_name":"Tomb of Lord Red Mask","player_choice":"Ignored","floor":36,"damage_taken":0},{"event_name":"The Moai Head","player_choice":"Gave Idol","floor":38,"damage_taken":0},{"event_name":"Golden Shrine","player_choice":"Pray","floor":47,"damage_taken":0}],"boss_relics":[{"not_picked":["Pandora\u0027s Box","Astrolabe"],"picked":"Tiny House"}],"potions_floor_spawned":[1,2,8,13,14,20,35],"seed_played":"-6875735423637215057","killed_by":"Awakened One","ascension_level":0,"is_trial":false}