{"gold_per_floor":[115,126,176,156,167,167,180,206,206,176,186,186,213,225,225,304,304,323,336,336,336,350,350,350,385,385,385,400,428,428,527,527,599,599,614,614,26,37,48,48,80,80,80,109,0,0,18,33,33,33],"floor_reached":51,"playtime":3178,"items_purged":[],"score":1299,"play_id":"a8309f23-f3aa-454e-8d3e-882b25503351","local_time":"20190115021300","is_ascension_mode":true,"campfire_choices":[{"data":"Cloak And Dagger","floor":6.0,"key":"SMITH"},{"floor":12.0,"key":"REST"},{"floor":15.0,"key":"REST"},{"floor":23.0,"key":"REST"},{"floor":27.0,"key":"REST"},{"floor":30.0,"key":"REST"},{"floor":32.0,"key":"REST"},{"floor":40,"key":"REST"},{"floor":42,"key":"REST"},{"floor":46,"key":"REST"},{"floor":49,"key":"REST"}],"neow_cost":"NONE","seed_source_timestamp":44217559983305,"circlet_count":0,"master_deck":["AscendersBane","Defend_G","Defend_G","Defend_G","Defend_G","Defend_G","Strike_G","Strike_G","Strike_G","Strike_G","Strike_G","Survivor","Neutralize","Leg Sweep","Cloak And Dagger+1","Infinite Blades","Choke","Footwork","Accuracy","Infinite Blades+1","Adrenaline","Infinite Blades+1","Infinite Blades+1","Noxious Fumes+1","Corpse Explosion","Apotheosis","Caltrops+1"],"special_seed":0,"relics":["Ring of the Snake","Strawberry","The Courier","Singing Bowl","Frozen Egg 2","Philosopher\u0027s Stone","Bird Faced Urn","Bottled Tornado","Bottled Flame","Black Star","Bronze Scales","Centennial Puzzle","Gremlin Horn","Ancient Tea Set","Happy Flower","Mercury Hourglass","Dodecahedron","Turnip","Red Mask"],"potions_floor_usage":[50,50],"damage_taken":[{"damage":0.0,"enemies":"Cultist","floor":1.0,"turns":5.0},{"damage":4.0,"enemies":"Jaw Worm","floor":2.0,"turns":8.0},{"damage":1.0,"enemies":"2 Louse","floor":5.0,"turns":5.0},{"damage":0.0,"enemies":"Exordium Wildlife","floor":7.0,"turns":3.0},{"damage":34.0,"enemies":"3 Sentries","floor":8.0,"turns":10.0},{"damage":0.0,"enemies":"Looter","floor":10.0,"turns":4.0},{"damage":2.0,"enemies":"3 Louse","floor":11.0,"turns":6.0},{"damage":24.0,"enemies":"Lagavulin","floor":13.0,"turns":8.0},{"damage":22.0,"enemies":"Exordium Wildlife","floor":14.0,"turns":5.0},{"damage":8.0,"enemies":"Hexaghost","floor":16.0,"turns":9.0},{"damage":38.0,"enemies":"3 Byrds","floor":18.0,"turns":5.0},{"damage":14.0,"enemies":"Spheric Guardian","floor":19.0,"turns":4.0},{"damage":17.0,"enemies":"Snecko","floor":22.0,"turns":5.0},{"damage":54.0,"enemies":"Slavers","floor":25.0,"turns":6.0},{"damage":28.0,"enemies":"Cultist and Chosen","floor":28.0,"turns":6.0},{"damage":31.0,"enemies":"Book of Stabbing","floor":29.0,"turns":5.0},{"damage":53.0,"enemies":"Automaton","floor":33.0,"turns":9.0},{"damage":16.0,"enemies":"3 Shapes","floor":35.0,"turns":7.0},{"damage":16,"enemies":"Orb Walker","floor":38,"turns":4},{"damage":19,"enemies":"4 Shapes","floor":39,"turns":4},{"damage":62,"enemies":"Giant Head","floor":41,"turns":9},{"damage":33,"enemies":"Reptomancer","floor":44,"turns":5},{"damage":26,"enemies":"Jaw Worm Horde","floor":47,"turns":2},{"damage":20,"enemies":"Sphere and 2 Shapes","floor":48,"turns":4},{"damage":91,"enemies":"Awakened One","floor":50,"turns":10}],"seed_played":"277903147851644378","potions_obtained":[{"floor":1.0,"key":"SkillPotion"},{"floor":4.0,"key":"Ancient Potion"},{"floor":8.0,"key":"Dexterity Potion"},{"floor":13.0,"key":"Ancient Potion"},{"floor":14.0,"key":"LiquidBronze"},{"floor":22.0,"key":"Regen Potion"},{"floor":28.0,"key":"LiquidBronze"},{"floor":29.0,"key":"AttackPotion"},{"floor":41,"key":"SteroidPotion"},{"floor":44,"key":"Fire Potion"}],"is_trial":false,"path_per_floor":["M","M","T","?","M","R","M","E","T","M","M","R","E","M","R","B",null,"M","M","?","?","M","R","?","E","T","R","M","E","R","?","R","B",null,"M","?","$","M","M","R","E","R","T","E","?","R","M","M","R","B",null],"character_chosen":"THE_SILENT","items_purchased":["Bronze Scales","Centennial Puzzle","Gremlin Horn","Apotheosis"],"campfire_rested":10,"item_purchase_floors":[37,37,37,37],"current_hp_per_floor":[65,61,68,68,67,67,67,33,33,33,31,54,32,10,34,26,67,29,17,17,44,27,51,51,14,14,39,25,4,30,30,56,17,70,70,66,66,60,55,84,38,68,68,51,51,81,67,63,94,19],"gold":33,"neow_bonus":"TEN_PERCENT_HP_BONUS","is_prod":false,"is_daily":false,"chose_seed":false,"campfire_upgraded":1,"win_rate":0,"timestamp":1547511180,"path_taken":["M","?","?","?","M","R","M","E","T","?","M","R","E","M","R","BOSS","M","M","?","?","M","R","?","E","T","R","M","E","R","?","R","BOSS","M","?","$","M","M","R","E","R","T","E","?","R","M","M","R","BOSS"],"build_version":"2019-01-10","purchased_purges":0,"victory":true,"max_hp_per_floor":[72,72,79,79,79,79,79,79,79,79,79,79,81,81,81,81,81,81,83,83,83,83,83,83,85,85,85,87,87,87,87,87,87,87,89,95,95,97,99,99,101,101,101,103,103,103,103,105,105,105],"card_choices":[{"not_picked":["Calculated Gamble","Slice"],"picked":"Leg Sweep","floor":1.0},{"not_picked":["Acrobatics","Outmaneuver"],"picked":"Cloak And Dagger","floor":2.0},{"not_picked":["Masterful Stab","Acrobatics","Bane"],"picked":"SKIP","floor":5.0},{"not_picked":["Leg Sweep","Flying Knee"],"picked":"Infinite Blades","floor":7.0},{"not_picked":["Poisoned Stab","Backflip"],"picked":"Choke","floor":8.0},{"not_picked":["Bouncing Flask","Cloak And Dagger"],"picked":"Footwork","floor":10.0},{"not_picked":["PiercingWail","Dagger Throw"],"picked":"Accuracy","floor":11.0},{"not_picked":["Quick Slash","Concentrate","Dagger Spray"],"picked":"Singing Bowl","floor":13.0},{"not_picked":["Bane","Prepared"],"picked":"Infinite Blades+1","floor":14.0},{"not_picked":["Storm of Steel","After Image+1"],"picked":"Adrenaline","floor":16.0},{"not_picked":["Noxious Fumes+1","Backflip"],"picked":"Infinite Blades+1","floor":18.0},{"not_picked":["Eviscerate","Bane","PiercingWail"],"picked":"Singing Bowl","floor":19.0},{"not_picked":["Venomology","Acrobatics+1"],"picked":"Infinite Blades+1","floor":22.0},{"not_picked":["Cloak And Dagger","Dagger Spray","Infinite Blades+1"],"picked":"Singing Bowl","floor":25.0},{"not_picked":["Infinite Blades+1","Bane","Quick Slash"],"picked":"Singing Bowl","floor":28.0},{"not_picked":["Acrobatics","Unload"],"picked":"Noxious Fumes+1","floor":29.0},{"not_picked":["Venomology","Glass Knife"],"picked":"Corpse Explosion","floor":33.0},{"not_picked":["Slice","Flying Knee","Cloak And Dagger"],"picked":"Singing Bowl","floor":35.0},{"not_picked":["Madness","Jack Of All Trades","Secret Weapon"],"picked":"Singing Bowl","floor":36},{"not_picked":["Dark Shackles","Swift Strike","Dramatic Entrance"],"picked":"Singing Bowl","floor":36},{"not_picked":["Good Instincts","Panache+1","Mayhem+1"],"picked":"Singing Bowl","floor":36},{"not_picked":["All Out Attack+1","Acrobatics","Backflip+1"],"picked":"Singing Bowl","floor":38},{"not_picked":["Dagger Spray+1","Poisoned Stab","Heel Hook"],"picked":"Singing Bowl","floor":39},{"not_picked":["Sucker Punch","Setup","Blade Dance"],"picked":"Singing Bowl","floor":41},{"not_picked":["Riddle With Holes","Dagger Spray","Blade Dance+1"],"picked":"Singing Bowl","floor":44},{"not_picked":["Expertise","Dodge and Roll"],"picked":"Caltrops+1","floor":47},{"not_picked":["Corpse Explosion","Backstab","PiercingWail"],"picked":"Singing Bowl","floor":48}],"player_experience":290281,"relics_obtained":[{"floor":3.0,"key":"Strawberry"},{"floor":8.0,"key":"The Courier"},{"floor":9.0,"key":"Singing Bowl"},{"floor":13.0,"key":"Frozen Egg 2"},{"floor":25.0,"key":"Bird Faced Urn"},{"floor":26.0,"key":"Bottled Tornado"},{"floor":29.0,"key":"Bottled Flame"},{"floor":41,"key":"Ancient Tea Set"},{"floor":41,"key":"Happy Flower"},{"floor":43,"key":"Mercury Hourglass"},{"floor":44,"key":"Dodecahedron"},{"floor":44,"key":"Turnip"}],"event_choices":[{"damage_healed":0.0,"max_hp_gain":0.0,"max_hp_loss":0.0,"gold_gain":0.0,"event_name":"The Woman in Blue","player_choice":"Bought 1 Potion","floor":4.0,"gold_loss":0.0,"damage_taken":0.0},{"damage_healed":0.0,"max_hp_gain":0.0,"max_hp_loss":0.0,"gold_gain":0.0,"event_name":"Cursed Tome","player_choice":"Ignored","floor":20.0,"gold_loss":0.0,"damage_taken":0.0},{"damage_healed":27.0,"max_hp_gain":0.0,"max_hp_loss":0.0,"gold_gain":0.0,"event_name":"The Library","player_choice":"Heal","floor":21.0,"gold_loss":0.0,"damage_taken":0.0},{"damage_healed":0.0,"max_hp_gain":0.0,"max_hp_loss":0.0,"gold_gain":0.0,"event_name":"Beggar","player_choice":"Ignored","floor":24.0,"gold_loss":0.0,"damage_taken":0.0},{"damage_healed":0.0,"max_hp_gain":0.0,"max_hp_loss":0.0,"gold_gain":99.0,"event_name":"Nest","player_choice":"Stole From Cult","floor":31.0,"gold_loss":0.0,"damage_taken":0.0},{"damage_healed":0,"gold_gain":0,"player_choice":"Memory 3","damage_taken":10,"max_hp_gain":0,"max_hp_loss":0,"event_name":"SensoryStone","floor":36,"gold_loss":0},{"damage_healed":0,"gold_gain":0,"player_choice":"Paid","damage_taken":0,"relics_obtained":["Red Mask"],"max_hp_gain":0,"max_hp_loss":0,"event_name":"Tomb of Lord Red Mask","floor":45,"gold_loss":109}],"is_beta":false,"boss_relics":[{"not_picked":["White Beast Statue","Fusion Hammer"],"picked":"Philosopher\u0027s Stone"},{"not_picked":["Runic Pyramid","Calling Bell"],"picked":"Black Star"}],"items_purged_floors":[],"is_endless":false,"potions_floor_spawned":[1,8,13,14,22,28,29,41,44,47,48],"ascension_level":14}