{"gold_per_floor":[119,119,139,139,152,179,179,129,129,148,158,158,178,195,195,290,340,360,360,17,27,46,46,66,66,66,66,66,94,94,108,108,208,208,228,138,154,165,165,198,212,212,212,212,246,263,281,295,295,295,295,295,74,103,103],"floor_reached":55,"playtime":2946,"items_purged":["Defend_R+1"],"score":753,"play_id":"e872d730-bccf-4ae0-89c8-728ac8613866","local_time":"20190120191352","is_ascension_mode":false,"campfire_choices":[{"floor":7.0,"key":"RECALL"},{"data":"Whirlwind","floor":15.0,"key":"SMITH"},{"data":"Bash","floor":23.0,"key":"SMITH"},{"data":"Demon Form","floor":25.0,"key":"SMITH"},{"data":"Flex","floor":27.0,"key":"SMITH"},{"data":"Brutality","floor":30.0,"key":"SMITH"},{"data":"Shrug It Off","floor":32.0,"key":"SMITH"},{"data":"Sword Boomerang","floor":42.0,"key":"SMITH"},{"floor":44.0,"key":"REST"},{"floor":49.0,"key":"REST"},{"floor":52.0,"key":"REST"}],"neow_cost":"NONE","seed_source_timestamp":0,"circlet_count":0,"master_deck":["Defend_R+1","Bash+1","Whirlwind+1","Shrug It Off+1","Flex+1","Brutality+1","Sword Boomerang+1","Thunderclap+1","Demon Form+1","Shrug It Off+1","Sword Boomerang+1","Barricade+1","Heavy Blade+1","Metallicize+1","Flex+1","Battle Trance+1","Sword Boomerang+1","Rupture+1"],"special_seed":0,"relics":["Burning Blood","Question Card","Pantograph","Bronze Scales","Tiny House","MutagenicStrength","Sling","Happy Flower","War Paint","Astrolabe","Art of War","Blue Candle","Strawberry","Lantern","Bag of Marbles"],"potions_floor_usage":[],"damage_taken":[{"damage":5.0,"enemies":"2 Louse","floor":1.0,"turns":4.0},{"damage":8.0,"enemies":"Jaw Worm","floor":3.0,"turns":4.0},{"damage":0.0,"enemies":"Small Slimes","floor":5.0,"turns":2.0},{"damage":37.0,"enemies":"3 Sentries","floor":6.0,"turns":7.0},{"damage":6.0,"enemies":"Blue Slaver","floor":10.0,"turns":5.0},{"damage":11.0,"enemies":"Looter","floor":11.0,"turns":4.0},{"damage":4.0,"enemies":"Red Slaver","floor":13.0,"turns":3.0},{"damage":3.0,"enemies":"Blue Slaver","floor":14.0,"turns":3.0},{"damage":63.0,"enemies":"Hexaghost","floor":16.0,"turns":9.0},{"damage":1.0,"enemies":"3 Byrds","floor":18.0,"turns":3.0},{"damage":8.0,"enemies":"Chosen","floor":21.0,"turns":4.0},{"damage":19.0,"enemies":"Centurion and Healer","floor":22.0,"turns":3.0},{"damage":29.0,"enemies":"Snake Plant","floor":24.0,"turns":4.0},{"damage":20.0,"enemies":"Gremlin Leader","floor":29.0,"turns":5.0},{"damage":9.0,"enemies":"Cultist and Chosen","floor":31.0,"turns":4.0},{"damage":42.0,"enemies":"Champ","floor":33.0,"turns":7.0},{"damage":9.0,"enemies":"3 Shapes","floor":35.0,"turns":2.0},{"damage":25.0,"enemies":"Orb Walker","floor":37.0,"turns":4.0},{"damage":2.0,"enemies":"Sphere and 2 Shapes","floor":38.0,"turns":3.0},{"damage":41.0,"enemies":"Giant Head","floor":40.0,"turns":7.0},{"damage":36.0,"enemies":"Writhing Mass","floor":41.0,"turns":5.0},{"damage":43.0,"enemies":"Reptomancer","floor":45.0,"turns":4.0},{"damage":1.0,"enemies":"3 Darklings","floor":46.0,"turns":2.0},{"damage":4.0,"enemies":"Jaw Worm Horde","floor":47.0,"turns":3.0},{"damage":4.0,"enemies":"Transient","floor":48.0,"turns":5.0},{"damage":28.0,"enemies":"Time Eater","floor":50.0,"turns":6.0},{"damage":18.0,"enemies":"Shield and Spear","floor":54.0,"turns":3.0},{"damage":97,"enemies":"The Heart","floor":55,"turns":5}],"seed_played":"-1987435727950409767","potions_obtained":[{"floor":1.0,"key":"Weak Potion"},{"floor":5.0,"key":"SpeedPotion"},{"floor":6.0,"key":"SpeedPotion"},{"floor":13.0,"key":"Weak Potion"},{"floor":17.0,"key":"PowerPotion"},{"floor":24.0,"key":"Regen Potion"},{"floor":31.0,"key":"PowerPotion"},{"floor":33.0,"key":"GamblersBrew"},{"floor":35.0,"key":"Swift Potion"},{"floor":38.0,"key":"EntropicBrew"},{"floor":45.0,"key":"Energy Potion"}],"is_trial":false,"path_per_floor":["M","?","M","?","M","E","R","?","T","M","M","?","M","M","R","B",null,"M","?","$","M","M","R","M","R","T","R","?","E","R","M","R","B",null,"M","?","M","M","?","E","M","R","T","R","E","M","M","M","R","B",null,"R","$","E","B"],"character_chosen":"IRONCLAD","items_purchased":["Sling","Happy Flower","Lantern"],"campfire_rested":3,"item_purchase_floors":[20,20,53],"current_hp_per_floor":[80,80,78,71,77,46,46,46,46,46,41,41,43,46,46,14,85,85,85,85,83,70,70,47,47,47,47,31,31,31,28,28,17,90,87,87,68,72,90,55,25,25,25,52,22,27,29,31,60,63,97,97,97,85,0],"gold":103,"neow_bonus":"REMOVE_CARD","is_prod":false,"is_daily":false,"chose_seed":false,"campfire_upgraded":7,"win_rate":0,"timestamp":1547979232,"path_taken":["M","?","M","?","M","E","R","?","T","M","M","?","M","M","R","BOSS","M","?","$","M","M","R","M","R","T","R","?","E","R","M","R","BOSS","M","?","?","M","?","E","M","R","T","R","E","M","?","?","R","BOSS","R","$","E","BOSS"],"build_version":"2019-01-17v2","purchased_purges":1,"victory":false,"max_hp_per_floor":[80,80,80,80,80,80,80,80,80,80,80,80,80,80,80,80,85,85,85,85,85,85,85,85,85,85,85,90,90,90,90,90,90,90,90,90,90,90,90,90,90,90,90,90,97,97,97,97,97,97,97,97,97,97,97],"card_choices":[{"not_picked":["Corruption","Uppercut","Shockwave"],"picked":"SKIP","floor":1.0},{"not_picked":["Heavy Blade","Anger"],"picked":"Whirlwind","floor":3.0},{"not_picked":["Sword Boomerang","Dual Wield","Armaments"],"picked":"Shrug It Off","floor":5.0},{"not_picked":["Rampage","Thunderclap","Armaments"],"picked":"Flex","floor":6.0},{"not_picked":["Metallicize","Sword Boomerang","Shrug It Off"],"picked":"Brutality","floor":10.0},{"not_picked":["Heavy Blade","Perfected Strike","Warcry"],"picked":"Sword Boomerang","floor":11.0},{"not_picked":["Heavy Blade","Burning Pact","Clash","Body Slam"],"picked":"SKIP","floor":13.0},{"not_picked":["Bludgeon","Bloodletting","Cleave"],"picked":"Thunderclap","floor":14.0},{"not_picked":["Bludgeon","Berserk","Reaper"],"picked":"Demon Form","floor":16.0},{"not_picked":["Rage","Second Wind+1","Shrug It Off","Wild Strike"],"picked":"SKIP","floor":18.0},{"not_picked":["Perfected Strike","Thunderclap","Body Slam","Twin Strike"],"picked":"SKIP","floor":21.0},{"not_picked":["Clash+1","Cleave","Battle Trance+1"],"picked":"Shrug It Off+1","floor":22.0},{"not_picked":["Clothesline","Bloodletting+1","Shrug It Off+1"],"picked":"Sword Boomerang+1","floor":24.0},{"not_picked":["True Grit","Warcry","Infernal Blade","Shrug It Off+1"],"picked":"SKIP","floor":31.0},{"not_picked":["Bludgeon","Double Tap","Demon Form"],"picked":"Barricade","floor":33.0},{"not_picked":["Dropkick+1","Shockwave","Battle Trance"],"picked":"Flex+1","floor":35.0},{"not_picked":["Seeing Red+1","Shrug It Off","Inflame"],"picked":"Battle Trance+1","floor":37.0},{"not_picked":["Clothesline+1","Havoc+1","Seeing Red","Blood for Blood+1"],"picked":"SKIP","floor":38.0},{"not_picked":["Cleave+1","Clash","Shrug It Off+1","Limit Break"],"picked":"SKIP","floor":40.0},{"not_picked":["Intimidate","Thunderclap+1","Uppercut+1","Pummel"],"picked":"SKIP","floor":41.0},{"not_picked":["Bloodletting","Sentinel","Shrug It Off"],"picked":"Sword Boomerang+1","floor":45.0},{"not_picked":["Headbutt+1","Dual Wield","Bloodletting"],"picked":"Rupture+1","floor":46.0},{"not_picked":["Perfected Strike","Armaments","Blood for Blood+1","Corruption+1"],"picked":"SKIP","floor":47.0},{"not_picked":["Feel No Pain","True Grit","Heavy Blade","Shockwave+1"],"picked":"SKIP","floor":48.0},{"not_picked":["Rage","Rampage","Spot Weakness","Shrug It Off+1"],"picked":"SKIP","floor":54.0}],"player_experience":856280,"relics_obtained":[{"floor":6.0,"key":"Pantograph"},{"floor":9.0,"key":"Bronze Scales"},{"floor":29.0,"key":"War Paint"},{"floor":40.0,"key":"Art of War"},{"floor":43.0,"key":"Blue Candle"},{"floor":45.0,"key":"Strawberry"},{"floor":54.0,"key":"Bag of Marbles"}],"event_choices":[{"damage_healed":0.0,"max_hp_gain":0.0,"max_hp_loss":0.0,"gold_gain":0.0,"event_name":"Liars Game","player_choice":"Ignored","floor":2.0,"gold_loss":0.0,"damage_taken":0.0},{"damage_healed":0.0,"max_hp_gain":0.0,"max_hp_loss":0.0,"gold_gain":0.0,"event_name":"Scrap Ooze","player_choice":"Success","floor":4.0,"gold_loss":0.0,"damage_taken":7.0,"relics_obtained":["Question Card"]},{"cards_removed":["Strike_R"],"damage_healed":0.0,"max_hp_gain":0.0,"max_hp_loss":0.0,"gold_gain":0.0,"event_name":"The Cleric","player_choice":"Card Removal","floor":8.0,"gold_loss":50.0,"damage_taken":0.0},{"cards_removed":["Strike_R"],"damage_healed":0.0,"max_hp_gain":0.0,"max_hp_loss":0.0,"gold_gain":0.0,"event_name":"Living Wall","player_choice":"Forget","floor":12.0,"gold_loss":0.0,"damage_taken":0.0},{"damage_healed":0.0,"max_hp_gain":0.0,"max_hp_loss":0.0,"gold_gain":0.0,"event_name":"Drug Dealer","player_choice":"Inject Mutagens","floor":19.0,"gold_loss":0.0,"damage_taken":0.0,"relics_obtained":["MutagenicStrength"]},{"damage_healed":0.0,"max_hp_gain":5.0,"max_hp_loss":0.0,"gold_gain":0.0,"event_name":"Forgotten Altar","player_choice":"Shed Blood","floor":28.0,"gold_loss":0.0,"damage_taken":21.0},{"cards_removed":["Defend_R"],"damage_healed":0.0,"max_hp_gain":0.0,"max_hp_loss":0.0,"gold_gain":0.0,"event_name":"Designer","player_choice":"Upgrade and Remove","floor":36.0,"gold_loss":90.0,"damage_taken":0.0,"cards_upgraded":["Barricade"]},{"cards_removed":["Searing Blow"],"damage_healed":18.0,"max_hp_gain":0.0,"max_hp_loss":0.0,"gold_gain":0.0,"event_name":"Bonfire Elementals","player_choice":"Offered Uncommon","floor":39.0,"gold_loss":0.0,"damage_taken":0.0}],"is_beta":false,"boss_relics":[{"not_picked":["Fusion Hammer","Philosopher\u0027s Stone"],"picked":"Tiny House"},{"not_picked":["White Beast Statue","Black Star"],"picked":"Astrolabe"}],"items_purged_floors":[53],"is_endless":false,"potions_floor_spawned":[1,5,6,13,16,18,24,31,33,35,38,40,45],"killed_by":"The Heart","ascension_level":0}