{"gold_per_floor":[215,230,230,249,249,292,292,25,25,25,25,49,49,88,88,209,209,233,199,199,235,259,259,275,275,275,288,302,316,346,390,390,390],"floor_reached":33,"playtime":1512,"items_purged":["Strike_R"],"score":431,"play_id":"0ff33972-2107-4674-8ed0-bd315a87d23c","local_time":"20190216181427","is_ascension_mode":true,"campfire_choices":[{"floor":7,"key":"REST"},{"data":"Rampage","floor":10,"key":"SMITH"},{"floor":15,"key":"REST"},{"floor":25,"key":"REST"},{"floor":32,"key":"REST"}],"neow_cost":"NONE","seed_source_timestamp":174897159609000,"circlet_count":0,"master_deck":["Strike_R","Strike_R","Strike_R","Defend_R+1","Defend_R","Defend_R","Defend_R","Bash+1","Headbutt","Rampage+1","Rage+1","Evolve","Body Slam","Whirlwind","Immolate","Rage","Battle Trance","Dropkick","Pummel+1","Flame Barrier","Writhe","Intimidate+1"],"relics":["Burning Blood","Golden Idol","Bag of Marbles","Toolbox","Bottled Flame","Bronze Scales","Sozu","Vajra","Tiny Chest","Darkstone Periapt"],"potions_floor_usage":[6,16,18,23],"damage_taken":[{"damage":9,"enemies":"Jaw Worm","floor":1,"turns":4},{"damage":1,"enemies":"2 Louse","floor":2,"turns":3},{"damage":6,"enemies":"Small Slimes","floor":4,"turns":4},{"damage":25,"enemies":"Gremlin Nob","floor":6,"turns":5},{"damage":10,"enemies":"2 Fungi Beasts","floor":12,"turns":3},{"damage":17,"enemies":"Lagavulin","floor":14,"turns":5},{"damage":27,"enemies":"Hexaghost","floor":16,"turns":7},{"damage":11,"enemies":"Spheric Guardian","floor":18,"turns":4},{"damage":4,"enemies":"Chosen","floor":21,"turns":3},{"damage":34,"enemies":"Shelled Parasite and Fungi","floor":22,"turns":3},{"damage":0,"enemies":"Slavers","floor":23,"turns":1},{"damage":17,"enemies":"Snake Plant","floor":24,"turns":3},{"damage":3,"enemies":"Snecko","floor":27,"turns":2},{"damage":12,"enemies":"Cultist and Chosen","floor":28,"turns":3},{"damage":9,"enemies":"Shelled Parasite and Fungi","floor":29,"turns":3},{"damage":42,"enemies":"Gremlin Leader","floor":31,"turns":6},{"damage":52,"enemies":"Automaton","floor":33,"turns":6}],"seed_played":"2689769143049031695","potions_obtained":[{"floor":2,"key":"SmokeBomb"},{"floor":4,"key":"Block Potion"},{"floor":14,"key":"AttackPotion"},{"floor":16,"key":"SkillPotion"}],"is_trial":false,"path_per_floor":["M","M","?","M","?","E","R","$","T","R","?","M","?","E","R","B",null,"M","$","$","M","M","E","M","R","T","M","M","M","?","E","R","B"],"character_chosen":"IRONCLAD","items_purchased":["Toolbox","Battle Trance"],"campfire_rested":4,"item_purchase_floors":[8,19],"current_hp_per_floor":[69,74,54,54,47,28,52,52,52,52,36,32,32,21,45,24,66,61,61,61,63,35,41,30,54,54,57,51,48,48,12,36,0],"gold":390,"neow_bonus":"HUNDRED_GOLD","is_prod":false,"is_daily":false,"chose_seed":false,"campfire_upgraded":1,"win_rate":0,"timestamp":1550358867,"path_taken":["M","M","?","M","?","E","R","$","T","R","?","M","?","E","R","BOSS","M","?","$","M","M","E","M","R","T","M","M","M","?","E","R","BOSS"],"build_version":"2019-01-23","purchased_purges":1,"victory":false,"max_hp_per_floor":[80,80,80,80,80,80,80,80,80,80,80,80,80,80,80,80,80,80,80,80,80,80,80,80,80,80,80,80,80,80,80,80,80],"card_choices":[{"not_picked":["Iron Wave","Pommel Strike"],"picked":"Headbutt","floor":1},{"not_picked":["Headbutt","Pommel Strike"],"picked":"Rampage","floor":2},{"not_picked":["True Grit","Clash"],"picked":"Rage","floor":4},{"not_picked":["Warcry","Havoc"],"picked":"Evolve","floor":6},{"not_picked":["Exhume","Havoc"],"picked":"Body Slam","floor":12},{"not_picked":["Headbutt","Corruption"],"picked":"Whirlwind","floor":14},{"not_picked":["Fiend Fire","Berserk"],"picked":"Immolate","floor":16},{"not_picked":["Twin Strike","Sword Boomerang"],"picked":"Rage","floor":18},{"not_picked":["Warcry","Battle Trance","Sever Soul"],"picked":"SKIP","floor":21},{"not_picked":["Thunderclap","Anger"],"picked":"Dropkick","floor":22},{"not_picked":["Sword Boomerang","Burning Pact+1","Hemokinesis"],"picked":"SKIP","floor":24},{"not_picked":["True Grit","Hemokinesis"],"picked":"Pummel+1","floor":27},{"not_picked":["Pummel+1","Perfected Strike+1"],"picked":"Flame Barrier","floor":28},{"not_picked":["True Grit","Anger","Wild Strike"],"picked":"SKIP","floor":29},{"not_picked":["Perfected Strike+1","Whirlwind"],"picked":"Intimidate+1","floor":31}],"player_experience":502626,"relics_obtained":[{"floor":6,"key":"Bag of Marbles"},{"floor":9,"key":"Bottled Flame"},{"floor":14,"key":"Bronze Scales"},{"floor":26,"key":"Vajra"},{"floor":31,"key":"Darkstone Periapt"}],"event_choices":[{"damage_healed":0,"gold_gain":0,"player_choice":"Take Damage","damage_taken":20,"relics_obtained":["Golden Idol"],"max_hp_gain":0,"max_hp_loss":0,"event_name":"Golden Idol","floor":3,"gold_loss":0},{"cards_removed":["Strike_R"],"damage_healed":0,"gold_gain":0,"player_choice":"Card Removal","damage_taken":7,"max_hp_gain":0,"max_hp_loss":0,"event_name":"Golden Wing","floor":5,"gold_loss":0},{"damage_healed":0,"gold_gain":0,"player_choice":"Entered Light","damage_taken":16,"max_hp_gain":0,"max_hp_loss":0,"event_name":"Shining Light","floor":11,"gold_loss":0,"cards_upgraded":["Bash","Defend_R"]},{"damage_healed":0,"gold_gain":0,"player_choice":"Upgraded","damage_taken":0,"max_hp_gain":0,"max_hp_loss":0,"event_name":"Upgrade Shrine","floor":13,"gold_loss":0,"cards_upgraded":["Rage"]},{"damage_healed":0,"gold_gain":0,"player_choice":"Opened","damage_taken":0,"relics_obtained":["Tiny Chest"],"max_hp_gain":0,"max_hp_loss":0,"event_name":"The Mausoleum","floor":30,"gold_loss":0,"cards_obtained":["Writhe"]}],"is_beta":false,"boss_relics":[{"not_picked":["Coffee Dripper","Tiny House"],"picked":"Sozu"}],"items_purged_floors":[8],"is_endless":false,"potions_floor_spawned":[2,4,14,16,18,21,24,27,31],"killed_by":"Automaton","ascension_level":9}