{"path_per_floor":["M","?","M","M","M","R","E","M","T","R","M","R","?","E","R","B",null,"M","?","?","?","M","R","M","?","T"],"character_chosen":"THE_SILENT","items_purchased":[],"gold_per_floor":[116,116,134,152,177,177,213,238,262,262,286,286,286,321,321,452,452,473,473,388,311,332,332,350,275,298,298],"floor_reached":27,"campfire_rested":0,"playtime":1141,"item_purchase_floors":[],"current_hp_per_floor":[65,48,46,47,31,31,14,14,14,14,10,10,70,55,55,15,56,45,68,68,68,65,65,32,32,32,32],"items_purged":[],"gold":298,"score":335,"play_id":"22611d25-f33c-45f5-ab96-211a12d5ed15","local_time":"20180601012725","is_prod":false,"is_daily":false,"chose_seed":false,"is_ascension_mode":true,"campfire_upgraded":5,"win_rate":0,"timestamp":1527784045,"campfire_choices":[{"data":"Terror","floor":6,"key":"SMITH"},{"data":"Neutralize","floor":10,"key":"SMITH"},{"data":"Survivor","floor":12,"key":"SMITH"},{"data":"Flying Knee","floor":15,"key":"SMITH"},{"data":"A Thousand Cuts","floor":23,"key":"SMITH"}],"path_taken":["M","?","M","M","M","R","E","M","T","R","M","R","?","E","R","BOSS","M","?","?","?","M","R","?","?","T","E"],"build_version":"2018-05-24","seed_source_timestamp":705286907536800,"purchased_purges":0,"victory":false,"master_deck":["Defend_G","Defend_G+1","Defend_G","Defend_G","Strike_G","Strike_G","Strike_G","Strike_G","Strike_G","Survivor+1","Neutralize+1","AscendersBane","Terror+1","Flying Knee+1","Backstab","A Thousand Cuts+1","Dagger Spray+1","J.A.X."],"max_hp_per_floor":[70,70,70,70,70,70,70,70,70,70,70,70,70,70,70,70,70,70,70,70,70,70,70,70,70,70,70],"relics":["Ring of the Snake","Blood Vial","Golden Idol","Omamori","Bag of Marbles","Bronze Scales","Sozu","War Paint","Potion Belt"],"card_choices":[{"not_picked":["Poisoned Stab","Outmaneuver","Flechettes"],"picked":"SKIP","floor":1},{"not_picked":["Acrobatics","Concentrate"],"picked":"Terror","floor":3},{"not_picked":["Quick Slash","Prepared"],"picked":"Flying Knee","floor":4},{"not_picked":["Poisoned Stab","Bane","Grand Finale"],"picked":"SKIP","floor":5},{"not_picked":["Acrobatics","Dodge and Roll","Doppelganger"],"picked":"SKIP","floor":7},{"not_picked":["PiercingWail","Setup","Slice"],"picked":"SKIP","floor":8},{"not_picked":["Bane","Predator","Dodge and Roll"],"picked":"SKIP","floor":11},{"not_picked":["Corpse Explosion","Cloak And Dagger"],"picked":"Backstab","floor":14},{"not_picked":["Storm of Steel","Venomology"],"picked":"A Thousand Cuts","floor":16},{"not_picked":["Well Laid Plans","Dodge and Roll"],"picked":"Dagger Spray+1","floor":18},{"not_picked":["Terror+1","Noxious Fumes","Flying Knee"],"picked":"SKIP","floor":22},{"not_picked":["Cloak And Dagger","Skewer","Poisoned Stab+1"],"picked":"SKIP","floor":24}],"player_experience":723167,"potions_floor_usage":[8,14,16,16],"damage_taken":[{"damage":0,"enemies":"2 Louse","floor":1,"turns":3},{"damage":4,"enemies":"Small Slimes","floor":3,"turns":3},{"damage":1,"enemies":"Cultist","floor":4,"turns":3},{"damage":18,"enemies":"3 Louse","floor":5,"turns":5},{"damage":19,"enemies":"3 Sentries","floor":7,"turns":10},{"damage":2,"enemies":"Looter","floor":8,"turns":4},{"damage":6,"enemies":"Exordium Wildlife","floor":11,"turns":4},{"damage":15,"enemies":"Lagavulin","floor":14,"turns":10},{"damage":57,"enemies":"Slime Boss","floor":16,"turns":15},{"damage":13,"enemies":"Shell Parasite","floor":18,"turns":4},{"damage":5,"enemies":"Chosen","floor":22,"turns":3},{"damage":35,"enemies":"Sentry and Sphere","floor":24,"turns":6},{"damage":0,"enemies":"Book of Stabbing","floor":27,"turns":1}],"relics_obtained":[{"floor":7,"key":"Omamori"},{"floor":9,"key":"Bag of Marbles"},{"floor":14,"key":"Bronze Scales"},{"floor":26,"key":"Potion Belt"}],"event_choices":[{"event_name":"Golden Idol","player_choice":"Take Damage","floor":2,"damage_taken":0},{"event_name":"Wheel of Change","player_choice":"Full Heal","floor":13,"damage_taken":0},{"event_name":"The Library","player_choice":"Heal","floor":19,"damage_taken":0},{"event_name":"Addict","player_choice":"Obtained Relic","floor":20,"damage_taken":0},{"event_name":"Drug Dealer","player_choice":"Got JAXXED","floor":21,"damage_taken":0},{"event_name":"Beggar","player_choice":"Gave Gold","floor":25,"damage_taken":0}],"boss_relics":[{"not_picked":["Lizard Tail","Snecko Eye"],"picked":"Sozu"}],"items_purged_floors":[],"potions_floor_spawned":[3,4,7,8,22,24],"seed_played":"-6876124764322529575","killed_by":"Book of Stabbing","ascension_level":10,"potions_obtained":[{"floor":3,"key":"Ancient Potion"},{"floor":4,"key":"Poison Potion"},{"floor":7,"key":"EssenceOfSteel"},{"floor":8,"key":"Regen Potion"}],"is_trial":false}