{"gold_per_floor":[119,119,136,156,173,204,204,204,204,236,256,290,303,303,303,402,402,419,13,28,28,46,46,57,57,82,82,101,101,136,136,136,238,238,250,250,250],"floor_reached":37,"playtime":2464,"items_purged":["Tactician"],"score":586,"play_id":"ea745884-8062-4d49-8143-c368c7ed7cea","local_time":"20181222200002","is_ascension_mode":true,"campfire_choices":[{"data":"Neutralize","floor":8,"key":"SMITH"},{"data":"Accuracy","floor":15,"key":"SMITH"},{"data":"Burst","floor":23,"key":"SMITH"},{"data":"1","floor":27,"key":"LIFT"},{"floor":32,"key":"REST"}],"neow_cost":"NONE","seed_source_timestamp":178468988985167,"circlet_count":0,"master_deck":["Survivor","Neutralize+1","Deadly Poison","Infinite Blades","Backstab","Terror","Adrenaline","Accuracy+1","Infinite Blades","Slice+1","Tools of the Trade","Backflip","Skewer+1","Glass Knife+1","Dagger Spray+1","Burst+1","Caltrops","Acrobatics","Dodge and Roll","Dash+1","Accuracy","Deflect+1","Adrenaline","Backstab+1","Finisher+1","Outmaneuver","Adrenaline","Burst","Poisoned Stab+1"],"relics":["Ring of the Snake","NeowsBlessing","PreservedInsect","Molten Egg 2","Paper Crane","Kunai","Pandora\u0027s Box","Matryoshka","Girya","Ornamental Fan","Omamori","Boot","Nilry\u0027s Codex","WristBlade"],"potions_floor_usage":[6,6,13,28,28,30],"damage_taken":[{"damage":0,"enemies":"Cultist","floor":1,"turns":1},{"damage":0,"enemies":"Jaw Worm","floor":3,"turns":1},{"damage":0,"enemies":"Small Slimes","floor":4,"turns":1},{"damage":8,"enemies":"Red Slaver","floor":5,"turns":4},{"damage":24,"enemies":"Lagavulin","floor":6,"turns":6},{"damage":21,"enemies":"Gremlin Nob","floor":10,"turns":4},{"damage":0,"enemies":"Exordium Thugs","floor":11,"turns":4},{"damage":7,"enemies":"Lagavulin","floor":12,"turns":5},{"damage":0,"enemies":"2 Fungi Beasts","floor":13,"turns":3},{"damage":12,"enemies":"Hexaghost","floor":16,"turns":7},{"damage":8,"enemies":"Chosen","floor":18,"turns":3},{"damage":8,"enemies":"Shell Parasite","floor":20,"turns":4},{"damage":5,"enemies":"Snake Plant","floor":22,"turns":4},{"damage":9,"enemies":"Sentry and Sphere","floor":24,"turns":4},{"damage":9,"enemies":"Shelled Parasite and Fungi","floor":28,"turns":2},{"damage":0,"enemies":"Book of Stabbing","floor":30,"turns":3},{"damage":15,"enemies":"Champ","floor":33,"turns":8},{"damage":0,"enemies":"3 Shapes","floor":35,"turns":2},{"damage":88,"enemies":"Time Eater","floor":37,"turns":5}],"seed_played":"3342218434453248928","potions_obtained":[{"floor":3,"key":"AttackPotion"},{"floor":5,"key":"AttackPotion"},{"floor":12,"key":"SkillPotion"},{"floor":13,"key":"Swift Potion"},{"floor":22,"key":"Dexterity Potion"},{"floor":24,"key":"Strength Potion"}],"is_trial":false,"path_per_floor":["M","$","M","M","M","E","?","R","T","E","M","E","M","?","R","B",null,"M","$","M","?","M","R","M","?","T","R","M","?","E","?","R","B",null,"M","?","B"],"character_chosen":"THE_SILENT","items_purchased":["Matryoshka","Accuracy"],"campfire_rested":1,"item_purchase_floors":[19,19],"current_hp_per_floor":[63,63,63,63,55,31,31,31,31,10,10,3,3,70,70,58,67,59,59,51,51,46,46,37,37,37,37,28,28,28,12,33,18,57,57,57,0],"gold":250,"neow_bonus":"THREE_ENEMY_KILL","is_prod":false,"is_daily":false,"chose_seed":false,"campfire_upgraded":3,"win_rate":0,"timestamp":1545526802,"path_taken":["M","?","M","M","M","E","?","R","T","E","M","E","?","?","R","BOSS","M","$","M","?","?","R","M","?","T","R","M","?","E","?","R","BOSS","M","?","BOSS"],"build_version":"2018-12-20","purchased_purges":1,"victory":false,"max_hp_per_floor":[70,70,70,70,70,70,70,70,70,70,70,70,70,70,70,70,70,70,70,70,70,70,70,70,70,70,70,70,70,70,70,70,70,70,70,70,70],"card_choices":[{"not_picked":["Slice","Outmaneuver"],"picked":"Deadly Poison","floor":1},{"not_picked":["Endless Agony","Flying Knee"],"picked":"Crippling Poison","floor":3},{"not_picked":["Cloak And Dagger","Deadly Poison"],"picked":"Infinite Blades","floor":4},{"not_picked":["Cloak And Dagger","Sucker Punch"],"picked":"Backstab","floor":5},{"not_picked":["Dagger Throw","Slice"],"picked":"Terror","floor":6},{"not_picked":["Quick Slash+1","Backstab+1"],"picked":"Adrenaline","floor":10},{"not_picked":["Acrobatics","Slice+1"],"picked":"Accuracy","floor":11},{"not_picked":["All Out Attack+1","Skewer+1"],"picked":"Infinite Blades","floor":12},{"not_picked":["Underhanded Strike+1","Prepared"],"picked":"Slice+1","floor":13},{"not_picked":["Night Terror","Malaise"],"picked":"Tools of the Trade","floor":16},{"not_picked":["Blade Dance+1","Deadly Poison"],"picked":"Dash+1","floor":18},{"not_picked":["Setup","Deadly Poison"],"picked":"Deflect+1","floor":20},{"not_picked":["Deflect","Glass Knife+1"],"picked":"Backstab+1","floor":22},{"not_picked":["Dagger Spray+1","Caltrops"],"picked":"Finisher+1","floor":24},{"not_picked":["Poisoned Stab+1","Dodge and Roll"],"picked":"Outmaneuver","floor":28},{"not_picked":["Cloak And Dagger","Acrobatics"],"picked":"Adrenaline","floor":30},{"not_picked":["Glass Knife+1","Corpse Explosion"],"picked":"Burst","floor":33},{"not_picked":["Deadly Poison","Deflect"],"picked":"Poisoned Stab+1","floor":35}],"player_experience":350645,"relics_obtained":[{"floor":6,"key":"PreservedInsect"},{"floor":9,"key":"Molten Egg 2"},{"floor":10,"key":"Paper Crane"},{"floor":12,"key":"Kunai"},{"floor":26,"key":"Ornamental Fan"},{"floor":26,"key":"Omamori"},{"floor":30,"key":"Boot"},{"floor":31,"key":"Nilry\u0027s Codex"}],"event_choices":[{"cards_removed":["Strike_G"],"damage_healed":0,"gold_gain":0,"player_choice":"Card Removal","damage_taken":0,"max_hp_gain":0,"max_hp_loss":0,"event_name":"Wheel of Change","floor":7,"gold_loss":0},{"cards_removed":["Crippling Poison"],"damage_healed":67,"gold_gain":0,"player_choice":"Offered Uncommon","damage_taken":0,"max_hp_gain":0,"max_hp_loss":0,"event_name":"Bonfire Elementals","floor":14,"gold_loss":0},{"damage_healed":0,"gold_gain":0,"player_choice":"Copied","damage_taken":0,"max_hp_gain":0,"max_hp_loss":0,"event_name":"Duplicator","floor":21,"gold_loss":0,"cards_obtained":["Adrenaline"]},{"damage_healed":0,"gold_gain":0,"player_choice":"Opened","damage_taken":0,"relics_obtained":["Girya"],"max_hp_gain":0,"max_hp_loss":0,"event_name":"The Mausoleum","floor":25,"gold_loss":0,"cards_obtained":["Writhe"]},{"cards_removed":["Writhe"],"damage_healed":0,"gold_gain":0,"player_choice":"Elegance","damage_taken":0,"max_hp_gain":0,"max_hp_loss":0,"event_name":"Back to Basics","floor":29,"gold_loss":0},{"damage_healed":0,"gold_gain":0,"player_choice":"Obtained Book","damage_taken":16,"max_hp_gain":0,"max_hp_loss":0,"event_name":"Cursed Tome","floor":31,"gold_loss":0},{"damage_healed":0,"gold_gain":0,"player_choice":"Took Portal","damage_taken":0,"max_hp_gain":0,"max_hp_loss":0,"event_name":"SecretPortal","floor":36,"gold_loss":0}],"is_beta":false,"boss_relics":[{"not_picked":["Calling Bell","Astrolabe"],"picked":"Pandora\u0027s Box"},{"not_picked":["HoveringKite","Sozu"],"picked":"WristBlade"}],"items_purged_floors":[19],"is_endless":false,"potions_floor_spawned":[3,5,12,13,22,24],"killed_by":"Time Eater","ascension_level":7}