{"gold_per_floor":[114,114,62,76,95,95,108,108,155,172,172,172,186,34,34,160,160,178,178,199,5,19,19,19,19,70,70,86,100,3,19,19,140,140,154,6,22,22,35,35,60,60,137,137,262,262,282,307,307,307],"floor_reached":51,"playtime":1959,"items_purged":[],"score":666,"play_id":"3bc01494-9e49-45a7-862c-06da41f76a71","local_time":"20190221010153","is_ascension_mode":false,"campfire_choices":[{"data":"True Grit","floor":8.0,"key":"SMITH"},{"data":"Whirlwind","floor":12.0,"key":"SMITH"},{"data":"Demon Form","floor":15.0,"key":"SMITH"},{"data":"Limit Break","floor":23.0,"key":"SMITH"},{"data":"Dramatic Entrance","floor":25.0,"key":"SMITH"},{"data":"Battle Trance","floor":27.0,"key":"SMITH"},{"data":"Good Instincts","floor":32.0,"key":"SMITH"},{"floor":40.0,"key":"REST"},{"data":"Shrug It Off","floor":42,"key":"SMITH"},{"data":"Heavy Blade","floor":46,"key":"SMITH"},{"floor":49,"key":"REST"}],"neow_cost":"NONE","seed_source_timestamp":533989301096395,"circlet_count":0,"master_deck":["Strike_R","Strike_R","Defend_R","Defend_R","Defend_R","Defend_R","Bash","Dramatic Entrance+1","Whirlwind+1","Demon Form+1","True Grit+1","Inflame","Battle Trance+1","Shrug It Off+1","Impervious+1","Limit Break+1","Shrug It Off+1","Good Instincts+1","Inflame","Heavy Blade+1"],"special_seed":0,"relics":["Burning Blood","Anchor","Golden Idol","Ancient Tea Set","Philosopher\u0027s Stone","War Paint","Brimstone","Pen Nib","Runic Cube","Vajra","Toxic Egg 2","Incense Burner"],"potions_floor_usage":[50,50],"damage_taken":[{"damage":0.0,"enemies":"Small Slimes","floor":1.0,"turns":2.0},{"damage":0.0,"enemies":"Cultist","floor":4.0,"turns":4.0},{"damage":6.0,"enemies":"2 Louse","floor":5.0,"turns":2.0},{"damage":11.0,"enemies":"Exordium Wildlife","floor":7.0,"turns":7.0},{"damage":9.0,"enemies":"3 Louse","floor":10.0,"turns":2.0},{"damage":0.0,"enemies":"Red Slaver","floor":13.0,"turns":2.0},{"damage":30.0,"enemies":"Hexaghost","floor":16.0,"turns":9.0},{"damage":11.0,"enemies":"3 Byrds","floor":18.0,"turns":4.0},{"damage":0.0,"enemies":"Spheric Guardian","floor":20.0,"turns":4.0},{"damage":0.0,"enemies":"Snecko","floor":22.0,"turns":3.0},{"damage":0.0,"enemies":"Snake Plant","floor":28.0,"turns":2.0},{"damage":0.0,"enemies":"3 Cultists","floor":29.0,"turns":3.0},{"damage":21.0,"enemies":"Centurion and Healer","floor":31.0,"turns":4.0},{"damage":2.0,"enemies":"Collector","floor":33.0,"turns":5.0},{"damage":2.0,"enemies":"Orb Walker","floor":35.0,"turns":2.0},{"damage":0.0,"enemies":"3 Darklings","floor":37.0,"turns":1.0},{"damage":59.0,"enemies":"Writhing Mass","floor":39.0,"turns":4.0},{"damage":0.0,"enemies":"Jaw Worm Horde","floor":41.0,"turns":2.0},{"damage":0,"enemies":"Mind Bloom Boss Battle","floor":45,"turns":6},{"damage":27,"enemies":"Sphere and 2 Shapes","floor":47,"turns":3},{"damage":5,"enemies":"Writhing Mass","floor":48,"turns":5},{"damage":8,"enemies":"Donu and Deca","floor":50,"turns":5}],"seed_played":"1722590701501928815","potions_obtained":[{"floor":4.0,"key":"LiquidBronze"},{"floor":5.0,"key":"Energy Potion"},{"floor":10.0,"key":"Fire Potion"},{"floor":16.0,"key":"BloodPotion"},{"floor":20.0,"key":"AttackPotion"},{"floor":22.0,"key":"Swift Potion"},{"floor":31.0,"key":"LiquidBronze"},{"floor":41.0,"key":"Explosive Potion"},{"floor":47,"key":"Strength Potion"}],"is_trial":false,"path_per_floor":["M","?","$","M","M","?","M","R","T","M","?","R","M","$","R","B",null,"M","?","M","$","M","R","?","R","T","R","M","M","$","M","R","B",null,"M","$","M","?","M","R","M","R","T","?","?","R","M","M","R","B",null],"character_chosen":"IRONCLAD","items_purchased":["True Grit","Ancient Tea Set","Brimstone","Good Instincts","Vajra"],"campfire_rested":2,"item_purchase_floors":[3,14,21,30,36],"current_hp_per_floor":[80,80,80,80,80,73,68,68,68,65,45,45,51,51,51,27,80,75,75,80,80,80,80,80,80,80,80,80,80,80,65,65,69,80,80,80,80,80,27,51,57,57,57,57,63,63,42,43,67,73],"gold":307,"neow_bonus":"RANDOM_COLORLESS","is_prod":false,"is_daily":false,"chose_seed":false,"campfire_upgraded":9,"win_rate":0,"timestamp":1550728913,"path_taken":["M","?","?","M","M","?","M","R","T","M","?","R","M","$","R","BOSS","M","?","M","$","M","R","?","R","T","R","M","M","$","M","R","BOSS","M","$","M","?","M","R","M","R","T","?","?","R","M","M","R","BOSS"],"build_version":"2019-01-23","purchased_purges":0,"victory":true,"max_hp_per_floor":[80,80,80,80,80,80,80,80,80,80,80,80,80,80,80,80,80,80,80,80,80,80,80,80,80,80,80,80,80,80,80,80,80,80,80,80,80,80,80,80,80,80,80,80,80,80,80,80,80,80],"card_choices":[{"not_picked":["Iron Wave","Seeing Red"],"picked":"Whirlwind","floor":1.0},{"not_picked":["Warcry","Feel No Pain"],"picked":"Inflame","floor":4.0},{"not_picked":["Hemokinesis","Clothesline","Iron Wave"],"picked":"SKIP","floor":5.0},{"not_picked":["Twin Strike","Headbutt"],"picked":"Battle Trance","floor":7.0},{"not_picked":["Clash","Dual Wield","Havoc"],"picked":"SKIP","floor":10.0},{"not_picked":["Rampage","Rage"],"picked":"Shrug It Off","floor":13.0},{"not_picked":["Juggernaut","Barricade"],"picked":"Impervious","floor":16.0},{"not_picked":["Carnage","Twin Strike","Flame Barrier"],"picked":"SKIP","floor":18.0},{"not_picked":["Heavy Blade","Cleave+1","Armaments+1"],"picked":"SKIP","floor":20.0},{"not_picked":["Headbutt","Whirlwind+1"],"picked":"Limit Break","floor":22.0},{"not_picked":["Thunderclap","Clothesline+1"],"picked":"Shrug It Off","floor":28.0},{"not_picked":["Armaments","Headbutt","Ghostly Armor"],"picked":"SKIP","floor":29.0},{"not_picked":["Twin Strike","Burning Pact","Carnage+1"],"picked":"SKIP","floor":31.0},{"not_picked":["Clash+1","Wild Strike+1","Armaments"],"picked":"SKIP","floor":35.0},{"not_picked":["Second Wind+1","True Grit+1","Clothesline"],"picked":"SKIP","floor":37.0},{"not_picked":["Iron Wave","Twin Strike+1"],"picked":"Inflame","floor":39.0},{"not_picked":["Brutality","Sever Soul+1","Anger"],"picked":"SKIP","floor":41.0},{"not_picked":["Twin Strike","Infernal Blade+1"],"picked":"Heavy Blade","floor":45},{"not_picked":["Clash","Clothesline+1","Body Slam+1"],"picked":"SKIP","floor":47},{"not_picked":["True Grit+1","Cleave+1","Iron Wave+1"],"picked":"SKIP","floor":48}],"player_experience":1073246,"relics_obtained":[{"floor":9.0,"key":"Anchor"},{"floor":26.0,"key":"Pen Nib"},{"floor":43,"key":"Toxic Egg 2"},{"floor":45,"key":"Incense Burner"}],"event_choices":[{"damage_healed":0.0,"max_hp_gain":0.0,"max_hp_loss":0.0,"gold_gain":0.0,"cards_transformed":["Strike_R"],"event_name":"Transmorgrifier","player_choice":"Transformed","floor":2.0,"gold_loss":0.0,"damage_taken":0.0,"cards_obtained":["Demon Form"]},{"cards_removed":["Strike_R"],"damage_healed":0.0,"max_hp_gain":0.0,"max_hp_loss":0.0,"gold_gain":0.0,"event_name":"Golden Wing","player_choice":"Card Removal","floor":6.0,"gold_loss":0.0,"damage_taken":7.0},{"damage_healed":0.0,"max_hp_gain":0.0,"max_hp_loss":0.0,"gold_gain":0.0,"event_name":"Golden Idol","player_choice":"Take Damage","floor":11.0,"gold_loss":0.0,"damage_taken":20.0,"relics_obtained":["Golden Idol"]},{"damage_healed":0.0,"max_hp_gain":0.0,"max_hp_loss":0.0,"gold_gain":0.0,"event_name":"The Mausoleum","player_choice":"Opened","floor":19.0,"gold_loss":0.0,"damage_taken":0.0,"relics_obtained":["War Paint"]},{"damage_healed":0.0,"max_hp_gain":0.0,"max_hp_loss":0.0,"gold_gain":0.0,"event_name":"Wheel of Change","player_choice":"Full Heal","floor":24.0,"gold_loss":0.0,"damage_taken":0.0},{"cards_removed":["Strike_R"],"damage_healed":0.0,"max_hp_gain":0.0,"max_hp_loss":0.0,"gold_gain":0.0,"event_name":"Falling","player_choice":"Removed Attack","floor":38.0,"gold_loss":0.0,"damage_taken":0.0},{"damage_healed":0,"gold_gain":0,"player_choice":"Ignored","damage_taken":0,"max_hp_gain":0,"max_hp_loss":0,"event_name":"Mysterious Sphere","floor":44,"gold_loss":0},{"damage_healed":0,"gold_gain":0,"player_choice":"Fight","damage_taken":0,"max_hp_gain":0,"max_hp_loss":0,"event_name":"MindBloom","floor":45,"gold_loss":0}],"is_beta":false,"boss_relics":[{"not_picked":["Runic Pyramid","Snecko Eye"],"picked":"Philosopher\u0027s Stone"},{"not_picked":["Fusion Hammer","Black Blood"],"picked":"Runic Cube"}],"items_purged_floors":[],"is_endless":false,"potions_floor_spawned":[4,5,10,16,20,22,31,41,47],"ascension_level":0}