{"gold_per_floor":[113,40,40,53,53,53,228,258,258,277,277,303,303,37,37,138,138,149,149,149,67,67,67,77,90,90,142,156,171,171],"floor_reached":30,"playtime":1590,"items_purged":[],"score":378,"play_id":"814877c5-12fc-4f21-ad51-9084dbc8cd25","local_time":"20181213214738","is_ascension_mode":true,"campfire_choices":[{"data":"Slice","floor":6.0,"key":"SMITH"},{"data":"Acrobatics","floor":11.0,"key":"SMITH"},{"data":"Blade Dance","floor":13.0,"key":"SMITH"},{"data":"Neutralize","floor":15.0,"key":"SMITH"},{"floor":23,"key":"REST"}],"neow_cost":"NONE","seed_source_timestamp":0,"circlet_count":0,"master_deck":["Survivor","Neutralize+1","Deflect","Storm of Steel+1","Slice+1","Acrobatics+1","Adrenaline","Blade Dance+1","Prepared","After Image","Flying Knee","Dagger Spray","Prepared","Expertise","Infinite Blades","Deadly Poison","Cloak And Dagger","Expertise","Poisoned Stab","Acrobatics","Blade Dance","Noxious Fumes","Dodge and Roll","Well Laid Plans","Deadly Poison","Finisher"],"special_seed":0,"relics":["Ring of the Snake","NeowsBlessing","Turnip","Strawberry","Regal Pillow","Sundial","Ninja Scroll","Pandora\u0027s Box","Calipers","Boot"],"potions_floor_usage":[30,30],"damage_taken":[{"damage":0.0,"enemies":"Small Slimes","floor":1.0,"turns":1.0},{"damage":0.0,"enemies":"Jaw Worm","floor":4.0,"turns":1.0},{"damage":0.0,"enemies":"Lagavulin","floor":8.0,"turns":1.0},{"damage":0.0,"enemies":"Cultist","floor":10.0,"turns":3.0},{"damage":8.0,"enemies":"Gremlin Nob","floor":12.0,"turns":3.0},{"damage":59.0,"enemies":"Slime Boss","floor":16.0,"turns":14.0},{"damage":23.0,"enemies":"2 Thieves","floor":18.0,"turns":3.0},{"damage":29,"enemies":"Colosseum Slavers","floor":20,"turns":4},{"damage":0,"enemies":"Shell Parasite","floor":24,"turns":5},{"damage":0,"enemies":"Centurion and Healer","floor":25,"turns":7},{"damage":11,"enemies":"Snecko","floor":28,"turns":4},{"damage":12,"enemies":"Chosen and Byrds","floor":29,"turns":4},{"damage":27,"enemies":"Snake Plant","floor":30,"turns":2}],"seed_played":"-3768618420244458582","potions_obtained":[{"floor":8.0,"key":"Regen Potion"},{"floor":10.0,"key":"SteroidPotion"},{"floor":12.0,"key":"PowerPotion"},{"floor":24,"key":"PowerPotion"},{"floor":25,"key":"AttackPotion"},{"floor":29,"key":"GamblersBrew"}],"is_trial":false,"path_per_floor":["M","$","?","M","T","R","?","E","T","M","R","E","R","$","R","B",null,"M","?","?","$","?","R","M","M","T","T","M","M","M"],"character_chosen":"THE_SILENT","items_purchased":["Storm of Steel","Ninja Scroll","Prepared","Noxious Fumes"],"campfire_rested":1,"item_purchase_floors":[2,14,14,21],"current_hp_per_floor":[63,63,63,63,63,63,63,70,70,70,70,62,62,62,62,18,62,39,39,10,10,10,48,48,48,48,48,37,25,0],"gold":171,"neow_bonus":"THREE_ENEMY_KILL","is_prod":false,"is_daily":false,"chose_seed":false,"campfire_upgraded":4,"win_rate":0,"timestamp":1544755658,"path_taken":["M","$","?","M","?","R","?","E","T","M","R","E","R","?","R","BOSS","M","?","?","$","?","R","?","M","T","?","M","M","M"],"build_version":"2018-12-13","purchased_purges":0,"victory":false,"max_hp_per_floor":[70,70,70,70,70,70,70,77,77,77,77,77,77,77,77,77,77,77,77,77,77,77,77,77,77,77,77,77,77,77],"card_choices":[{"not_picked":["Underhanded Strike","Dagger Throw"],"picked":"Deflect","floor":1.0},{"not_picked":["Poisoned Stab","Setup"],"picked":"Slice","floor":4.0},{"not_picked":["Dagger Spray","Blur"],"picked":"Acrobatics","floor":8.0},{"not_picked":["Dagger Throw","Deadly Poison"],"picked":"Adrenaline","floor":10.0},{"not_picked":["Poisoned Stab","Deflect"],"picked":"Blade Dance","floor":12.0},{"not_picked":["Night Terror","Adrenaline"],"picked":"After Image","floor":16.0},{"not_picked":["Quick Slash+1","Sucker Punch"],"picked":"Blade Dance","floor":18.0},{"not_picked":["Acrobatics","Bane"],"picked":"Dodge and Roll","floor":24},{"not_picked":["Sucker Punch","Distraction"],"picked":"Well Laid Plans","floor":25},{"not_picked":["Deflect","Dodge and Roll"],"picked":"Deadly Poison","floor":28},{"not_picked":["Flechettes+1","Caltrops"],"picked":"Finisher","floor":29}],"player_experience":869775,"relics_obtained":[{"floor":5.0,"key":"Turnip"},{"floor":8.0,"key":"Strawberry"},{"floor":9.0,"key":"Regal Pillow"},{"floor":12.0,"key":"Sundial"},{"floor":26,"key":"Calipers"},{"floor":27,"key":"Boot"}],"event_choices":[{"damage_healed":0.0,"max_hp_gain":0.0,"max_hp_loss":0.0,"gold_gain":0.0,"event_name":"Living Wall","player_choice":"Grow","floor":3.0,"gold_loss":0.0,"damage_taken":0.0,"cards_upgraded":["Storm of Steel"]},{"damage_healed":0.0,"max_hp_gain":0.0,"max_hp_loss":0.0,"gold_gain":175.0,"event_name":"Liars Game","player_choice":"AGREE","floor":7.0,"gold_loss":0.0,"damage_taken":0.0,"cards_obtained":["Doubt"]},{"damage_healed":0.0,"max_hp_gain":0.0,"max_hp_loss":0.0,"gold_gain":0.0,"event_name":"Vampires","player_choice":"Ignored","floor":19.0,"gold_loss":0.0,"damage_taken":0.0},{"damage_healed":0,"gold_gain":0,"player_choice":"Fight","damage_taken":0,"max_hp_gain":0,"max_hp_loss":0,"event_name":"Colosseum","floor":20,"gold_loss":0},{"damage_healed":0,"gold_gain":0,"player_choice":"Fled From Nobs","damage_taken":0,"max_hp_gain":0,"max_hp_loss":0,"event_name":"Colosseum","floor":20,"gold_loss":0},{"cards_removed":["Doubt"],"damage_healed":0,"gold_gain":0,"player_choice":"Elegance","damage_taken":0,"max_hp_gain":0,"max_hp_loss":0,"event_name":"Back to Basics","floor":22,"gold_loss":0}],"is_beta":false,"boss_relics":[{"not_picked":["HoveringKite","Calling Bell"],"picked":"Pandora\u0027s Box"}],"items_purged_floors":[],"is_endless":false,"potions_floor_spawned":[8,10,12,24,25,29],"killed_by":"Snake Plant","ascension_level":9}