{"gold_per_floor":[117,132,97,114,114,140,158,185,185,185,197,197,225,244,244,321,321,336,349,184,203,303,329,329,344,344,377,377,388,413,423,423,500,500,510,523,539,556,656,656,667,667,667,722,79,79,79,93,93,93],"floor_reached":51,"playtime":3445,"items_purged":[],"score":1481,"play_id":"568c9f3b-3f44-43e9-8c01-63a05ca2c078","local_time":"20190116114432","is_ascension_mode":true,"campfire_choices":[{"floor":12.0,"key":"REST"},{"floor":15.0,"key":"REST"},{"floor":24.0,"key":"REST"},{"floor":32.0,"key":"REST"},{"floor":40.0,"key":"REST"},{"floor":42.0,"key":"REST"},{"floor":46.0,"key":"REST"},{"floor":49,"key":"REST"}],"neow_cost":"NONE","seed_source_timestamp":164688156180065,"circlet_count":0,"master_deck":["AscendersBane","Defend_G","Defend_G","Defend_G","Defend_G","Defend_G","Strike_G","Strike_G","Strike_G","Strike_G","Strike_G","Survivor","Neutralize","Terror","Sucker Punch","Quick Slash","Dagger Throw","Blur","Adrenaline","Crippling Poison","Dash","Quick Slash","Adrenaline","Corpse Explosion","Leg Sweep","Backflip+1","Cloak And Dagger+1"],"special_seed":0,"relics":["Fusion Hammer","Dodecahedron","Dream Catcher","Lantern","Singing Bowl","Busted Crown","Snake Skull","Pocketwatch","Ornamental Fan","Peace Pipe","Smiling Mask","Pen Nib","Bronze Scales","Orrery","Turnip","Orichalcum","Prayer Wheel","Lee\u0027s Waffle","Vajra","Anchor"],"potions_floor_usage":[48],"damage_taken":[{"damage":0.0,"enemies":"Small Slimes","floor":1.0,"turns":5.0},{"damage":6.0,"enemies":"2 Louse","floor":2.0,"turns":3.0},{"damage":0.0,"enemies":"Cultist","floor":4.0,"turns":4.0},{"damage":5.0,"enemies":"Lagavulin","floor":6.0,"turns":5.0},{"damage":2.0,"enemies":"Exordium Wildlife","floor":7.0,"turns":5.0},{"damage":14.0,"enemies":"Gremlin Nob","floor":8.0,"turns":4.0},{"damage":0.0,"enemies":"Blue Slaver","floor":11.0,"turns":2.0},{"damage":0.0,"enemies":"Lagavulin","floor":13.0,"turns":5.0},{"damage":0.0,"enemies":"Lots of Slimes","floor":14.0,"turns":3.0},{"damage":23.0,"enemies":"Hexaghost","floor":16.0,"turns":10.0},{"damage":0.0,"enemies":"3 Byrds","floor":18.0,"turns":3.0},{"damage":4.0,"enemies":"Shell Parasite","floor":19.0,"turns":6.0},{"damage":14.0,"enemies":"Snake Plant","floor":21.0,"turns":4.0},{"damage":3.0,"enemies":"Colosseum Slavers","floor":22.0,"turns":2.0},{"damage":18.0,"enemies":"Colosseum Nobs","floor":22.0,"turns":3.0},{"damage":0.0,"enemies":"Book of Stabbing","floor":23.0,"turns":6.0},{"damage":0.0,"enemies":"Centurion and Healer","floor":25.0,"turns":4.0},{"damage":0.0,"enemies":"Gremlin Leader","floor":27.0,"turns":6.0},{"damage":0.0,"enemies":"Cultist and Chosen","floor":29.0,"turns":4.0},{"damage":35.0,"enemies":"Slavers","floor":30.0,"turns":4.0},{"damage":0.0,"enemies":"Snake Plant","floor":31.0,"turns":4.0},{"damage":57.0,"enemies":"Automaton","floor":33.0,"turns":12.0},{"damage":0.0,"enemies":"Orb Walker","floor":35.0,"turns":3.0},{"damage":0.0,"enemies":"3 Shapes","floor":36.0,"turns":4.0},{"damage":48.0,"enemies":"Transient","floor":37.0,"turns":5.0},{"damage":4.0,"enemies":"Sphere and 2 Shapes","floor":38.0,"turns":5.0},{"damage":0.0,"enemies":"Mind Bloom Boss Battle","floor":39.0,"turns":7.0},{"damage":13.0,"enemies":"Writhing Mass","floor":41.0,"turns":8.0},{"damage":37.0,"enemies":"2 Orb Walkers","floor":44.0,"turns":4.0},{"damage":0,"enemies":"Jaw Worm Horde","floor":48,"turns":3},{"damage":64,"enemies":"Donu and Deca","floor":50,"turns":8}],"seed_played":"3035570736421467823","potions_obtained":[{"floor":1.0,"key":"Poison Potion"},{"floor":6.0,"key":"SkillPotion"},{"floor":11.0,"key":"SteroidPotion"},{"floor":14.0,"key":"GhostInAJar"},{"floor":21.0,"key":"Explosive Potion"},{"floor":22.0,"key":"Weak Potion"},{"floor":23.0,"key":"Energy Potion"},{"floor":25.0,"key":"Poison Potion"},{"floor":30.0,"key":"Strength Potion"},{"floor":35.0,"key":"GamblersBrew"},{"floor":37.0,"key":"SkillPotion"},{"floor":39.0,"key":"Energy Potion"},{"floor":44.0,"key":"PowerPotion"}],"is_trial":false,"path_per_floor":["M","M","?","M","$","E","M","E","T","?","M","R","E","M","R","B",null,"M","M","$","M","?","E","R","M","T","E","?","M","E","M","R","B",null,"M","M","M","M","?","R","M","R","T","?","$","R","?","M","R","B",null],"character_chosen":"THE_SILENT","items_purchased":["Snake Skull","Lee\u0027s Waffle","Vajra","Anchor","GhostInAJar"],"campfire_rested":8,"item_purchase_floors":[20,45,45,45,45],"current_hp_per_floor":[59,53,66,66,66,61,59,45,45,45,45,64,66,68,70,47,64,66,64,64,52,33,35,61,63,63,65,65,67,34,36,65,10,83,85,85,39,37,39,74,63,99,99,64,127,129,129,131,133,69],"gold":93,"neow_bonus":"BOSS_RELIC","is_prod":false,"is_daily":false,"chose_seed":false,"campfire_upgraded":0,"win_rate":0,"timestamp":1547631872,"path_taken":["M","M","?","M","$","E","M","E","T","?","M","R","E","M","R","BOSS","M","?","$","M","?","E","R","M","T","E","?","M","E","M","R","BOSS","M","M","M","?","?","R","M","R","T","?","$","R","?","M","R","BOSS"],"build_version":"2019-01-10","purchased_purges":0,"victory":true,"max_hp_per_floor":[66,66,66,66,66,66,66,66,66,66,66,66,68,70,70,70,70,72,74,74,76,78,80,82,84,84,86,86,88,90,92,94,96,104,106,106,108,110,112,114,116,118,118,120,127,129,129,131,133,133],"card_choices":[{"not_picked":["Calculated Gamble","Outmaneuver"],"picked":"Terror","floor":1.0},{"not_picked":["Finisher","Calculated Gamble"],"picked":"Sucker Punch","floor":2.0},{"not_picked":["Acrobatics","Cloak And Dagger"],"picked":"Dash","floor":4.0},{"not_picked":["Blade Dance","Deflect"],"picked":"Quick Slash","floor":6.0},{"not_picked":["Setup","Well Laid Plans"],"picked":"Dagger Throw","floor":7.0},{"not_picked":["Acrobatics","Accuracy"],"picked":"Blur","floor":8.0},{"not_picked":["Finisher","Eviscerate"],"picked":"Dash","floor":11.0},{"not_picked":["PiercingWail","Outmaneuver"],"picked":"Quick Slash","floor":12.0},{"not_picked":["Underhanded Strike","Endless Agony","Dagger Spray"],"picked":"Singing Bowl","floor":13.0},{"not_picked":["Eviscerate","Outmaneuver","Finisher"],"picked":"Singing Bowl","floor":14.0},{"not_picked":["Dagger Spray","Underhanded Strike"],"picked":"Adrenaline","floor":15.0},{"not_picked":["Glass Knife","Unload"],"picked":"Corpse Explosion","floor":16.0},{"not_picked":["PiercingWail"],"picked":"Singing Bowl","floor":18.0},{"not_picked":["Poisoned Stab+1"],"picked":"Singing Bowl","floor":19.0},{"not_picked":["Bouncing Flask"],"picked":"Singing Bowl","floor":21.0},{"not_picked":["Backstab"],"picked":"Singing Bowl","floor":22.0},{"not_picked":["Masterful Stab"],"picked":"Singing Bowl","floor":23.0},{"not_picked":["Choke"],"picked":"Singing Bowl","floor":24.0},{"not_picked":["Prepared"],"picked":"Singing Bowl","floor":25.0},{"not_picked":["Cloak And Dagger"],"picked":"Singing Bowl","floor":27.0},{"not_picked":["Poisoned Stab"],"picked":"Singing Bowl","floor":29.0},{"not_picked":["Heel Hook"],"picked":"Singing Bowl","floor":30.0},{"not_picked":["Riddle With Holes"],"picked":"Singing Bowl","floor":31.0},{"not_picked":["Cloak And Dagger"],"picked":"Singing Bowl","floor":32.0},{"not_picked":["Doppelganger"],"picked":"Singing Bowl","floor":33.0},{"not_picked":["Underhanded Strike"],"picked":"Singing Bowl","floor":34.0},{"not_picked":["Dagger Throw"],"picked":"Singing Bowl","floor":34.0},{"not_picked":["Blade Dance+1"],"picked":"Singing Bowl","floor":34.0},{"not_picked":[],"picked":"Leg Sweep","floor":34.0},{"not_picked":["Deflect"],"picked":"Singing Bowl","floor":34.0},{"not_picked":["Riddle With Holes"],"picked":"Singing Bowl","floor":35.0},{"not_picked":[],"picked":"Backflip+1","floor":36.0},{"not_picked":["Endless Agony"],"picked":"Singing Bowl","floor":37.0},{"not_picked":["Sucker Punch"],"picked":"Singing Bowl","floor":38.0},{"not_picked":["Outmaneuver+1"],"picked":"Singing Bowl","floor":39.0},{"not_picked":["Bane"],"picked":"Singing Bowl","floor":40.0},{"not_picked":["Wraith Form v2"],"picked":"Singing Bowl","floor":41.0},{"not_picked":["Dagger Spray"],"picked":"Singing Bowl","floor":42.0},{"not_picked":["Outmaneuver"],"picked":"Singing Bowl","floor":44.0},{"not_picked":["Expertise"],"picked":"Singing Bowl","floor":46.0},{"not_picked":["Poisoned Stab"],"picked":"Singing Bowl","floor":48},{"not_picked":[],"picked":"Cloak And Dagger+1","floor":48},{"not_picked":["PiercingWail"],"picked":"Singing Bowl","floor":49}],"player_experience":299647,"relics_obtained":[{"floor":6.0,"key":"Dodecahedron"},{"floor":8.0,"key":"Dream Catcher"},{"floor":9.0,"key":"Lantern"},{"floor":13.0,"key":"Singing Bowl"},{"floor":22.0,"key":"Pocketwatch"},{"floor":22.0,"key":"Ornamental Fan"},{"floor":23.0,"key":"Peace Pipe"},{"floor":26.0,"key":"Smiling Mask"},{"floor":27.0,"key":"Pen Nib"},{"floor":30.0,"key":"Bronze Scales"},{"floor":39.0,"key":"Turnip"},{"floor":43.0,"key":"Orichalcum"},{"floor":44.0,"key":"Prayer Wheel"}],"event_choices":[{"damage_healed":16.0,"max_hp_gain":0.0,"max_hp_loss":0.0,"gold_gain":0.0,"event_name":"The Cleric","player_choice":"Healed","floor":3.0,"gold_loss":35.0,"damage_taken":0.0},{"damage_healed":0.0,"max_hp_gain":0.0,"max_hp_loss":0.0,"gold_gain":0.0,"event_name":"Match and Keep!","player_choice":"2 cards matched","floor":10.0,"gold_loss":0.0,"damage_taken":0.0,"cards_obtained":["Adrenaline","Crippling Poison"]},{"damage_healed":0.0,"max_hp_gain":0.0,"max_hp_loss":0.0,"gold_gain":0.0,"event_name":"Colosseum","player_choice":"Fight","floor":22.0,"gold_loss":0.0,"damage_taken":0.0},{"damage_healed":0.0,"max_hp_gain":0.0,"max_hp_loss":0.0,"gold_gain":0.0,"event_name":"Colosseum","player_choice":"Fought Nobs","floor":22.0,"gold_loss":0.0,"damage_taken":0.0},{"damage_healed":0.0,"max_hp_gain":0.0,"max_hp_loss":0.0,"gold_gain":0.0,"event_name":"N\u0027loth","player_choice":"Ignored","floor":28.0,"gold_loss":0.0,"damage_taken":0.0},{"damage_healed":0.0,"max_hp_gain":0.0,"max_hp_loss":0.0,"gold_gain":0.0,"event_name":"MindBloom","player_choice":"Fight","floor":39.0,"gold_loss":0.0,"damage_taken":0.0},{"damage_healed":0.0,"max_hp_gain":0.0,"max_hp_loss":0.0,"gold_gain":0.0,"event_name":"Mysterious Sphere","player_choice":"Fight","floor":44.0,"gold_loss":0.0,"damage_taken":0.0},{"cards_removed":["Dash"],"damage_healed":0,"gold_gain":0,"player_choice":"Removed Attack","damage_taken":0,"max_hp_gain":0,"max_hp_loss":0,"event_name":"Falling","floor":47,"gold_loss":0}],"is_beta":false,"boss_relics":[{"not_picked":["Coffee Dripper","Ectoplasm"],"picked":"Busted Crown"},{"not_picked":["Runic Pyramid","Pandora\u0027s Box"],"picked":"Orrery"}],"items_purged_floors":[],"is_endless":false,"potions_floor_spawned":[1,6,11,14,21,22,23,25,30,35,37,39,44],"ascension_level":16}