{"gold_per_floor":[109,122,44,61,78,78,96,96,96,96,111,123,46,46,46,148,148,164,164,41,60,76,76,24,24,79,79,113,127,127],"floor_reached":30,"playtime":1726,"items_purged":["Heavy Blade"],"score":222,"play_id":"4b514bbc-fdde-4060-9786-211aa4e822f5","local_time":"20190111215901","is_ascension_mode":false,"campfire_choices":[{"data":"True Grit","floor":6,"key":"SMITH"},{"data":"Pummel","floor":8,"key":"SMITH"},{"data":"Flame Barrier","floor":10,"key":"SMITH"},{"data":"Flame Barrier","floor":15,"key":"SMITH"},{"data":"Armaments","floor":23,"key":"SMITH"},{"data":"Barricade","floor":27,"key":"SMITH"}],"neow_cost":"PERCENT_DAMAGE","seed_source_timestamp":231803579448573,"circlet_count":0,"master_deck":["Strike_R","Strike_R","Strike_R","Strike_R","Strike_R","Defend_R","Defend_R","Defend_R","Defend_R","Bash","Pummel+1","Cleave","Dual Wield","True Grit+1","Flame Barrier+1","Juggernaut+1","Flame Barrier+1","Barricade+1","Armaments+1","Battle Trance","Iron Wave","Offering"],"relics":["Burning Blood","Mango","Pantograph","White Beast Statue","Happy Flower","Red Mask"],"potions_floor_usage":[28,28,29,30],"damage_taken":[{"damage":5,"enemies":"Cultist","floor":1,"turns":4},{"damage":2,"enemies":"Small Slimes","floor":2,"turns":4},{"damage":1,"enemies":"Jaw Worm","floor":4,"turns":3},{"damage":23,"enemies":"Large Slime","floor":5,"turns":6},{"damage":12,"enemies":"2 Fungi Beasts","floor":7,"turns":5},{"damage":5,"enemies":"Lots of Slimes","floor":11,"turns":3},{"damage":2,"enemies":"Blue Slaver","floor":12,"turns":5},{"damage":58,"enemies":"Slime Boss","floor":16,"turns":13},{"damage":5,"enemies":"3 Byrds","floor":18,"turns":5},{"damage":21,"enemies":"Spheric Guardian","floor":21,"turns":6},{"damage":32,"enemies":"Chosen and Byrds","floor":22,"turns":8},{"damage":34,"enemies":"Masked Bandits","floor":28,"turns":5},{"damage":6,"enemies":"Centurion and Healer","floor":29,"turns":16},{"damage":49,"enemies":"Cultist and Chosen","floor":30,"turns":6}],"seed_played":"-6062266332423333175","potions_obtained":[{"floor":4,"key":"Explosive Potion"},{"floor":5,"key":"Weak Potion"},{"floor":7,"key":"Strength Potion"},{"floor":18,"key":"PowerPotion"},{"floor":19,"key":"Dexterity Potion"},{"floor":21,"key":"EssenceOfSteel"},{"floor":22,"key":"EssenceOfSteel"},{"floor":28,"key":"Poison Potion"},{"floor":29,"key":"Energy Potion"}],"is_trial":false,"path_per_floor":["M","M","$","M","M","R","M","R","T","R","M","M","$","?","R","B",null,"M","?","$","M","M","R","$","$","T","R","?","M","M"],"character_chosen":"IRONCLAD","items_purchased":["Dual Wield","True Grit","Flame Barrier","Armaments","Iron Wave"],"campfire_rested":0,"item_purchase_floors":[3,3,13,20,24],"current_hp_per_floor":[71,75,75,80,63,63,57,57,57,57,58,62,62,62,62,35,94,94,94,94,79,53,53,53,53,53,53,25,25,0],"gold":127,"neow_bonus":"ONE_RARE_RELIC","is_prod":false,"is_daily":false,"chose_seed":false,"campfire_upgraded":6,"win_rate":0,"timestamp":1547261941,"path_taken":["M","M","?","M","?","R","?","R","T","R","?","M","$","?","R","BOSS","M","?","$","?","M","R","?","$","T","R","?","M","M"],"build_version":"2019-01-10","purchased_purges":1,"victory":false,"max_hp_per_floor":[94,94,94,94,94,94,94,94,94,94,94,94,94,94,94,94,94,94,94,94,94,94,94,94,94,94,94,94,94,94],"card_choices":[{"not_picked":["Clothesline","Twin Strike"],"picked":"Pummel","floor":1},{"not_picked":["Sentinel","Rupture"],"picked":"Cleave","floor":2},{"not_picked":["Armaments","Warcry","Cleave"],"picked":"SKIP","floor":4},{"not_picked":["Ghostly Armor","Clothesline"],"picked":"Flame Barrier","floor":5},{"not_picked":["Sword Boomerang","Rage"],"picked":"Heavy Blade","floor":7},{"not_picked":["Anger","Thunderclap","Pommel Strike"],"picked":"SKIP","floor":11},{"not_picked":["Wild Strike","Body Slam"],"picked":"Juggernaut","floor":12},{"not_picked":["Brutality","Reaper"],"picked":"Barricade","floor":16},{"not_picked":["Pommel Strike","Clash","Infernal Blade+1"],"picked":"SKIP","floor":18},{"not_picked":["Sever Soul","Clothesline"],"picked":"Battle Trance","floor":21},{"not_picked":["Cleave","Rage","Clash"],"picked":"SKIP","floor":22},{"not_picked":["Heavy Blade","Perfected Strike"],"picked":"Offering","floor":28},{"not_picked":["Sever Soul","Rampage","Clash"],"picked":"SKIP","floor":29}],"player_experience":920483,"relics_obtained":[{"floor":9,"key":"Pantograph"},{"floor":26,"key":"Happy Flower"},{"floor":28,"key":"Red Mask"}],"event_choices":[{"damage_healed":0,"gold_gain":0,"player_choice":"Grow","damage_taken":0,"max_hp_gain":0,"max_hp_loss":0,"event_name":"Living Wall","floor":14,"gold_loss":0,"cards_upgraded":["Juggernaut"]},{"damage_healed":0,"gold_gain":0,"player_choice":"Got Potions","damage_taken":0,"max_hp_gain":0,"max_hp_loss":0,"event_name":"Lab","floor":19,"gold_loss":0},{"damage_healed":0,"gold_gain":0,"player_choice":"Fought Bandits","damage_taken":0,"max_hp_gain":0,"max_hp_loss":0,"event_name":"Masked Bandits","floor":28,"gold_loss":0}],"is_beta":false,"boss_relics":[{"not_picked":["Busted Crown","Fusion Hammer"],"picked":"White Beast Statue"}],"items_purged_floors":[20],"is_endless":false,"potions_floor_spawned":[4,5,7,11,12,18,21,22,28,29],"killed_by":"Cultist and Chosen","ascension_level":0}