{"path_per_floor":["M","?","M","?","?","E","M","$","T","M","M","E","M","M","R","B",null,"M","$","M","M","$"],"character_chosen":"THE_SILENT","items_purchased":["Bag of Marbles","Paper Crane","War Paint"],"gold_per_floor":[117,117,133,208,208,242,261,109,184,194,207,241,259,275,275,378,378,395,145,160,177,25,25],"floor_reached":23,"campfire_rested":1,"playtime":1218,"item_purchase_floors":[8,19,22],"current_hp_per_floor":[70,58,58,47,47,47,47,47,47,42,34,24,14,6,27,23,70,68,68,48,29,29,0],"items_purged":[],"gold":25,"score":230,"play_id":"b8704b8e-2140-4d6a-a1c9-222ab7c2f2a5","local_time":"20180609154720","is_prod":false,"is_daily":false,"chose_seed":false,"is_ascension_mode":false,"campfire_upgraded":0,"win_rate":0,"timestamp":1528573640,"campfire_choices":[{"floor":15,"key":"REST"}],"path_taken":["M","?","M","?","?","E","M","$","T","M","M","E","?","?","R","BOSS","M","$","M","M","$","E"],"build_version":"2018-06-07v3","seed_source_timestamp":14586257313458,"purchased_purges":0,"victory":false,"master_deck":["Defend_G","Defend_G","Defend_G","Defend_G+1","Defend_G","Strike_G","Strike_G","Strike_G","Strike_G","Strike_G","Survivor","Neutralize","Flying Knee","Riddle With Holes","Regret","Calculated Gamble","Prepared+1","Dagger Throw","Dash","Tactician","Backstab","Poisoned Stab","After Image","Deadly Poison","Choke+1","Deadly Poison"],"max_hp_per_floor":[70,70,70,70,70,70,70,70,70,70,70,70,70,70,70,70,70,70,70,70,70,70,70],"relics":["Ring of the Snake","NeowsBlessing","Bronze Scales","Du-Vu Doll","Calipers","Bag of Marbles","Blue Candle","Pantograph","Runic Dome","Paper Crane","War Paint"],"card_choices":[{"not_picked":["Leg Sweep","Deadly Poison"],"picked":"Flying Knee","floor":1},{"not_picked":["PiercingWail","Deadly Poison"],"picked":"Riddle With Holes","floor":3},{"not_picked":["Acrobatics","Slice"],"picked":"Calculated Gamble","floor":6},{"not_picked":["Outmaneuver","Masterful Stab"],"picked":"Prepared","floor":7},{"not_picked":["Finisher","Blade Dance"],"picked":"Dagger Throw","floor":10},{"not_picked":["Flying Knee","Masterful Stab"],"picked":"Dash","floor":11},{"not_picked":["Backflip","Bane"],"picked":"Tactician","floor":12},{"not_picked":["Eviscerate","Catalyst"],"picked":"Backstab","floor":13},{"not_picked":["Acrobatics","Footwork"],"picked":"Poisoned Stab","floor":14},{"not_picked":["Tools of the Trade","Die Die Die"],"picked":"After Image","floor":16},{"not_picked":["Backflip","Sucker Punch+1"],"picked":"Deadly Poison","floor":18},{"not_picked":["Dagger Spray","Blur"],"picked":"Choke+1","floor":20},{"not_picked":["Footwork","Deflect"],"picked":"Deadly Poison","floor":21}],"player_experience":122208,"potions_floor_usage":[12,12,16,16],"damage_taken":[{"damage":0,"enemies":"2 Louse","floor":1,"turns":1},{"damage":0,"enemies":"Small Slimes","floor":3,"turns":1},{"damage":0,"enemies":"3 Sentries","floor":6,"turns":1},{"damage":0,"enemies":"Jaw Worm","floor":7,"turns":2},{"damage":5,"enemies":"2 Fungi Beasts","floor":10,"turns":3},{"damage":8,"enemies":"Exordium Wildlife","floor":11,"turns":3},{"damage":10,"enemies":"Gremlin Nob","floor":12,"turns":5},{"damage":10,"enemies":"Looter","floor":13,"turns":2},{"damage":8,"enemies":"2 Fungi Beasts","floor":14,"turns":2},{"damage":29,"enemies":"The Guardian","floor":16,"turns":9},{"damage":2,"enemies":"Shell Parasite","floor":18,"turns":2},{"damage":20,"enemies":"Spheric Guardian","floor":20,"turns":4},{"damage":19,"enemies":"Snake Plant","floor":21,"turns":3},{"damage":32,"enemies":"Gremlin Leader","floor":23,"turns":4}],"relics_obtained":[{"floor":6,"key":"Calipers"},{"floor":9,"key":"Blue Candle"},{"floor":12,"key":"Pantograph"}],"event_choices":[{"event_name":"Scrap Ooze","player_choice":"success","floor":2,"damage_taken":12},{"event_name":"World of Goop","player_choice":"Gather Gold","floor":4,"damage_taken":0},{"event_name":"Big Fish","player_choice":"Box","floor":5,"damage_taken":0}],"boss_relics":[{"not_picked":["Philosopher\u0027s Stone","Eternal Feather"],"picked":"Runic Dome"}],"items_purged_floors":[],"potions_floor_spawned":[6,7,13,14],"seed_played":"-2955801167035850868","killed_by":"Gremlin Leader","ascension_level":0,"potions_obtained":[{"floor":6,"key":"SneckoOil"},{"floor":7,"key":"EssenceOfSteel"},{"floor":13,"key":"Weak Potion"},{"floor":14,"key":"SteroidPotion"}],"is_trial":false}