{"gold_per_floor":[110,30,42,42,58,58,77,77,102,113,146,146,146,146],"floor_reached":14,"playtime":580,"items_purged":[],"score":156,"play_id":"7c3cf617-cd6d-4158-8119-f893d3b17431","local_time":"20181128021806","is_ascension_mode":true,"campfire_choices":[{"data":"Noxious Fumes","floor":6,"key":"SMITH"},{"data":"Footwork","floor":8,"key":"SMITH"}],"neow_cost":"PERCENT_DAMAGE","seed_source_timestamp":1205782900105369,"circlet_count":0,"master_deck":["Defend_G","Defend_G","Defend_G","Defend_G","Defend_G","Strike_G","Strike_G","Strike_G","Strike_G","Strike_G","Survivor","Neutralize","Dodge and Roll","Footwork+1","Blade Dance","Deadly Poison","Pain","Noxious Fumes+1","Cloak And Dagger","Prepared","PiercingWail"],"relics":["Ring of the Snake","WarpedTongs","Bag of Preparation","Bag of Marbles","Toxic Egg 2","Incense Burner"],"potions_floor_usage":[11],"damage_taken":[{"damage":5,"enemies":"Small Slimes","floor":1,"turns":6},{"damage":0,"enemies":"Cultist","floor":3,"turns":5},{"damage":5,"enemies":"Jaw Worm","floor":5,"turns":5},{"damage":5,"enemies":"Blue Slaver","floor":7,"turns":4},{"damage":4,"enemies":"Looter","floor":10,"turns":4},{"damage":38,"enemies":"Gremlin Nob","floor":11,"turns":5},{"damage":10,"enemies":"Exordium Thugs","floor":14,"turns":3}],"seed_played":"-535218258520121229","potions_obtained":[{"floor":3,"key":"Fruit Juice"},{"floor":11,"key":"Swift Potion"}],"is_trial":false,"path_per_floor":["M","$","M","?","M","R","M","R","T","M","E","T","?","M"],"character_chosen":"THE_SILENT","items_purchased":["Footwork","Blade Dance"],"campfire_rested":0,"item_purchase_floors":[2,2],"current_hp_per_floor":[54,54,54,54,49,49,44,44,44,40,7,7,7,0],"gold":146,"neow_bonus":"TWENTY_PERCENT_HP_BONUS","is_prod":false,"is_daily":false,"chose_seed":false,"campfire_upgraded":2,"win_rate":0,"timestamp":1543389486,"path_taken":["M","$","M","?","?","R","M","R","T","M","E","?","?","M"],"build_version":"2018-11-15","purchased_purges":0,"victory":false,"max_hp_per_floor":[84,84,84,84,84,84,84,84,84,84,89,89,89,89],"card_choices":[{"not_picked":["Bane","Underhanded Strike"],"picked":"Dodge and Roll","floor":1},{"not_picked":["Backflip","Reflex"],"picked":"Deadly Poison","floor":3},{"not_picked":["Poisoned Stab","Acrobatics"],"picked":"Noxious Fumes","floor":5},{"not_picked":["Acrobatics","Backstab"],"picked":"Cloak And Dagger","floor":7},{"not_picked":["Dagger Throw","Endless Agony"],"picked":"Prepared","floor":10},{"not_picked":["Dagger Spray","Quick Slash"],"picked":"PiercingWail","floor":11}],"player_experience":838573,"relics_obtained":[{"floor":9,"key":"Bag of Preparation"},{"floor":11,"key":"Bag of Marbles"},{"floor":12,"key":"Toxic Egg 2"}],"event_choices":[{"damage_healed":0,"gold_gain":0,"player_choice":"Rummage","damage_taken":0,"relics_obtained":["WarpedTongs"],"max_hp_gain":0,"max_hp_loss":0,"event_name":"Accursed Blacksmith","floor":4,"gold_loss":0,"cards_obtained":["Pain"]},{"damage_healed":0,"gold_gain":0,"player_choice":"Gave Potion","damage_taken":0,"relics_obtained":["Incense Burner"],"max_hp_gain":0,"max_hp_loss":0,"event_name":"WeMeetAgain","floor":13,"gold_loss":0}],"is_beta":false,"boss_relics":[],"items_purged_floors":[],"is_endless":false,"potions_floor_spawned":[3,11],"killed_by":"Exordium Thugs","ascension_level":9}