{"gold_per_floor":[115,190,204,223,398,428,428,428,428,474,561,601,626,638],"floor_reached":14,"playtime":762,"items_purged":[],"score":144,"play_id":"85e8ae88-4ff6-4eeb-a012-47cea97b355c","local_time":"20180818023549","is_ascension_mode":true,"campfire_choices":[{"floor":7,"key":"REST"}],"neow_cost":"NONE","seed_source_timestamp":450061220061510,"circlet_count":0,"master_deck":["Defend_G","Defend_G","Defend_G","Defend_G","Defend_G","Strike_G","Strike_G","Strike_G","Strike_G","Strike_G","Survivor","Neutralize","Noxious Fumes","Sucker Punch","Deadly Poison","Terror+1","Deflect+1"],"relics":["Ring of the Snake","Pear","MawBank","Bottled Lightning","Toxic Egg 2","Tough Bandages"],"potions_floor_usage":[3,6,10,14],"damage_taken":[{"damage":2,"enemies":"Small Slimes","floor":1,"turns":3},{"damage":5,"enemies":"Jaw Worm","floor":3,"turns":4},{"damage":7,"enemies":"2 Louse","floor":4,"turns":3},{"damage":28,"enemies":"Lagavulin","floor":6,"turns":8},{"damage":31,"enemies":"Gremlin Nob","floor":10,"turns":4},{"damage":18,"enemies":"3 Sentries","floor":12,"turns":8},{"damage":0,"enemies":"Looter","floor":13,"turns":3},{"damage":11,"enemies":"Exordium Wildlife","floor":14,"turns":3}],"seed_played":"2290265823209663656","potions_obtained":[{"floor":1,"key":"PowerPotion"},{"floor":3,"key":"AttackPotion"},{"floor":6,"key":"SkillPotion"},{"floor":13,"key":"SteroidPotion"}],"is_trial":false,"path_per_floor":["M","?","M","M","?","E","R","?","T","E","T","E","M"],"character_chosen":"THE_SILENT","items_purchased":[],"campfire_rested":1,"item_purchase_floors":[],"current_hp_per_floor":[75,64,59,52,52,34,60,53,53,22,22,4,4,0],"gold":638,"neow_bonus":"TEN_PERCENT_HP_BONUS","is_prod":false,"is_daily":false,"chose_seed":false,"campfire_upgraded":0,"win_rate":0,"timestamp":1534548949,"path_taken":["M","?","M","M","?","E","R","?","T","E","?","E","M","M"],"build_version":"2018-08-16","purchased_purges":0,"victory":false,"max_hp_per_floor":[77,77,77,77,77,87,87,87,87,87,87,87,87,87],"card_choices":[{"not_picked":["Bane","Footwork","Choke"],"picked":"SKIP","floor":1},{"not_picked":["Well Laid Plans","Dagger Spray"],"picked":"Noxious Fumes","floor":3},{"not_picked":["Dash","Terror"],"picked":"Sucker Punch","floor":4},{"not_picked":["Predator","Acrobatics"],"picked":"Deadly Poison","floor":6},{"not_picked":["Footwork","Flechettes","PiercingWail"],"picked":"SKIP","floor":10},{"not_picked":["Deadly Poison+1","Dodge and Roll+1"],"picked":"Terror+1","floor":12},{"not_picked":["Calculated Gamble+1","Footwork"],"picked":"Deflect+1","floor":13}],"player_experience":52706,"relics_obtained":[{"floor":6,"key":"Pear"},{"floor":9,"key":"MawBank"},{"floor":10,"key":"Bottled Lightning"},{"floor":11,"key":"Toxic Egg 2"},{"floor":12,"key":"Tough Bandages"}],"event_choices":[{"event_name":"World of Goop","player_choice":"Gather Gold","floor":2,"damage_taken":0},{"event_name":"Liars Game","player_choice":"agreed","floor":5,"damage_taken":0},{"event_name":"Golden Wing","player_choice":"Card Removal","floor":8,"damage_taken":0}],"is_beta":false,"boss_relics":[],"items_purged_floors":[],"is_endless":false,"potions_floor_spawned":[1,3,6,13],"killed_by":"Exordium Wildlife","ascension_level":2}