{"path_per_floor":["M","?","M","M","?","R","E","R","T","T","T","E","R","M","R","B",null,"M","?","$","M","M","E","R","E","T","E","M","R","M","T","R","B",null,"M","T","$","M","M","?","T","E","T","M","R","?","R","M","R","B"],"character_chosen":"IRONCLAD","items_purchased":["Kunai","Lantern","Trip"],"gold_per_floor":[10,110,122,132,132,132,161,161,161,161,161,190,190,202,202,306,306,323,323,62,81,93,122,122,177,177,204,214,214,233,233,233,330,330,343,388,63,80,92,0,0,25,25,42,42,42,42,56,56,56],"floor_reached":51,"campfire_rested":2,"playtime":4672,"current_hp_per_floor":[80,80,80,80,64,64,62,62,62,62,62,63,63,71,71,41,87,87,71,71,74,39,34,60,39,39,19,23,49,50,50,50,52,87,87,87,87,65,73,73,73,65,79,87,87,87,87,91,91,11],"items_purged":["Strike_R"],"gold":56,"play_id":"3038d3f2-15aa-4387-b060-1605f62ab838","is_prod":false,"is_daily":false,"is_ascension_mode":true,"campfire_upgraded":4,"path_taken":["M","?","M","M","?","R","E","R","T","?","?","E","R","M","R","BOSS","M","?","?","M","M","E","R","E","T","E","?","R","M","?","R","BOSS","M","?","$","M","M","?","?","E","T","M","R","?","R","M","R","BOSS"],"build_version":"2018-01-25-PROD3","purchased_purges":1,"victory":true,"master_deck":["Strike_R+1","Defend_R","Defend_R+1","Defend_R","Defend_R+1","Whirlwind+1","Intimidate","Reckless Charge","Anger+1","Intimidate+1","Shrug It Off+1","Demon Form","Body Slam+1","Body Slam+1","Anger+1","Shrug It Off+1","Impervious","Spot Weakness+1","Trip","Clash+1","Warcry+1","Havoc+1"],"max_hp_per_floor":[80,80,80,80,80,80,80,80,80,80,80,87,87,87,87,87,87,87,87,87,87,87,87,87,87,87,87,87,87,87,87,87,87,87,87,87,87,87,87,87,87,87,101,101,101,101,101,101,101,101],"relics":["Burning Blood","Unceasing Top","Sundial","Toolbox","Blood Vial","Frozen Eye","Strawberry","Sozu","Enchiridion","Kunai","Ginger","Tiny Chest","Peace Pipe","Centennial Puzzle","Runic Dome","War Paint","Lantern","Red Mask","Bottled Lightning","The Courier","Mango"],"card_choices":[{"not_picked":["Twin Strike","Pommel Strike"],"picked":"Whirlwind"},{"not_picked":["Twin Strike","Clothesline"],"picked":"Intimidate"},{"not_picked":["Warcry","Limit Break"],"picked":"Reckless Charge"},{"not_picked":["Ghostly Armor","Heavy Blade"],"picked":"Anger"},{"not_picked":["Carnage","Disarm"],"picked":"Intimidate"},{"not_picked":["Heavy Blade","Reckless Charge"],"picked":"Shrug It Off"},{"not_picked":["Fiend Fire","Berserk"],"picked":"Demon Form"},{"not_picked":["Pummel","Flex"],"picked":"Body Slam"},{"not_picked":["Searing Blow","Cleave"],"picked":"Body Slam"},{"not_picked":["Intimidate","Uppercut"],"picked":"Anger"},{"not_picked":["Corruption","Pummel"],"picked":"Shrug It Off"},{"not_picked":["Limit Break","Immolate"],"picked":"Impervious"},{"not_picked":["Pummel","Wild Strike"],"picked":"Spot Weakness"},{"not_picked":["Pommel Strike","Spot Weakness"],"picked":"Clash"},{"not_picked":["Sentinel","Reckless Charge"],"picked":"Warcry"},{"not_picked":["Shrug It Off","True Grit"],"picked":"Intimidate"},{"not_picked":["Headbutt","Body Slam"],"picked":"Havoc"}],"player_experience":448079,"potions_floor_usage":[7],"damage_taken":[{"damage":6,"enemies":"2 Louse","floor":1,"turns":3},{"damage":6,"enemies":"Cultist","floor":3,"turns":3},{"damage":0,"enemies":"Jaw Worm","floor":4,"turns":3},{"damage":8,"enemies":"Gremlin Nob","floor":7,"turns":3},{"damage":14,"enemies":"3 Sentries","floor":12,"turns":3},{"damage":0,"enemies":"2 Fungi Beasts","floor":14,"turns":2},{"damage":38,"enemies":"Slime Boss","floor":16,"turns":9},{"damage":0,"enemies":"3 Byrds","floor":18,"turns":4},{"damage":5,"enemies":"2 Thieves","floor":21,"turns":3},{"damage":43,"enemies":"Snake Plant","floor":22,"turns":3},{"damage":13,"enemies":"Book of Stabbing","floor":23,"turns":5},{"damage":29,"enemies":"Slavers","floor":25,"turns":3},{"damage":28,"enemies":"Gremlin Leader","floor":27,"turns":5},{"damage":4,"enemies":"Chosen and Byrds","floor":28,"turns":4},{"damage":11,"enemies":"Slaver and Parasite","floor":30,"turns":4},{"damage":6,"enemies":"Champ","floor":33,"turns":8},{"damage":4,"enemies":"3 Darklings","floor":35,"turns":3},{"damage":28,"enemies":"3 Shapes","floor":38,"turns":6},{"damage":0,"enemies":"3 Darklings","floor":39,"turns":2},{"damage":16,"enemies":"Giant Head","floor":42,"turns":6},{"damage":0,"enemies":"Sphere and 2 Shapes","floor":44,"turns":3},{"damage":4,"enemies":"Maw","floor":48,"turns":5},{"damage":88,"enemies":"Donu and Deca","floor":50,"turns":7}],"event_choices":[{"event_name":"Golden Shrine","player_choice":"Pray","floor":2,"damage_taken":0},{"event_name":"Shining Light","player_choice":"Entered Light","floor":5,"damage_taken":0},{"event_name":"Cursed Tome","player_choice":"Obtained Book","floor":19,"damage_taken":0},{"event_name":"Tomb of Lord Red Mask","player_choice":"Paid","floor":40,"damage_taken":0}],"boss_relics":[{"not_picked":["Lizard Tail","Eternal Feather"],"picked":"Sozu"},{"not_picked":["White Beast Statue","Cursed Key"],"picked":"Runic Dome"}],"potions_floor_spawned":[4,14,16,23,27,28,30,35,48],"seed_played":"1878964747169115578","ascension_level":4,"is_trial":false}