{"gold_per_floor":[118,135,135,146,146,146,71,71,98,285,297,138,158,182,182,281,281,299,299],"floor_reached":19,"playtime":1133,"items_purged":["Strike_R","Doubt"],"score":155,"play_id":"d8c477e7-0e02-409e-a21f-0a983360cb0c","local_time":"20181026000832","is_ascension_mode":false,"campfire_choices":[{"data":"Entrench","floor":6,"key":"SMITH"},{"data":"Defend_R","floor":8,"key":"SMITH"},{"floor":15,"key":"REST"}],"neow_cost":"NONE","seed_source_timestamp":1370400963272685,"circlet_count":0,"master_deck":["Strike_R","Strike_R","Strike_R","Strike_R","Defend_R+1","Defend_R","Defend_R","Defend_R","Bash+1","Entrench+1","Body Slam","True Grit","Body Slam","Armaments","Feed","Body Slam"],"relics":["Burning Blood","Kunai","MawBank","Odd Mushroom","Eternal Feather"],"potions_floor_usage":[16,16,19],"damage_taken":[{"damage":3,"enemies":"Jaw Worm","floor":1,"turns":4},{"damage":5,"enemies":"Small Slimes","floor":2,"turns":4},{"damage":4,"enemies":"2 Louse","floor":4,"turns":4},{"damage":29,"enemies":"Exordium Thugs","floor":13,"turns":8},{"damage":40,"enemies":"The Mushroom Lair","floor":14,"turns":8},{"damage":15,"enemies":"Slime Boss","floor":16,"turns":10},{"damage":67,"enemies":"3 Byrds","floor":18,"turns":11},{"damage":31,"enemies":"Colosseum Slavers","floor":19,"turns":4}],"seed_played":"-3158353907048254731","potions_obtained":[{"floor":1,"key":"PowerPotion"},{"floor":2,"key":"SkillPotion"},{"floor":13,"key":"Weak Potion"},{"floor":18,"key":"Ancient Potion"}],"is_trial":false,"path_per_floor":["M","M","?","M","T","R","$","R","T","?","$","$","M","?","R","B",null,"M"],"character_chosen":"IRONCLAD","items_purchased":["Body Slam","True Grit"],"campfire_rested":1,"item_purchase_floors":[12,12],"current_hp_per_floor":[80,80,73,75,75,75,75,75,75,75,75,75,52,18,42,33,80,22,0],"gold":299,"neow_bonus":"UPGRADE_CARD","is_prod":false,"is_daily":false,"chose_seed":false,"campfire_upgraded":2,"win_rate":0,"timestamp":1540526912,"path_taken":["M","M","?","M","?","R","$","R","T","?","?","$","M","?","R","BOSS","M","?"],"build_version":"2018-10-25","purchased_purges":2,"victory":false,"max_hp_per_floor":[80,80,80,80,80,80,80,80,80,80,80,80,80,80,80,80,80,83,83],"card_choices":[{"not_picked":["Sever Soul","Havoc"],"picked":"Corruption","floor":1},{"not_picked":["True Grit","Flex"],"picked":"Entrench","floor":2},{"not_picked":["Wild Strike","Havoc","Dropkick"],"picked":"SKIP","floor":4},{"not_picked":["Anger","Clash"],"picked":"Body Slam","floor":13},{"not_picked":["Impervious","Iron Wave"],"picked":"Armaments","floor":14},{"not_picked":["Limit Break","Immolate"],"picked":"Feed","floor":16},{"not_picked":["Headbutt+1","Uppercut"],"picked":"Body Slam","floor":18}],"player_experience":688547,"relics_obtained":[{"floor":5,"key":"Kunai"},{"floor":9,"key":"MawBank"},{"floor":14,"key":"Odd Mushroom"}],"event_choices":[{"cards_removed":["Corruption"],"damage_healed":0,"gold_gain":0,"player_choice":"Card Removal","damage_taken":7,"max_hp_gain":0,"max_hp_loss":0,"event_name":"Golden Wing","floor":3,"gold_loss":0},{"damage_healed":0,"gold_gain":175,"player_choice":"AGREE","damage_taken":0,"max_hp_gain":0,"max_hp_loss":0,"event_name":"Liars Game","floor":10,"gold_loss":0,"cards_obtained":["Doubt"]},{"damage_healed":0,"gold_gain":0,"player_choice":"Fought Mushrooms","damage_taken":0,"max_hp_gain":0,"max_hp_loss":0,"event_name":"Mushrooms","floor":14,"gold_loss":0},{"damage_healed":0,"gold_gain":0,"player_choice":"Fight","damage_taken":0,"max_hp_gain":0,"max_hp_loss":0,"event_name":"Colosseum","floor":19,"gold_loss":0}],"is_beta":false,"boss_relics":[{"not_picked":["Busted Crown","White Beast Statue"],"picked":"Eternal Feather"}],"items_purged_floors":[7,12],"is_endless":false,"potions_floor_spawned":[1,2,13,18],"killed_by":"Colosseum Slavers","ascension_level":0}