{"gold_per_floor":[117,117,42,117,67,67,99,99,146,146,156,176,176,208,208,311,311,327,427,442,442],"floor_reached":21,"playtime":800,"items_purged":["Regret"],"score":210,"play_id":"00419664-a59c-436b-aaf9-8817c67dbc97","local_time":"20190223154013","is_ascension_mode":false,"campfire_choices":[{"data":"Flex","floor":6,"key":"SMITH"},{"data":"Thunderclap","floor":8,"key":"SMITH"},{"data":"Bash","floor":10,"key":"SMITH"},{"data":"Flex","floor":15,"key":"SMITH"}],"neow_cost":"NONE","seed_source_timestamp":678547694478477,"circlet_count":0,"master_deck":["Strike_R","Strike_R","Strike_R","Strike_R","Strike_R","Defend_R","Defend_R","Defend_R","Bash+1","Flex+1","Thunderclap+1","True Grit","Flex+1","Warcry+1","Cleave","Cleave"],"relics":["Burning Blood","NeowsBlessing","Letter Opener","Bag of Preparation","Frozen Egg 2","Omamori","Eternal Feather","Shovel","Toxic Egg 2"],"potions_floor_usage":[19,20],"damage_taken":[{"damage":0,"enemies":"2 Louse","floor":1,"turns":1},{"damage":0,"enemies":"Gremlin Nob","floor":7,"turns":1},{"damage":0,"enemies":"Jaw Worm","floor":11,"turns":1},{"damage":2,"enemies":"Small Slimes","floor":12,"turns":2},{"damage":24,"enemies":"3 Sentries","floor":14,"turns":7},{"damage":46,"enemies":"Slime Boss","floor":16,"turns":12},{"damage":6,"enemies":"Chosen","floor":18,"turns":4},{"damage":20,"enemies":"Colosseum Slavers","floor":19,"turns":5},{"damage":42,"enemies":"Colosseum Nobs","floor":19,"turns":5},{"damage":10,"enemies":"2 Thieves","floor":20,"turns":2},{"damage":27,"enemies":"Centurion and Healer","floor":21,"turns":3}],"seed_played":"-2772442269806179075","potions_obtained":[{"floor":1,"key":"Energy Potion"},{"floor":7,"key":"Block Potion"}],"is_trial":false,"path_per_floor":["M","?","$","?","?","R","E","R","T","R","M","M","T","E","R","B",null,"M","?","M","M"],"character_chosen":"IRONCLAD","items_purchased":[],"campfire_rested":0,"item_purchase_floors":[],"current_hp_per_floor":[80,80,80,69,69,69,75,75,75,75,80,80,80,62,62,22,80,80,30,26,0],"gold":442,"neow_bonus":"THREE_ENEMY_KILL","is_prod":false,"is_daily":false,"chose_seed":false,"campfire_upgraded":4,"win_rate":0,"timestamp":1550904013,"path_taken":["M","?","$","?","?","R","E","R","T","R","M","M","?","E","R","BOSS","M","?","M","M"],"build_version":"2019-01-23","purchased_purges":1,"victory":false,"max_hp_per_floor":[80,80,80,80,80,80,80,80,80,80,80,80,80,80,80,80,80,80,80,80,80],"card_choices":[{"not_picked":["Inflame","Twin Strike"],"picked":"Flex","floor":1},{"not_picked":["Burning Pact","Flex"],"picked":"Thunderclap","floor":7},{"not_picked":["Body Slam","Rampage","Bloodletting"],"picked":"SKIP","floor":11},{"not_picked":["Pommel Strike","Heavy Blade"],"picked":"True Grit","floor":12},{"not_picked":["Shockwave","Armaments"],"picked":"Flex","floor":14},{"not_picked":["Ghostly Armor+1","Perfected Strike"],"picked":"Warcry+1","floor":18},{"not_picked":["Rupture+1","Infernal Blade"],"picked":"Cleave","floor":19},{"not_picked":["Seeing Red+1","Twin Strike"],"picked":"Cleave","floor":20}],"player_experience":887234,"relics_obtained":[{"floor":7,"key":"Bag of Preparation"},{"floor":13,"key":"Frozen Egg 2"},{"floor":14,"key":"Omamori"},{"floor":19,"key":"Shovel"},{"floor":19,"key":"Toxic Egg 2"}],"event_choices":[{"damage_healed":0,"gold_gain":0,"player_choice":"Box","damage_taken":0,"relics_obtained":["Letter Opener"],"max_hp_gain":0,"max_hp_loss":0,"event_name":"Big Fish","floor":2,"gold_loss":0,"cards_obtained":["Regret"]},{"damage_healed":0,"gold_gain":75,"player_choice":"Gather Gold","damage_taken":11,"max_hp_gain":0,"max_hp_loss":0,"event_name":"World of Goop","floor":4,"gold_loss":0},{"cards_removed":["Defend_R"],"damage_healed":0,"gold_gain":0,"player_choice":"Card Removal","damage_taken":0,"max_hp_gain":0,"max_hp_loss":0,"event_name":"The Cleric","floor":5,"gold_loss":50},{"damage_healed":0,"gold_gain":0,"player_choice":"Fight","damage_taken":0,"max_hp_gain":0,"max_hp_loss":0,"event_name":"Colosseum","floor":19,"gold_loss":0},{"damage_healed":0,"gold_gain":0,"player_choice":"Fought Nobs","damage_taken":0,"max_hp_gain":0,"max_hp_loss":0,"event_name":"Colosseum","floor":19,"gold_loss":0}],"is_beta":false,"boss_relics":[{"not_picked":["Tiny House","Fusion Hammer"],"picked":"Eternal Feather"}],"items_purged_floors":[3],"is_endless":false,"potions_floor_spawned":[1,7],"killed_by":"Centurion and Healer","ascension_level":0}