{"gold_per_floor":[115,190,203,203,203,203,238,262,308,344,267,267,311,330,330,459,459,477,602,602,627,331,331,370,390,390,406,99,99,115,134,134,263,263,283,177,177,510,521,521,191,206,206,240,340,359,359,378,378,378],"floor_reached":51,"playtime":4969,"items_purged":[],"score":1087,"play_id":"402d11a9-4a1a-4752-a521-1638cdc892e3","local_time":"20181224095819","is_ascension_mode":true,"campfire_choices":[{"floor":6,"key":"REST"},{"data":"Neutralize","floor":12,"key":"SMITH"},{"floor":15,"key":"REST"},{"data":"Envenom","floor":23,"key":"SMITH"},{"floor":29,"key":"REST"},{"floor":32,"key":"REST"},{"data":"Storm of Steel","floor":40,"key":"SMITH"},{"floor":47,"key":"REST"},{"floor":49,"key":"REST"}],"neow_cost":"NONE","seed_source_timestamp":312663085577053,"circlet_count":0,"master_deck":["Defend_G","Defend_G","Defend_G","Defend_G","Strike_G","Strike_G+1","Survivor","Neutralize+1","Poisoned Stab+1","Dagger Spray","Bane","Backstab","Infinite Blades","Envenom+1","PiercingWail","After Image","Flying Knee+1","Blade Dance","Footwork","Backflip","Die Die Die","Calculated Gamble","Backstab","Infinite Blades","Burst","PiercingWail","Storm of Steel+1","Bouncing Flask+1","Setup+1","Flying Knee+1","Noxious Fumes","Distraction","Footwork+1","Caltrops","Prepared+1","Well Laid Plans"],"relics":["Ring of the Snake","NeowsBlessing","Bronze Scales","PreservedInsect","Oddly Smooth Stone","Dead Branch","Black Star","Calipers","Question Card","Happy Flower","Ornamental Fan","Mummified Hand","Tingsha","Pen Nib","Astrolabe","Singing Bowl","The Courier","Vajra","Tough Bandages","Peace Pipe"],"potions_floor_usage":[10,16,19,19,25,27,31,33,44,50,50],"damage_taken":[{"damage":0,"enemies":"2 Louse","floor":1,"turns":1},{"damage":0,"enemies":"Jaw Worm","floor":3,"turns":1},{"damage":0,"enemies":"Lagavulin","floor":7,"turns":1},{"damage":4,"enemies":"Small Slimes","floor":8,"turns":3},{"damage":5,"enemies":"Gremlin Nob","floor":10,"turns":3},{"damage":14,"enemies":"Lagavulin","floor":13,"turns":4},{"damage":0,"enemies":"Exordium Thugs","floor":14,"turns":4},{"damage":13,"enemies":"The Guardian","floor":16,"turns":9},{"damage":10,"enemies":"Spheric Guardian","floor":18,"turns":5},{"damage":8,"enemies":"Colosseum Slavers","floor":19,"turns":5},{"damage":26,"enemies":"Colosseum Nobs","floor":19,"turns":5},{"damage":12,"enemies":"Shell Parasite","floor":21,"turns":5},{"damage":25,"enemies":"Slavers","floor":24,"turns":4},{"damage":8,"enemies":"Centurion and Healer","floor":25,"turns":5},{"damage":0,"enemies":"Snecko","floor":27,"turns":4},{"damage":0,"enemies":"Cultist and Chosen","floor":30,"turns":4},{"damage":0,"enemies":"Snake Plant","floor":31,"turns":3},{"damage":6,"enemies":"Champ","floor":33,"turns":8},{"damage":1,"enemies":"Orb Walker","floor":35,"turns":2},{"damage":12,"enemies":"3 Shapes","floor":39,"turns":2},{"damage":0,"enemies":"Jaw Worm Horde","floor":42,"turns":3},{"damage":0,"enemies":"Giant Head","floor":44,"turns":6},{"damage":0,"enemies":"Mind Bloom Boss Battle","floor":45,"turns":5},{"damage":38,"enemies":"4 Shapes","floor":46,"turns":4},{"damage":0,"enemies":"3 Darklings","floor":48,"turns":2},{"damage":49,"enemies":"Awakened One","floor":50,"turns":10}],"seed_played":"-1116797052004138485","potions_obtained":[{"floor":7,"key":"FearPotion"},{"floor":8,"key":"Weak Potion"},{"floor":13,"key":"SpeedPotion"},{"floor":18,"key":"FearPotion"},{"floor":24,"key":"PowerPotion"},{"floor":25,"key":"GhostInAJar"},{"floor":30,"key":"Swift Potion"},{"floor":35,"key":"GhostInAJar"},{"floor":46,"key":"Regen Potion"},{"floor":48,"key":"Block Potion"}],"is_trial":false,"path_per_floor":["M","?","M","?","?","R","E","M","T","E","$","R","E","M","R","B",null,"M","?","?","M","$","R","E","M","T","M","$","R","M","M","R","B",null,"M","$","?","?","M","R","$","M","T","E","?","M","R","M","R","B",null],"character_chosen":"THE_SILENT","items_purchased":["Infinite Blades","Happy Flower","Backflip","FairyPotion","Pen Nib","Infinite Blades","EssenceOfSteel","Noxious Fumes","Distraction","Caltrops","Singing Bowl"],"campfire_rested":6,"item_purchase_floors":[11,22,22,22,28,28,28,36,36,41,41],"current_hp_per_floor":[63,52,52,38,38,57,57,53,53,48,48,48,34,34,53,40,59,49,15,65,53,53,53,28,20,20,20,20,39,39,39,58,52,62,61,61,61,61,49,49,49,51,51,51,53,15,35,37,58,24],"gold":378,"neow_bonus":"THREE_ENEMY_KILL","is_prod":false,"is_daily":false,"chose_seed":false,"campfire_upgraded":3,"win_rate":0,"timestamp":1545663499,"path_taken":["M","?","M","?","?","R","E","M","T","E","$","R","E","M","R","BOSS","M","?","?","M","$","R","E","M","T","?","$","R","M","M","R","BOSS","M","?","?","?","?","R","$","M","T","E","?","M","R","M","R","BOSS"],"build_version":"2018-12-20","purchased_purges":0,"victory":true,"max_hp_per_floor":[70,70,70,70,65,65,65,65,65,65,65,65,65,65,65,65,65,65,65,65,65,65,65,65,65,65,65,65,65,65,65,65,65,65,65,65,65,65,65,65,65,67,67,67,69,69,69,71,71,71],"card_choices":[{"not_picked":["Backflip","Flying Knee"],"picked":"Poisoned Stab","floor":1},{"not_picked":["Outmaneuver","Quick Slash"],"picked":"Dagger Spray","floor":3},{"not_picked":["Riddle With Holes","Flying Knee"],"picked":"Leg Sweep","floor":7},{"not_picked":["Sucker Punch","Grand Finale"],"picked":"Bane","floor":8},{"not_picked":["Terror","Flechettes"],"picked":"Backstab","floor":10},{"not_picked":["Bouncing Flask","Blade Dance"],"picked":"Envenom","floor":13},{"not_picked":["Quick Slash","Backflip"],"picked":"PiercingWail","floor":14},{"not_picked":["Malaise","Corpse Explosion"],"picked":"After Image","floor":16},{"not_picked":["Dagger Throw","Deflect"],"picked":"Flying Knee+1","floor":18},{"not_picked":["Deflect+1","Dagger Throw+1"],"picked":"Blade Dance","floor":19},{"not_picked":["Bane","PiercingWail","Prepared"],"picked":"Footwork","floor":21},{"not_picked":["Riddle With Holes","Cloak And Dagger","Dagger Throw"],"picked":"Die Die Die","floor":24},{"not_picked":["Flying Knee","Deadly Poison+1","Poisoned Stab"],"picked":"Calculated Gamble","floor":25},{"not_picked":["Prepared","PiercingWail","Dagger Throw+1"],"picked":"Backstab","floor":27},{"not_picked":["Endless Agony+1","Footwork","Eviscerate"],"picked":"Burst","floor":30},{"not_picked":["Backflip","Deflect","Bane+1"],"picked":"PiercingWail","floor":31},{"not_picked":["After Image","Tools of the Trade","Grand Finale"],"picked":"Storm of Steel","floor":33},{"not_picked":["Dagger Throw+1","Bane","Tactician+1","Eviscerate+1"],"picked":"SKIP","floor":35},{"not_picked":["Slice+1","Outmaneuver","Bane+1"],"picked":"Footwork+1","floor":39},{"not_picked":["Masterful Stab","Slice+1","Cloak And Dagger+1","Infinite Blades+1"],"picked":"Singing Bowl","floor":42},{"not_picked":["PiercingWail+1","Eviscerate+1","Corpse Explosion"],"picked":"Prepared+1","floor":44},{"not_picked":["Deflect+1","Slice","Quick Slash","Backflip"],"picked":"Singing Bowl","floor":45},{"not_picked":["PiercingWail+1","Flying Knee+1","Poisoned Stab+1"],"picked":"Well Laid Plans","floor":46},{"not_picked":["Poisoned Stab+1","Backflip+1","Bane+1","Blade Dance"],"picked":"Singing Bowl","floor":48}],"player_experience":377557,"relics_obtained":[{"floor":7,"key":"Bronze Scales"},{"floor":9,"key":"PreservedInsect"},{"floor":10,"key":"Oddly Smooth Stone"},{"floor":13,"key":"Dead Branch"},{"floor":19,"key":"Calipers"},{"floor":19,"key":"Question Card"},{"floor":24,"key":"Ornamental Fan"},{"floor":24,"key":"Mummified Hand"},{"floor":26,"key":"Tingsha"},{"floor":43,"key":"The Courier"},{"floor":44,"key":"Vajra"},{"floor":44,"key":"Tough Bandages"},{"floor":45,"key":"Peace Pipe"}],"event_choices":[{"damage_healed":0,"gold_gain":75,"player_choice":"Gather Gold","damage_taken":11,"max_hp_gain":0,"max_hp_loss":0,"event_name":"World of Goop","floor":2,"gold_loss":0},{"damage_healed":0,"gold_gain":0,"player_choice":"Entered Light","damage_taken":14,"max_hp_gain":0,"max_hp_loss":0,"event_name":"Shining Light","floor":4,"gold_loss":0,"cards_upgraded":["Poisoned Stab","Strike_G"]},{"damage_healed":0,"gold_gain":0,"player_choice":"Lose Max HP","damage_taken":0,"relics_obtained":["Golden Idol"],"max_hp_gain":0,"max_hp_loss":5,"event_name":"Golden Idol","floor":5,"gold_loss":0},{"damage_healed":0,"gold_gain":0,"player_choice":"Fight","damage_taken":0,"max_hp_gain":0,"max_hp_loss":0,"event_name":"Colosseum","floor":19,"gold_loss":0},{"damage_healed":0,"gold_gain":0,"player_choice":"Fought Nobs","damage_taken":0,"max_hp_gain":0,"max_hp_loss":0,"event_name":"Colosseum","floor":19,"gold_loss":0},{"cards_removed":["Leg Sweep"],"damage_healed":50,"gold_gain":0,"player_choice":"Offered Uncommon","damage_taken":0,"max_hp_gain":0,"max_hp_loss":0,"event_name":"Bonfire Elementals","floor":20,"gold_loss":0},{"cards_removed":["Defend_G"],"damage_healed":0,"gold_gain":0,"player_choice":"Removed Skill","damage_taken":0,"max_hp_gain":0,"max_hp_loss":0,"event_name":"Falling","floor":37,"gold_loss":0},{"damage_healed":0,"gold_gain":333,"player_choice":"Gave Idol","damage_taken":0,"max_hp_gain":0,"max_hp_loss":0,"event_name":"The Moai Head","floor":38,"relics_lost":["Golden Idol"],"gold_loss":0},{"damage_healed":0,"gold_gain":0,"player_choice":"Fight","damage_taken":0,"max_hp_gain":0,"max_hp_loss":0,"event_name":"MindBloom","floor":45,"gold_loss":0}],"is_beta":false,"boss_relics":[{"not_picked":["Runic Pyramid","Sozu"],"picked":"Black Star"},{"not_picked":["Orrery","Fusion Hammer"],"picked":"Astrolabe"}],"items_purged_floors":[],"is_endless":false,"potions_floor_spawned":[7,8,13,18,19,24,25,30,35,46,48],"ascension_level":9}