{"gold_per_floor":[119,119,194,208,221,247,247,263,263,263],"floor_reached":10,"playtime":399,"items_purged":[],"score":68,"play_id":"c92ba510-5b52-4ac5-94bc-cd2d432356b7","local_time":"20181111081942","is_ascension_mode":false,"campfire_choices":[{"floor":7,"key":"REST"}],"neow_cost":"NONE","seed_source_timestamp":2524182427619,"circlet_count":0,"master_deck":["Strike_B","Strike_B","Strike_B","Strike_B","Defend_B","Defend_B","Defend_B","Defend_B+1","Zap","Dualcast+1","Beam Cell","Go for the Eyes","Static Discharge","Force Field","Machine Learning"],"relics":["Cracked Core","Pen Nib","Ancient Tea Set","Mummified Hand"],"potions_floor_usage":[6],"damage_taken":[{"damage":5,"enemies":"2 Louse","floor":1,"turns":2},{"damage":10,"enemies":"Small Slimes","floor":4,"turns":2},{"damage":8,"enemies":"Jaw Worm","floor":5,"turns":2},{"damage":11,"enemies":"3 Sentries","floor":6,"turns":5},{"damage":19,"enemies":"Blue Slaver","floor":8,"turns":3},{"damage":29,"enemies":"Gremlin Gang","floor":10,"turns":3}],"seed_played":"-7273373630108040569","potions_obtained":[{"floor":1,"key":"FocusPotion"}],"is_trial":false,"path_per_floor":["M","?","?","M","M","E","R","M","T","M"],"character_chosen":"DEFECT","items_purchased":[],"campfire_rested":1,"item_purchase_floors":[],"current_hp_per_floor":[70,55,44,34,26,15,37,18,18,0],"gold":263,"neow_bonus":"RANDOM_COMMON_RELIC","is_prod":false,"is_daily":false,"chose_seed":false,"campfire_upgraded":0,"win_rate":0.0,"timestamp":1541942382,"path_taken":["M","?","?","M","M","E","R","M","T","M"],"build_version":"2018-11-08","purchased_purges":0,"victory":false,"max_hp_per_floor":[75,75,75,75,75,75,75,75,75,75],"card_choices":[{"not_picked":["Reprogram","Undo"],"picked":"Beam Cell","floor":1},{"not_picked":["Coolheaded","Fusion"],"picked":"Go for the Eyes","floor":4},{"not_picked":["Redo","Barrage"],"picked":"Static Discharge","floor":5},{"not_picked":["Turbo","Steam"],"picked":"Force Field","floor":6},{"not_picked":["Conserve Battery","Hello World"],"picked":"Machine Learning","floor":8}],"player_experience":173291,"relics_obtained":[{"floor":6,"key":"Ancient Tea Set"},{"floor":9,"key":"Mummified Hand"}],"event_choices":[{"damage_healed":0,"gold_gain":0,"player_choice":"Entered Light","damage_taken":15,"max_hp_gain":0,"max_hp_loss":0,"event_name":"Shining Light","floor":2,"gold_loss":0,"cards_upgraded":["Defend_B","Dualcast"]},{"damage_healed":0,"gold_gain":75,"player_choice":"Gather Gold","damage_taken":11,"max_hp_gain":0,"max_hp_loss":0,"event_name":"World of Goop","floor":3,"gold_loss":0}],"is_beta":false,"boss_relics":[],"items_purged_floors":[],"is_endless":false,"potions_floor_spawned":[1],"killed_by":"Gremlin Gang","ascension_level":0}