{"gold_per_floor":[111,111,130,3,22,55,65,65,90,115,115,128,128,146,146,223,223,234,234,252,268,278,278,298,298],"floor_reached":25,"playtime":1670,"items_purged":["Defend_G"],"score":358,"play_id":"03624e96-e5e3-4196-a4a4-b28a2eada19e","local_time":"20190303113010","is_ascension_mode":true,"campfire_choices":[{"floor":8,"key":"REST"},{"data":"Dagger Spray","floor":11,"key":"SMITH"},{"floor":13,"key":"REST"},{"data":"Footwork","floor":15,"key":"SMITH"},{"floor":23,"key":"REST"}],"neow_cost":"NONE","seed_source_timestamp":316592929880374,"circlet_count":0,"master_deck":["AscendersBane","Defend_G","Defend_G","Defend_G","Defend_G","Strike_G","Strike_G","Strike_G","Strike_G","Survivor","Neutralize","Dagger Spray+1","Expertise","Deadly Poison","Blade Dance","Unload","Footwork+1","Cloak And Dagger","Malaise","Backstab","Footwork+1","Dodge and Roll","Noxious Fumes","Crippling Poison","Backstab"],"relics":["Ring of the Snake","Smiling Mask","Boot","Happy Flower","WristBlade"],"potions_floor_usage":[6,6,16,16,20,25],"damage_taken":[{"damage":5,"enemies":"2 Louse","floor":1,"turns":3},{"damage":0,"enemies":"Cultist","floor":3,"turns":5},{"damage":4,"enemies":"Small Slimes","floor":5,"turns":4},{"damage":22,"enemies":"Lagavulin","floor":6,"turns":4},{"damage":10,"enemies":"Gremlin Gang","floor":7,"turns":6},{"damage":20,"enemies":"Gremlin Nob","floor":10,"turns":4},{"damage":9,"enemies":"Red Slaver","floor":12,"turns":4},{"damage":6,"enemies":"2 Fungi Beasts","floor":14,"turns":4},{"damage":16,"enemies":"The Guardian","floor":16,"turns":13},{"damage":6,"enemies":"3 Byrds","floor":18,"turns":3},{"damage":1,"enemies":"Chosen","floor":20,"turns":4},{"damage":19,"enemies":"Sentry and Sphere","floor":21,"turns":9},{"damage":19,"enemies":"Shelled Parasite and Fungi","floor":22,"turns":7},{"damage":17,"enemies":"Chosen and Byrds","floor":24,"turns":6},{"damage":19,"enemies":"Slavers","floor":25,"turns":1}],"seed_played":"-808828969657942838","potions_obtained":[{"floor":0,"key":"SteroidPotion"},{"floor":0,"key":"Weak Potion"},{"floor":5,"key":"FearPotion"},{"floor":10,"key":"SkillPotion"},{"floor":12,"key":"LiquidBronze"},{"floor":16,"key":"Explosive Potion"},{"floor":24,"key":"SteroidPotion"}],"is_trial":false,"path_per_floor":["M","?","M","$","M","E","M","R","T","E","R","M","R","M","R","B",null,"M","?","M","M","M","R","M","E"],"character_chosen":"THE_SILENT","items_purchased":["Deadly Poison"],"campfire_rested":3,"item_purchase_floors":[4],"current_hp_per_floor":[58,58,58,58,54,32,22,43,43,23,23,14,35,29,29,13,56,50,50,49,30,11,32,15,0],"gold":298,"neow_bonus":"THREE_SMALL_POTIONS","is_prod":false,"is_daily":false,"chose_seed":false,"campfire_upgraded":2,"win_rate":0,"timestamp":1551630610,"path_taken":["M","?","M","$","M","E","?","R","T","E","R","M","R","M","R","BOSS","M","?","M","M","?","R","M","E"],"build_version":"2019-01-23","purchased_purges":1,"victory":false,"max_hp_per_floor":[70,70,70,70,70,70,70,70,70,70,70,70,70,70,70,70,70,70,70,70,70,70,70,70,70],"card_choices":[{"not_picked":["Deflect","Dash"],"picked":"Dagger Spray","floor":1},{"not_picked":["Dodge and Roll","Tactician","Cloak And Dagger"],"picked":"SKIP","floor":3},{"not_picked":["Quick Slash","Outmaneuver"],"picked":"Blade Dance","floor":5},{"not_picked":["Setup","Dagger Spray","Deadly Poison"],"picked":"SKIP","floor":6},{"not_picked":["Distraction","Sucker Punch"],"picked":"Unload","floor":7},{"not_picked":["Dodge and Roll","PiercingWail"],"picked":"Footwork","floor":10},{"not_picked":["Acrobatics","Setup","Flying Knee"],"picked":"SKIP","floor":12},{"not_picked":["Skewer","Escape Plan"],"picked":"Cloak And Dagger","floor":14},{"not_picked":["Phantasmal Killer","Doppelganger"],"picked":"Malaise","floor":16},{"not_picked":["Deadly Poison","Setup"],"picked":"Backstab","floor":18},{"not_picked":["Deflect","Flechettes"],"picked":"Dodge and Roll","floor":20},{"not_picked":["Well Laid Plans","Dagger Spray+1"],"picked":"Noxious Fumes","floor":21},{"not_picked":["Noxious Fumes","Poisoned Stab"],"picked":"Crippling Poison","floor":22},{"not_picked":["Cloak And Dagger","Prepared"],"picked":"Backstab","floor":24}],"player_experience":370543,"relics_obtained":[{"floor":6,"key":"Smiling Mask"},{"floor":9,"key":"Boot"},{"floor":10,"key":"Happy Flower"}],"event_choices":[{"damage_healed":0,"gold_gain":0,"cards_transformed":["Strike_G"],"player_choice":"Transformed","damage_taken":0,"max_hp_gain":0,"max_hp_loss":0,"event_name":"Transmorgrifier","floor":2,"gold_loss":0,"cards_obtained":["Expertise"]},{"damage_healed":0,"gold_gain":0,"player_choice":"Copied","damage_taken":0,"max_hp_gain":0,"max_hp_loss":0,"event_name":"Duplicator","floor":19,"gold_loss":0,"cards_obtained":["Footwork"]}],"is_beta":false,"boss_relics":[{"not_picked":["Lizard Tail","Sozu"],"picked":"WristBlade"}],"items_purged_floors":[4],"is_endless":false,"potions_floor_spawned":[5,10,12,14,16,24],"killed_by":"Slavers","ascension_level":13}