{"gold_per_floor":[111,130,130,147,164,164,199,199,199,199,222,222,235,235,235,358,358,373,387,337,355,355,355],"floor_reached":23,"playtime":923,"items_purged":[],"score":280,"play_id":"248f6d3b-cc1c-4df1-bc6d-c66cf614a9f6","local_time":"20190216135405","is_ascension_mode":true,"campfire_choices":[{"floor":6,"key":"REST"},{"floor":10,"key":"REST"},{"floor":15,"key":"REST"}],"neow_cost":"NONE","seed_source_timestamp":159863814730200,"circlet_count":0,"master_deck":["Strike_R","Strike_R","Strike_R","Strike_R","Strike_R","Defend_R","Defend_R+1","Defend_R","Defend_R","Bash","Cleave","Whirlwind","Regret","Armaments","Flex+1","Demon Form","Combust","Twin Strike","Limit Break","Thunderclap","Twin Strike+1","Perfected Strike"],"relics":["Burning Blood","Question Card","Happy Flower","Golden Idol","Bottled Lightning","War Paint","Busted Crown"],"potions_floor_usage":[7,16,16,16,23],"damage_taken":[{"damage":6,"enemies":"2 Louse","floor":1,"turns":2},{"damage":15,"enemies":"Jaw Worm","floor":2,"turns":5},{"damage":6,"enemies":"Cultist","floor":4,"turns":4},{"damage":35,"enemies":"Gremlin Gang","floor":5,"turns":5},{"damage":55,"enemies":"Lagavulin","floor":7,"turns":8},{"damage":11,"enemies":"3 Louse","floor":11,"turns":3},{"damage":28,"enemies":"Exordium Thugs","floor":13,"turns":5},{"damage":44,"enemies":"Hexaghost","floor":16,"turns":9},{"damage":5,"enemies":"3 Byrds","floor":18,"turns":5},{"damage":29,"enemies":"2 Thieves","floor":19,"turns":3},{"damage":10,"enemies":"Chosen and Byrds","floor":21,"turns":4},{"damage":38,"enemies":"Slavers","floor":23,"turns":2}],"seed_played":"-6300953672762982373","potions_obtained":[{"floor":5,"key":"Explosive Potion"},{"floor":7,"key":"BloodPotion"},{"floor":11,"key":"Block Potion"},{"floor":14,"key":"Energy Potion"},{"floor":21,"key":"Weak Potion"}],"is_trial":false,"path_per_floor":["M","M","?","M","M","R","E","?","T","R","M","T","M","?","R","B",null,"M","M","?","M","?","E"],"character_chosen":"IRONCLAD","items_purchased":[],"campfire_rested":3,"item_purchase_floors":[],"current_hp_per_floor":[80,71,71,71,42,68,19,19,19,43,38,38,16,16,40,10,63,64,41,41,37,37,0],"gold":355,"neow_bonus":"TEN_PERCENT_HP_BONUS","is_prod":false,"is_daily":false,"chose_seed":false,"campfire_upgraded":0,"win_rate":0,"timestamp":1550343245,"path_taken":["M","M","?","M","M","R","E","?","T","R","M","?","?","?","R","BOSS","M","M","?","?","?","E"],"build_version":"2019-01-23","purchased_purges":0,"victory":false,"max_hp_per_floor":[88,88,88,88,88,88,88,81,81,81,81,81,81,81,81,81,81,81,81,81,81,81,81],"card_choices":[{"not_picked":["Clothesline","Body Slam"],"picked":"Cleave","floor":1},{"not_picked":["Sentinel","Anger"],"picked":"Whirlwind","floor":2},{"not_picked":["Clash","Heavy Blade","Hemokinesis"],"picked":"Armaments","floor":4},{"not_picked":["Armaments","Entrench","Sword Boomerang"],"picked":"Flex","floor":5},{"not_picked":["Combust","Thunderclap","Flex"],"picked":"Demon Form","floor":7},{"not_picked":["Body Slam","Thunderclap","Clash"],"picked":"Combust","floor":11},{"not_picked":["Clash","Headbutt","Ghostly Armor"],"picked":"Twin Strike","floor":13},{"not_picked":["Immolate","Juggernaut","Fiend Fire"],"picked":"Limit Break","floor":16},{"not_picked":["Armaments"],"picked":"Thunderclap","floor":18},{"not_picked":["Thunderclap"],"picked":"Twin Strike+1","floor":19},{"not_picked":["Berserk","Perfected Strike"],"picked":"SKIP","floor":21}],"player_experience":501703,"relics_obtained":[{"floor":7,"key":"Happy Flower"},{"floor":9,"key":"Bottled Lightning"},{"floor":12,"key":"War Paint"}],"event_choices":[{"damage_healed":0,"gold_gain":0,"player_choice":"Box","damage_taken":0,"relics_obtained":["Question Card"],"max_hp_gain":0,"max_hp_loss":0,"event_name":"Big Fish","floor":3,"gold_loss":0,"cards_obtained":["Regret"]},{"damage_healed":0,"gold_gain":0,"player_choice":"Lose Max HP","damage_taken":0,"relics_obtained":["Golden Idol"],"max_hp_gain":0,"max_hp_loss":7,"event_name":"Golden Idol","floor":8,"gold_loss":0},{"damage_healed":0,"gold_gain":0,"player_choice":"Got Potions","damage_taken":0,"max_hp_gain":0,"max_hp_loss":0,"event_name":"Lab","floor":14,"gold_loss":0},{"damage_healed":0,"gold_gain":0,"player_choice":"Bet on Murderer","damage_taken":0,"max_hp_gain":0,"max_hp_loss":0,"event_name":"The Joust","floor":20,"gold_loss":50},{"damage_healed":0,"gold_gain":0,"player_choice":"1 cards matched","damage_taken":0,"max_hp_gain":0,"max_hp_loss":0,"event_name":"Match and Keep!","floor":22,"gold_loss":0,"cards_obtained":["Perfected Strike"]}],"is_beta":false,"boss_relics":[{"not_picked":["Coffee Dripper","Mark of Pain"],"picked":"Busted Crown"}],"items_purged_floors":[],"is_endless":false,"potions_floor_spawned":[5,7,11,21],"killed_by":"Slavers","ascension_level":9}