{"gold_per_floor":[118,129,109,119,44,44,44,73,125,141,176,190,190,200,200,274,274,290,306,306,318,4,4,38,57,57,57,57,57,82,82,82,82],"floor_reached":33,"playtime":3502,"items_purged":["Strike_G"],"score":535,"play_id":"42b956f4-685c-4b91-99f4-ae4bcd5b2f0c","local_time":"20190303144606","is_ascension_mode":true,"campfire_choices":[{"data":"Quick Slash","floor":6,"key":"SMITH"},{"floor":13,"key":"REST"},{"data":"Caltrops","floor":15,"key":"SMITH"},{"data":"Corpse Explosion","floor":23,"key":"SMITH"},{"floor":28,"key":"REST"},{"floor":32,"key":"REST"}],"neow_cost":"NONE","seed_source_timestamp":326516644782301,"circlet_count":0,"master_deck":["AscendersBane","Defend_G","Defend_G+1","Defend_G","Defend_G+1","Strike_G","Strike_G","Strike_G","Survivor","Neutralize","Well Laid Plans","Quick Slash+1","Blade Dance","Leg Sweep","Poisoned Stab","Adrenaline","Caltrops+1","Corpse Explosion+1","PiercingWail","Bouncing Flask+1","Heel Hook","Backflip","Decay","After Image+1"],"relics":["Ring of the Snake","Dream Catcher","War Paint","Happy Flower","Mummified Hand","Empty Cage","MutagenicStrength","Frozen Egg 2","Ninja Scroll","The Courier","Gremlin Horn"],"potions_floor_usage":[4,8,8,10,16,24,29,31],"damage_taken":[{"damage":10,"enemies":"Jaw Worm","floor":1,"turns":5},{"damage":0,"enemies":"Cultist","floor":2,"turns":4},{"damage":0,"enemies":"Small Slimes","floor":4,"turns":2},{"damage":28,"enemies":"Lagavulin","floor":8,"turns":9},{"damage":5,"enemies":"Gremlin Gang","floor":10,"turns":6},{"damage":11,"enemies":"3 Sentries","floor":11,"turns":12},{"damage":2,"enemies":"Exordium Wildlife","floor":12,"turns":6},{"damage":0,"enemies":"Looter","floor":14,"turns":3},{"damage":2,"enemies":"The Guardian","floor":16,"turns":14},{"damage":6,"enemies":"2 Thieves","floor":18,"turns":3},{"damage":0,"enemies":"Chosen","floor":19,"turns":5},{"damage":11,"enemies":"Centurion and Healer","floor":21,"turns":5},{"damage":24,"enemies":"Gremlin Leader","floor":24,"turns":7},{"damage":0,"enemies":"Chosen and Byrds","floor":25,"turns":4},{"damage":0,"enemies":"Shelled Parasite and Fungi","floor":29,"turns":2},{"damage":18,"enemies":"Slavers","floor":30,"turns":3},{"damage":0,"enemies":"Snecko","floor":31,"turns":3},{"damage":59,"enemies":"Collector","floor":33,"turns":11}],"seed_played":"7930797773799302630","potions_obtained":[{"floor":1,"key":"Block Potion"},{"floor":3,"key":"Fire Potion"},{"floor":4,"key":"Block Potion"},{"floor":8,"key":"Strength Potion"},{"floor":12,"key":"SkillPotion"},{"floor":21,"key":"SmokeBomb"},{"floor":25,"key":"SmokeBomb"}],"is_trial":false,"path_per_floor":["M","M","?","M","$","R","?","E","T","M","E","M","R","M","R","B",null,"M","M","?","M","$","R","E","M","T","?","R","M","E","M","R","B"],"character_chosen":"THE_SILENT","items_purchased":["Frozen Egg 2","PowerPotion"],"campfire_rested":3,"item_purchase_floors":[22,22],"current_hp_per_floor":[60,60,60,60,60,60,60,32,32,27,16,14,37,37,37,35,67,61,61,61,50,50,50,26,26,26,26,49,49,31,31,54,0],"gold":82,"neow_bonus":"TEN_PERCENT_HP_BONUS","is_prod":false,"is_daily":false,"chose_seed":false,"campfire_upgraded":3,"win_rate":0,"timestamp":1551642366,"path_taken":["M","M","?","?","$","R","?","E","T","M","E","M","R","?","R","BOSS","M","M","?","M","$","R","E","M","T","?","R","M","E","M","R","BOSS"],"build_version":"2019-01-23","purchased_purges":1,"victory":false,"max_hp_per_floor":[77,77,77,77,77,77,77,77,77,77,77,77,77,77,77,77,77,77,77,77,77,77,77,77,77,77,77,77,77,77,77,77,77],"card_choices":[{"not_picked":["Calculated Gamble","PiercingWail"],"picked":"Well Laid Plans","floor":1},{"not_picked":["Underhanded Strike","Heel Hook"],"picked":"Quick Slash","floor":2},{"not_picked":["Prepared","Well Laid Plans"],"picked":"Blade Dance","floor":4},{"not_picked":["Tools of the Trade","Quick Slash"],"picked":"Leg Sweep","floor":8},{"not_picked":["Prepared","Cloak And Dagger","Sucker Punch"],"picked":"SKIP","floor":10},{"not_picked":["Accuracy","Dagger Spray"],"picked":"Poisoned Stab","floor":11},{"not_picked":["All Out Attack","Flying Knee"],"picked":"Adrenaline","floor":12},{"not_picked":["Eviscerate","Prepared"],"picked":"Caltrops","floor":14},{"not_picked":["Die Die Die","Doppelganger"],"picked":"Corpse Explosion","floor":16},{"not_picked":["Prepared+1","Flechettes","Riddle With Holes"],"picked":"SKIP","floor":18},{"not_picked":["Caltrops","Poisoned Stab"],"picked":"PiercingWail","floor":19},{"not_picked":["Bane","Poisoned Stab"],"picked":"Bouncing Flask+1","floor":21},{"not_picked":["Infinite Blades+1","Night Terror"],"picked":"Heel Hook","floor":24},{"not_picked":["Expertise","Infinite Blades+1"],"picked":"Backflip","floor":25},{"not_picked":["Dagger Spray","Bouncing Flask"],"picked":"After Image+1","floor":30}],"player_experience":379116,"relics_obtained":[{"floor":7,"key":"Dream Catcher"},{"floor":8,"key":"War Paint"},{"floor":9,"key":"Happy Flower"},{"floor":11,"key":"Mummified Hand"},{"floor":24,"key":"Ninja Scroll"},{"floor":26,"key":"The Courier"},{"floor":30,"key":"Gremlin Horn"}],"event_choices":[{"damage_healed":0,"gold_gain":0,"player_choice":"Bought 1 Potion","damage_taken":0,"max_hp_gain":0,"max_hp_loss":0,"event_name":"The Woman in Blue","floor":3,"gold_loss":0},{"damage_healed":0,"gold_gain":0,"player_choice":"Relic","damage_taken":0,"max_hp_gain":0,"max_hp_loss":0,"event_name":"Wheel of Change","floor":7,"gold_loss":0},{"damage_healed":0,"gold_gain":0,"player_choice":"Inject Mutagens","damage_taken":0,"relics_obtained":["MutagenicStrength"],"max_hp_gain":0,"max_hp_loss":0,"event_name":"Drug Dealer","floor":20,"gold_loss":0},{"damage_healed":0,"gold_gain":0,"player_choice":"Smashed Altar","damage_taken":0,"max_hp_gain":0,"max_hp_loss":0,"event_name":"Forgotten Altar","floor":27,"gold_loss":0,"cards_obtained":["Decay"]}],"is_beta":false,"boss_relics":[{"not_picked":["Calling Bell","Runic Dome"],"picked":"Empty Cage"}],"items_purged_floors":[5],"is_endless":false,"potions_floor_spawned":[1,4,8,12,21,25,29],"killed_by":"Collector","ascension_level":13}