{"gold_per_floor":[114,114,137,212,212,212,231,245,245,28,71,71,104,122,122,216,216,237,253,278,278,278,317,317,356,383,27,66,81,81,104,104,193,193,206,19,42,56,70,109,109,143,169,185,205,205,240,255,255,255,255,255,255,6,46,46],"floor_reached":57,"playtime":5043,"items_purged":["Eviscerate+1"],"score":3013,"play_id":"7f63de53-1757-4f84-b846-06ee2e4b373f","local_time":"20181224202932","is_ascension_mode":true,"campfire_choices":[{"data":"Finisher","floor":6,"key":"SMITH"},{"data":"Blade Dance","floor":12,"key":"SMITH"},{"data":"Wraith Form v2","floor":15,"key":"SMITH"},{"data":"Dodge and Roll","floor":24,"key":"SMITH"},{"data":"Well Laid Plans","floor":30,"key":"SMITH"},{"data":"Infinite Blades","floor":32,"key":"SMITH"},{"data":"Wraith Form v2","floor":41,"key":"SMITH"},{"floor":46,"key":"RECALL"},{"floor":49,"key":"REST"},{"floor":53,"key":"REST"}],"neow_cost":"TEN_PERCENT_HP_LOSS","seed_source_timestamp":260039330048542,"circlet_count":0,"master_deck":["AscendersBane","Survivor","Neutralize","Infinite Blades+1","Finisher+1","Blade Dance+1","Predator","Venomology","Wraith Form v2+1","Escape Plan","Die Die Die+1","Dagger Throw+1","Dodge and Roll+1","Unload+1","Predator+1","Crippling Poison","Skewer+1","All Out Attack+1","Crippling Poison","Crippling Poison","Dodge and Roll","Dodge and Roll","Well Laid Plans+1","Cloak And Dagger+1","Terror+1","Wraith Form v2+1","Backflip","Noxious Fumes","Dodge and Roll","Cloak And Dagger","Outmaneuver+1","Envenom","Caltrops"],"relics":["Ring of the Snake","Mango","Golden Idol","Matryoshka","Ninja Scroll","Sundial","Potion Belt","Molten Egg 2","Pandora\u0027s Box","MutagenicStrength","Bag of Marbles","Pear","Pen Nib","Orichalcum","OrangePellets","Regal Pillow","Black Star","Centennial Puzzle","Vajra","The Courier","Happy Flower","Anchor","Lantern","Bronze Scales","Blood Vial","Letter Opener"],"potions_floor_usage":[16,18,20,23,23,25,25,28,33,33,50,50,51,56,56,56,56,56],"damage_taken":[{"damage":9,"enemies":"Jaw Worm","floor":1,"turns":8},{"damage":4,"enemies":"Small Slimes","floor":3,"turns":4},{"damage":0,"enemies":"2 Louse","floor":7,"turns":2},{"damage":8,"enemies":"Blue Slaver","floor":8,"turns":5},{"damage":10,"enemies":"3 Sentries","floor":11,"turns":5},{"damage":11,"enemies":"Gremlin Nob","floor":13,"turns":3},{"damage":4,"enemies":"3 Louse","floor":14,"turns":3},{"damage":0,"enemies":"Slime Boss","floor":16,"turns":5},{"damage":4,"enemies":"2 Thieves","floor":18,"turns":4},{"damage":0,"enemies":"Spheric Guardian","floor":19,"turns":1},{"damage":12,"enemies":"Centurion and Healer","floor":20,"turns":5},{"damage":7,"enemies":"Slavers","floor":23,"turns":4},{"damage":33,"enemies":"Book of Stabbing","floor":25,"turns":4},{"damage":1,"enemies":"Slavers","floor":28,"turns":2},{"damage":0,"enemies":"3 Cultists","floor":29,"turns":4},{"damage":0,"enemies":"Snecko","floor":31,"turns":1},{"damage":11,"enemies":"Champ","floor":33,"turns":7},{"damage":0,"enemies":"3 Darklings","floor":35,"turns":4},{"damage":8,"enemies":"3 Shapes","floor":37,"turns":5},{"damage":0,"enemies":"Transient","floor":38,"turns":6},{"damage":24,"enemies":"Maw","floor":39,"turns":5},{"damage":3,"enemies":"Reptomancer","floor":40,"turns":5},{"damage":0,"enemies":"Nemesis","floor":42,"turns":5},{"damage":0,"enemies":"3 Darklings","floor":44,"turns":6},{"damage":4,"enemies":"Sphere and 2 Shapes","floor":45,"turns":7},{"damage":7,"enemies":"Giant Head","floor":47,"turns":2},{"damage":2,"enemies":"4 Shapes","floor":48,"turns":4},{"damage":39,"enemies":"Donu and Deca","floor":50,"turns":8},{"damage":9,"enemies":"Time Eater","floor":51,"turns":8},{"damage":1,"enemies":"Shield and Spear","floor":55,"turns":5},{"damage":39,"enemies":"The Heart","floor":56,"turns":7}],"seed_played":"-8811996970208564366","potions_obtained":[{"floor":1,"key":"Ancient Potion"},{"floor":3,"key":"Swift Potion"},{"floor":13,"key":"Fire Potion"},{"floor":16,"key":"Fire Potion"},{"floor":18,"key":"Poison Potion"},{"floor":20,"key":"Regen Potion"},{"floor":25,"key":"LiquidBronze"},{"floor":28,"key":"PowerPotion"},{"floor":33,"key":"Swift Potion"},{"floor":35,"key":"PowerPotion"},{"floor":47,"key":"GhostInAJar"},{"floor":55,"key":"Block Potion"}],"is_trial":false,"path_per_floor":["M","?","M","?","T","R","M","M","T","$","E","R","E","M","R","B",null,"M","M","M","?","?","E","R","E","T","$","E","M","R","M","R","B",null,"M","$","M","M","M","E","R","E","T","M","M","R","E","M","R","B","B",null,"R","$","E","B",null],"character_chosen":"THE_SILENT","items_purchased":["Potion Belt","Strength Potion","OrangePellets","SteroidPotion","Noxious Fumes","Dodge and Roll","GhostInAJar","Bronze Scales","Caltrops","Poison Potion"],"campfire_rested":2,"item_purchase_floors":[10,10,27,27,36,36,36,54,54,54],"current_hp_per_floor":[64,64,60,49,49,49,49,41,41,41,31,31,20,16,16,16,54,50,50,38,38,38,43,43,20,20,20,19,19,19,19,19,8,60,60,60,52,52,28,25,25,25,25,25,21,21,14,12,50,11,2,58,77,77,76,38],"gold":46,"neow_bonus":"ONE_RARE_RELIC","is_prod":false,"is_daily":false,"chose_seed":false,"campfire_upgraded":7,"win_rate":0,"timestamp":1545712172,"path_taken":["M","?","M","?","?","R","M","M","T","?","E","R","E","M","R","BOSS","M","M","M","?","?","E","R","E","T","$","E","M","R","M","R","BOSS","M","$","M","M","M","E","R","E","T","M","M","R","E","M","R","BOSS","BOSS","R","$","E","BOSS"],"build_version":"2018-12-20","purchased_purges":1,"victory":true,"max_hp_per_floor":[74,67,67,67,67,67,67,67,67,67,67,67,67,67,67,67,67,67,67,67,67,67,67,67,77,77,77,77,77,77,77,77,77,77,77,77,77,77,77,77,77,77,77,77,77,77,77,77,77,77,77,77,77,77,77,77],"card_choices":[{"not_picked":["All Out Attack","Deflect"],"picked":"Infinite Blades","floor":1},{"not_picked":["Poisoned Stab","PiercingWail"],"picked":"Finisher","floor":3},{"not_picked":["Accuracy","Distraction"],"picked":"Blade Dance","floor":7},{"not_picked":["Caltrops","Accuracy"],"picked":"Predator","floor":8},{"not_picked":["All Out Attack","Riddle With Holes"],"picked":"Venomology","floor":11},{"not_picked":["Sucker Punch","Bane"],"picked":"Wraith Form v2","floor":13},{"not_picked":["Dagger Spray+1","Quick Slash+1"],"picked":"Escape Plan","floor":14},{"not_picked":["Unload+1","Doppelganger"],"picked":"Die Die Die+1","floor":16},{"not_picked":["Skewer+1","Blur","Catalyst"],"picked":"SKIP","floor":18},{"not_picked":["Setup","Eviscerate+1"],"picked":"Dodge and Roll","floor":19},{"not_picked":["Skewer+1","Dagger Spray+1"],"picked":"Dodge and Roll","floor":20},{"not_picked":["Choke+1","Flying Knee+1","Sucker Punch+1"],"picked":"SKIP","floor":23},{"not_picked":["Backflip","Cloak And Dagger"],"picked":"Well Laid Plans","floor":25},{"not_picked":["Leg Sweep","Calculated Gamble+1"],"picked":"Cloak And Dagger+1","floor":28},{"not_picked":["Outmaneuver","A Thousand Cuts"],"picked":"Terror+1","floor":29},{"not_picked":["Underhanded Strike+1","Endless Agony+1","Poisoned Stab+1"],"picked":"SKIP","floor":31},{"not_picked":["Doppelganger","Tools of the Trade"],"picked":"Wraith Form v2","floor":33},{"not_picked":["Backstab+1","Dodge and Roll"],"picked":"Backflip","floor":35},{"not_picked":["Deadly Poison","Dagger Spray+1"],"picked":"Cloak And Dagger","floor":37},{"not_picked":["Quick Slash+1","Riddle With Holes+1","Leg Sweep"],"picked":"SKIP","floor":38},{"not_picked":["Acrobatics","Endless Agony+1"],"picked":"Outmaneuver+1","floor":39},{"not_picked":["All Out Attack+1","Terror","Setup"],"picked":"SKIP","floor":40},{"not_picked":["Dodge and Roll","Concentrate","Dagger Throw+1"],"picked":"SKIP","floor":42},{"not_picked":["Slice+1","Setup+1","Accuracy"],"picked":"SKIP","floor":44},{"not_picked":["Acrobatics","Underhanded Strike+1","Setup"],"picked":"SKIP","floor":45},{"not_picked":["Bouncing Flask","Outmaneuver","Choke+1"],"picked":"SKIP","floor":47},{"not_picked":["Well Laid Plans","Blade Dance"],"picked":"Envenom","floor":48},{"not_picked":["Calculated Gamble","Expertise","Prepared"],"picked":"SKIP","floor":55}],"player_experience":4023863,"relics_obtained":[{"floor":5,"key":"Matryoshka"},{"floor":9,"key":"Ninja Scroll"},{"floor":9,"key":"Sundial"},{"floor":13,"key":"Molten Egg 2"},{"floor":23,"key":"Bag of Marbles"},{"floor":25,"key":"Pear"},{"floor":26,"key":"Pen Nib"},{"floor":26,"key":"Orichalcum"},{"floor":28,"key":"Regal Pillow"},{"floor":40,"key":"Centennial Puzzle"},{"floor":40,"key":"Vajra"},{"floor":42,"key":"The Courier"},{"floor":42,"key":"Happy Flower"},{"floor":47,"key":"Anchor"},{"floor":47,"key":"Lantern"},{"floor":55,"key":"Blood Vial"},{"floor":55,"key":"Letter Opener"}],"event_choices":[{"damage_healed":0,"gold_gain":0,"player_choice":"Lose Max HP","damage_taken":0,"relics_obtained":["Golden Idol"],"max_hp_gain":0,"max_hp_loss":7,"event_name":"Golden Idol","floor":2,"gold_loss":0},{"damage_healed":0,"gold_gain":75,"player_choice":"Gather Gold","damage_taken":11,"max_hp_gain":0,"max_hp_loss":0,"event_name":"World of Goop","floor":4,"gold_loss":0},{"damage_healed":0,"gold_gain":0,"player_choice":"Ignored","damage_taken":0,"max_hp_gain":0,"max_hp_loss":0,"event_name":"Vampires","floor":21,"gold_loss":0},{"damage_healed":0,"gold_gain":0,"player_choice":"Inject Mutagens","damage_taken":0,"relics_obtained":["MutagenicStrength"],"max_hp_gain":0,"max_hp_loss":0,"event_name":"Drug Dealer","floor":22,"gold_loss":0}],"is_beta":true,"boss_relics":[{"not_picked":["Velvet Choker","Busted Crown"],"picked":"Pandora\u0027s Box"},{"not_picked":["Runic Pyramid","Empty Cage"],"picked":"Black Star"}],"items_purged_floors":[27],"is_endless":false,"potions_floor_spawned":[1,3,13,16,18,20,25,28,33,35,37,42,45,47,48,55],"ascension_level":20}