{"gold_per_floor":[118,118,118,142,166,202,202,267,294,313,313,165,178,198,198,198],"floor_reached":16,"playtime":547,"items_purged":[],"score":121,"play_id":"495cd72f-c413-47ac-9fa8-b8ff25ab28c8","local_time":"20181230155958","is_ascension_mode":true,"campfire_choices":[{"floor":7,"key":"REST"},{"data":"Spot Weakness","floor":11,"key":"SMITH"},{"data":"Bash","floor":15,"key":"SMITH"}],"neow_cost":"NONE","seed_source_timestamp":857203980174626,"circlet_count":0,"master_deck":["Strike_R","Strike_R+1","Strike_R","Strike_R","Strike_R","Defend_R+1","Defend_R","Defend_R","Defend_R","Bash+1","Cleave","Spot Weakness+1","Armaments","Iron Wave","Battle Trance","Spot Weakness","Dual Wield"],"relics":["Burning Blood","Centennial Puzzle","Golden Idol","Red Skull","Bronze Scales","Tiny Chest","Bag of Preparation","Anchor"],"potions_floor_usage":[6,16,16],"damage_taken":[{"damage":3,"enemies":"2 Louse","floor":1,"turns":2},{"damage":4,"enemies":"Jaw Worm","floor":5,"turns":3},{"damage":20,"enemies":"Lagavulin","floor":6,"turns":5},{"damage":24,"enemies":"Gremlin Nob","floor":8,"turns":4},{"damage":0,"enemies":"Small Slimes","floor":10,"turns":1},{"damage":0,"enemies":"3 Louse","floor":13,"turns":2},{"damage":2,"enemies":"2 Fungi Beasts","floor":14,"turns":3},{"damage":62,"enemies":"The Guardian","floor":16,"turns":9}],"seed_played":"-2060524883810038163","potions_obtained":[{"floor":5,"key":"FearPotion"},{"floor":6,"key":"Dexterity Potion"},{"floor":14,"key":"BloodPotion"}],"is_trial":false,"path_per_floor":["M","?","?","T","M","E","R","E","T","M","R","$","M","M","R","B"],"character_chosen":"IRONCLAD","items_purchased":["Anchor"],"campfire_rested":1,"item_purchase_floors":[12],"current_hp_per_floor":[80,60,44,44,46,32,56,38,38,44,44,44,50,54,54,0],"gold":198,"neow_bonus":"RANDOM_COMMON_RELIC","is_prod":false,"is_daily":false,"chose_seed":false,"campfire_upgraded":2,"win_rate":0,"timestamp":1546203598,"path_taken":["M","?","?","?","M","E","R","E","T","?","R","$","M","M","R","BOSS"],"build_version":"2018-12-20","purchased_purges":0,"victory":false,"max_hp_per_floor":[80,80,80,80,80,80,80,80,80,80,80,80,80,80,80,80],"card_choices":[{"not_picked":["Burning Pact","Pommel Strike"],"picked":"Cleave","floor":1},{"not_picked":["Iron Wave","Evolve"],"picked":"Spot Weakness","floor":5},{"not_picked":["Sword Boomerang","Sever Soul"],"picked":"Armaments","floor":6},{"not_picked":["Hemokinesis","Perfected Strike"],"picked":"Iron Wave","floor":8},{"not_picked":["Perfected Strike","Clash"],"picked":"Battle Trance","floor":10},{"not_picked":["Combust","Disarm"],"picked":"Spot Weakness","floor":13},{"not_picked":["True Grit","Twin Strike"],"picked":"Dual Wield","floor":14}],"player_experience":408250,"relics_obtained":[{"floor":4,"key":"Red Skull"},{"floor":6,"key":"Bronze Scales"},{"floor":8,"key":"Tiny Chest"},{"floor":9,"key":"Bag of Preparation"}],"event_choices":[{"damage_healed":0,"gold_gain":0,"player_choice":"Take Damage","damage_taken":20,"relics_obtained":["Golden Idol"],"max_hp_gain":0,"max_hp_loss":0,"event_name":"Golden Idol","floor":2,"gold_loss":0},{"damage_healed":0,"gold_gain":0,"player_choice":"Entered Light","damage_taken":16,"max_hp_gain":0,"max_hp_loss":0,"event_name":"Shining Light","floor":3,"gold_loss":0,"cards_upgraded":["Strike_R","Defend_R"]}],"is_beta":false,"boss_relics":[],"items_purged_floors":[],"is_endless":false,"potions_floor_spawned":[5,6,14],"killed_by":"The Guardian","ascension_level":2}