{"path_per_floor":["M","?","$","?","$","R","E","M","T","R","?","M","M","M","R","B",null,"M","$","?","?","$","R","E","R","T","M","R","$","M","M","R"],"character_chosen":"IRONCLAD","items_purchased":["Armaments","Whirlwind","Thunderclap","Rupture","Bloodletting","Bandage Up"],"gold_per_floor":[111,111,10,10,10,10,35,55,55,55,55,69,81,100,100,200,230,248,177,177,177,151,151,179,179,204,218,218,3,20,39,39],"floor_reached":33,"campfire_rested":3,"playtime":1215,"current_hp_per_floor":[73,66,66,66,66,66,44,50,50,50,50,54,54,60,80,26,72,78,78,62,62,62,62,35,35,35,31,58,58,69,64,90],"items_purged":["Defend_R"],"gold":39,"score":355,"play_id":"2fd6d394-fcff-4070-aaf0-605914c28702","local_time":"20180310184955","is_prod":false,"is_daily":false,"is_ascension_mode":true,"campfire_upgraded":4,"timestamp":1520729395,"path_taken":["M","?","$","?","?","R","E","?","T","R","?","M","M","M","R","BOSS","M","$","?","?","$","R","E","R","T","M","R","$","?","M","R","BOSS"],"build_version":"2018-03-09","purchased_purges":2,"victory":false,"master_deck":["Strike_R+1","Strike_R","Strike_R","Defend_R+1","Defend_R","Defend_R","Bash+1","Cleave","Armaments+1","Impervious","Iron Wave+1","Shrug It Off+1","Bludgeon+1","Iron Wave","Whirlwind+1","Thunderclap","Pommel Strike","Whirlwind+1","Rupture","Bloodletting+1","Bandage Up+1","Spot Weakness+1"],"max_hp_per_floor":[80,80,80,80,80,80,80,80,80,80,80,80,80,80,80,80,85,85,85,90,90,90,90,90,90,90,90,90,90,90,90,90],"relics":["Burning Blood","Whetstone","Toxic Egg 2","Tiny House","Lantern","Gambling Chip","Blood Vial"],"card_choices":[{"not_picked":["Clothesline","Dual Wield"],"picked":"Cleave"},{"not_picked":["Sword Boomerang","Heavy Blade"],"picked":"Impervious"},{"not_picked":["Feel No Pain","Disarm"],"picked":"Iron Wave"},{"not_picked":["Searing Blow","Flex"],"picked":"Shrug It Off"},{"not_picked":["Impervious","Reaper"],"picked":"Bludgeon"},{"not_picked":["Fire Breathing","Pommel Strike"],"picked":"Iron Wave"},{"not_picked":["Power Through","Havoc"],"picked":"Pommel Strike"},{"not_picked":["Power Through","Iron Wave"],"picked":"Whirlwind"},{"not_picked":["Berserk","Body Slam"],"picked":"Spot Weakness"}],"player_experience":304683,"potions_floor_usage":[16,24,33,33],"damage_taken":[{"damage":5.0,"enemies":"Small Slimes","floor":1.0,"turns":3.0},{"damage":28.0,"enemies":"3 Sentries","floor":7.0,"turns":8.0},{"damage":0.0,"enemies":"Jaw Worm","floor":8.0,"turns":4.0},{"damage":2.0,"enemies":"2 Louse","floor":12.0,"turns":2.0},{"damage":6.0,"enemies":"Exordium Wildlife","floor":13.0,"turns":4.0},{"damage":0,"enemies":"2 Fungi Beasts","floor":14,"turns":4},{"damage":60,"enemies":"Hexaghost","floor":16,"turns":12},{"damage":0,"enemies":"Chosen","floor":18,"turns":4},{"damage":33,"enemies":"Gremlin Leader","floor":24,"turns":7},{"damage":12,"enemies":"Shell Parasite","floor":27,"turns":5},{"damage":3,"enemies":"Sentry and Sphere","floor":30,"turns":4},{"damage":19,"enemies":"Snake Plant","floor":31,"turns":3},{"damage":101,"enemies":"Collector","floor":33,"turns":8}],"event_choices":[{"event_name":"Golden Wing","player_choice":"Card Removal","floor":2.0,"damage_taken":0.0},{"event_name":"The Cleric","player_choice":"Leave","floor":4.0,"damage_taken":0.0},{"event_name":"Liars Game","player_choice":"disagreed","floor":11.0,"damage_taken":0.0},{"event_name":"Forgotten Altar","player_choice":"Shed Blood","floor":20,"damage_taken":0},{"event_name":"Accursed Blacksmith","player_choice":"Rummage","floor":21,"damage_taken":0}],"boss_relics":[{"not_picked":["Runic Pyramid","Pandora\u0027s Box"],"picked":"Tiny House"}],"potions_floor_spawned":[12,13,14,31],"seed_played":"8687418593956972101","killed_by":"Collector","ascension_level":7,"is_trial":false}