{"gold_per_floor":[117,117,127,142,142,142,155,155,155,175,100,100,0,11,11,88,138,152,152,162,196,71,71,101,101,127,127,127],"floor_reached":28,"playtime":971,"items_purged":["Decay","Strike_R","Strike_R"],"score":407,"play_id":"5ae178db-022c-4fd5-be43-e3db75e0c51a","local_time":"20190224231007","is_ascension_mode":true,"campfire_choices":[{"data":"Whirlwind","floor":6.0,"key":"SMITH"},{"data":"Bash","floor":8.0,"key":"SMITH"},{"data":"Defend_R","floor":12.0,"key":"SMITH"},{"data":"Defend_R","floor":15.0,"key":"SMITH"},{"data":"Flex","floor":23.0,"key":"SMITH"},{"data":"Double Tap","floor":25,"key":"SMITH"},{"data":"Brutality","floor":27,"key":"SMITH"}],"neow_cost":"PERCENT_DAMAGE","seed_source_timestamp":0,"circlet_count":0,"master_deck":["AscendersBane","Strike_R+1","Strike_R","Defend_R+1","Defend_R+1","Bash+1","Whirlwind+1","Flex+1","Thunderclap+1","Double Tap+1","Brutality+1"],"special_seed":0,"relics":["Burning Blood","Anchor","Tiny House","Red Mask","Matryoshka","Paper Frog","Omamori"],"potions_floor_usage":[24,24],"damage_taken":[{"damage":1.0,"enemies":"2 Louse","floor":1.0,"turns":3.0},{"damage":6.0,"enemies":"Cultist","floor":3.0,"turns":3.0},{"damage":13.0,"enemies":"Jaw Worm","floor":4.0,"turns":4.0},{"damage":13.0,"enemies":"Exordium Thugs","floor":7.0,"turns":3.0},{"damage":2.0,"enemies":"Large Slime","floor":10.0,"turns":4.0},{"damage":0.0,"enemies":"2 Fungi Beasts","floor":14.0,"turns":2.0},{"damage":42.0,"enemies":"Slime Boss","floor":16.0,"turns":8.0},{"damage":14.0,"enemies":"Chosen","floor":18.0,"turns":5.0},{"damage":0.0,"enemies":"3 Byrds","floor":20.0,"turns":3.0},{"damage":6.0,"enemies":"Masked Bandits","floor":21.0,"turns":3.0},{"damage":25,"enemies":"Book of Stabbing","floor":24,"turns":4},{"damage":27,"enemies":"Slavers","floor":28,"turns":2}],"seed_played":"-6526603206477468333","potions_obtained":[{"floor":3.0,"key":"Swift Potion"},{"floor":10.0,"key":"FearPotion"},{"floor":17.0,"key":"Strength Potion"},{"floor":18.0,"key":"LiquidBronze"},{"floor":21.0,"key":"Block Potion"},{"floor":24,"key":"FearPotion"}],"is_trial":false,"path_per_floor":["M","?","M","M","?","R","M","R","T","M","$","R","$","M","R","B",null,"M","?","M","?","$","R","E","R","T","R","E"],"character_chosen":"IRONCLAD","items_purchased":[],"campfire_rested":0,"item_purchase_floors":[],"current_hp_per_floor":[55,55,55,48,48,48,41,41,41,45,45,45,45,51,51,15,65,57,34,40,40,40,40,21,21,21,21,0],"gold":127,"neow_bonus":"REMOVE_TWO","is_prod":false,"is_daily":false,"chose_seed":false,"campfire_upgraded":7,"win_rate":0,"timestamp":1551017407,"path_taken":["M","?","M","?","?","R","M","R","T","M","?","R","$","M","R","BOSS","M","?","M","?","$","R","E","R","T","R","E"],"build_version":"2019-01-23","purchased_purges":3,"victory":false,"max_hp_per_floor":[75,75,75,75,75,75,75,75,75,75,75,75,75,75,75,75,80,80,85,85,85,85,85,85,85,85,85,85],"card_choices":[{"not_picked":["Perfected Strike","Clothesline","Metallicize"],"picked":"SKIP","floor":1.0},{"not_picked":["Headbutt","Clothesline"],"picked":"Whirlwind","floor":3.0},{"not_picked":["Infernal Blade","Second Wind","Warcry"],"picked":"SKIP","floor":4.0},{"not_picked":["Corruption","Warcry","Infernal Blade"],"picked":"SKIP","floor":7.0},{"not_picked":["Shrug It Off","Body Slam","Corruption"],"picked":"SKIP","floor":10.0},{"not_picked":["Rupture","Shockwave","Wild Strike"],"picked":"SKIP","floor":14.0},{"not_picked":["Warcry","Clothesline"],"picked":"Flex","floor":17.0},{"not_picked":["Heavy Blade","Shrug It Off","Cleave"],"picked":"SKIP","floor":18.0},{"not_picked":["Perfected Strike","Wild Strike"],"picked":"Thunderclap+1","floor":20.0},{"not_picked":["Battle Trance","Thunderclap"],"picked":"Double Tap","floor":21.0},{"not_picked":["Thunderclap","Body Slam"],"picked":"Brutality","floor":24}],"player_experience":933521,"relics_obtained":[{"floor":9.0,"key":"Anchor"},{"floor":21.0,"key":"Red Mask"},{"floor":24,"key":"Matryoshka"},{"floor":26,"key":"Paper Frog"},{"floor":26,"key":"Omamori"}],"event_choices":[{"cards_removed":["Defend_R"],"damage_healed":0.0,"max_hp_gain":0.0,"max_hp_loss":0.0,"gold_gain":0.0,"event_name":"Bonfire Elementals","player_choice":"Offered Basic","floor":2.0,"gold_loss":0.0,"damage_taken":0.0},{"damage_healed":0.0,"max_hp_gain":0.0,"max_hp_loss":0.0,"gold_gain":0.0,"event_name":"Wheel of Change","player_choice":"Cursed","floor":5.0,"gold_loss":0.0,"damage_taken":0.0,"cards_obtained":["Decay"]},{"damage_healed":0.0,"max_hp_gain":5.0,"max_hp_loss":0.0,"gold_gain":0.0,"event_name":"Forgotten Altar","player_choice":"Shed Blood","floor":19.0,"gold_loss":0.0,"damage_taken":28.0},{"damage_healed":0.0,"max_hp_gain":0.0,"max_hp_loss":0.0,"gold_gain":0.0,"event_name":"Masked Bandits","player_choice":"Fought Bandits","floor":21.0,"gold_loss":0.0,"damage_taken":0.0}],"is_beta":false,"boss_relics":[{"not_picked":["Eternal Feather","Mark of Pain"],"picked":"Tiny House"}],"items_purged_floors":[11,13,22],"is_endless":false,"potions_floor_spawned":[3,10,14,18,21,24],"killed_by":"Slavers","ascension_level":16}