{"gold_per_floor":[115,131,131,6,6,6,181,195,195,216,37,52,52,52,52,171,171,185,185,203,224,139,139,157,57,57,57,96,96,96,115,115,115],"floor_reached":33,"playtime":1396,"items_purged":["Doubt","Gash"],"score":306,"play_id":"f8917630-2c48-4ac2-a1f6-fef9d44ebcf5","local_time":"20181104223859","is_ascension_mode":true,"campfire_choices":[{"data":"Sunder","floor":6,"key":"SMITH"},{"data":"Static Discharge","floor":13,"key":"SMITH"},{"data":"Biased Cognition","floor":15,"key":"SMITH"},{"data":"Genetic Algorithm","floor":23,"key":"SMITH"},{"data":"Mind Blast","floor":30,"key":"SMITH"},{"floor":32,"key":"REST"}],"neow_cost":"NONE","seed_source_timestamp":96790906643165,"circlet_count":0,"master_deck":["Zap","Dualcast","Biased Cognition+1","Cold Snap","Sunder+1","Stack","Ball Lightning","Turbo","Chill+1","Coolheaded","Static Discharge+1","Stack","Tempest","Electrodynamics","Redo","Barrage","Genetic Algorithm+1","Darkness","Cold Snap","Hologram","Steam+1","Mind Blast+1","Reinforced Body+1","Hologram+1","Coolheaded","Rainbow+1","Storm+1"],"relics":["Cracked Core","Golden Idol","Orichalcum","Pandora\u0027s Box","Meat on the Bone","WingedGreaves","War Paint"],"potions_floor_usage":[16,28,33,33],"damage_taken":[{"damage":0,"enemies":"Cultist","floor":1,"turns":2},{"damage":2,"enemies":"Jaw Worm","floor":2,"turns":3},{"damage":0,"enemies":"2 Louse","floor":8,"turns":2},{"damage":0,"enemies":"2 Fungi Beasts","floor":10,"turns":3},{"damage":1,"enemies":"3 Louse","floor":12,"turns":4},{"damage":18,"enemies":"Slime Boss","floor":16,"turns":7},{"damage":0,"enemies":"3 Byrds","floor":18,"turns":2},{"damage":5,"enemies":"Spheric Guardian","floor":20,"turns":3},{"damage":13,"enemies":"Cultist and Chosen","floor":21,"turns":7},{"damage":3,"enemies":"Snecko","floor":24,"turns":4},{"damage":11,"enemies":"Slavers","floor":28,"turns":4},{"damage":7,"enemies":"3 Cultists","floor":31,"turns":5},{"damage":79,"enemies":"Automaton","floor":33,"turns":6}],"seed_played":"-7420096850323181272","potions_obtained":[{"floor":2,"key":"Weak Potion"},{"floor":10,"key":"LiquidBronze"},{"floor":12,"key":"Ancient Potion"},{"floor":20,"key":"LiquidBronze"},{"floor":21,"key":"PowerPotion"},{"floor":28,"key":"Explosive Potion"}],"is_trial":false,"path_per_floor":["M","M","?","$","?","R","?","M","T","M","$","M","R","?","R","B",null,"M","?","M","M","?","R","M","$","T","?","E","?","R","M","R","B"],"character_chosen":"DEFECT","items_purchased":["Stack","Ball Lightning","Turbo","Static Discharge","Stack"],"campfire_rested":1,"item_purchase_floors":[4,4,4,11,11],"current_hp_per_floor":[75,73,78,78,58,58,58,58,58,58,58,57,57,50,50,32,80,80,80,75,62,62,62,59,59,59,59,48,48,48,41,65,0],"gold":115,"neow_bonus":"ONE_RANDOM_RARE_CARD","is_prod":false,"is_daily":false,"chose_seed":false,"campfire_upgraded":5,"win_rate":0,"timestamp":1541389139,"path_taken":["M","?","?","$","?","R","?","M","T","M","$","M","R","?","R","BOSS","M","?","?","M","?","R","M","$","T","?","E","?","R","M","R","BOSS"],"build_version":"2018-11-01","purchased_purges":2,"victory":false,"max_hp_per_floor":[75,75,80,80,80,80,80,80,80,80,80,80,80,80,80,80,80,80,80,80,80,80,80,80,80,80,80,80,80,80,80,80,80],"card_choices":[{"not_picked":["Reprogram","Hologram"],"picked":"Cold Snap","floor":1},{"not_picked":["Rebound","Sweeping Beam"],"picked":"Sunder","floor":2},{"not_picked":["Compile Driver","Fusion"],"picked":"Chill","floor":8},{"not_picked":["Leap","Self Repair"],"picked":"Coolheaded","floor":10},{"not_picked":["Lockon","Leap"],"picked":"Tempest","floor":12},{"not_picked":["All For One","Biased Cognition"],"picked":"Electrodynamics","floor":16},{"not_picked":["Doom and Gloom","Sweeping Beam"],"picked":"Steam+1","floor":18},{"not_picked":["Ball Lightning","Gash+1"],"picked":"Reinforced Body+1","floor":20},{"not_picked":["Barrage+1","Gash"],"picked":"Hologram+1","floor":21},{"not_picked":["Double Energy","Gash"],"picked":"Coolheaded","floor":24},{"not_picked":["White Noise","Streamline"],"picked":"Rainbow","floor":28},{"not_picked":["Sweeping Beam","Chaos"],"picked":"Storm+1","floor":31}],"player_experience":738516,"relics_obtained":[{"floor":9,"key":"Orichalcum"},{"floor":26,"key":"WingedGreaves"},{"floor":28,"key":"War Paint"}],"event_choices":[{"damage_healed":0,"gold_gain":0,"player_choice":"Donut","damage_taken":0,"max_hp_gain":5,"max_hp_loss":0,"event_name":"Big Fish","floor":3,"gold_loss":0},{"damage_healed":0,"gold_gain":0,"player_choice":"Take Damage","damage_taken":20,"relics_obtained":["Golden Idol"],"max_hp_gain":0,"max_hp_loss":0,"event_name":"Golden Idol","floor":5,"gold_loss":0},{"damage_healed":0,"gold_gain":175,"player_choice":"AGREE","damage_taken":0,"max_hp_gain":0,"max_hp_loss":0,"event_name":"Liars Game","floor":7,"gold_loss":0,"cards_obtained":["Doubt"]},{"cards_removed":["Strike_B"],"damage_healed":0,"gold_gain":0,"player_choice":"Card Removal","damage_taken":7,"max_hp_gain":0,"max_hp_loss":0,"event_name":"Golden Wing","floor":14,"gold_loss":0},{"damage_healed":0,"gold_gain":0,"player_choice":"1 cards matched","damage_taken":0,"max_hp_gain":0,"max_hp_loss":0,"event_name":"Match and Keep!","floor":19,"gold_loss":0,"cards_obtained":["Mind Blast"]},{"damage_healed":0,"gold_gain":0,"player_choice":"Obtained Relic","damage_taken":0,"relics_obtained":["Meat on the Bone"],"max_hp_gain":0,"max_hp_loss":0,"event_name":"Addict","floor":22,"gold_loss":85},{"damage_healed":0,"gold_gain":0,"player_choice":"Ignored","damage_taken":0,"max_hp_gain":0,"max_hp_loss":0,"event_name":"Beggar","floor":27,"gold_loss":0},{"damage_healed":0,"gold_gain":0,"player_choice":"Bought 0 Potions","damage_taken":0,"max_hp_gain":0,"max_hp_loss":0,"event_name":"The Woman in Blue","floor":29,"gold_loss":0}],"is_beta":false,"boss_relics":[{"not_picked":["Nuclear Battery","FrozenCore"],"picked":"Pandora\u0027s Box"}],"items_purged_floors":[11,25],"is_endless":false,"potions_floor_spawned":[2,10,12,20,21,28],"killed_by":"Automaton","ascension_level":4}