{"gold_per_floor":[363,363,137,100,118,152,167,167,192,192,208,223,77,91,91,194,194,212,227,227,227,238,269,269,269,269,280,280,280,280,297,297,297],"floor_reached":33,"playtime":2185,"items_purged":[],"score":469,"play_id":"4a2bfec3-8306-42c6-a58c-bceb6f37ba60","local_time":"20190213185501","is_ascension_mode":true,"campfire_choices":[{"floor":8,"key":"REST"},{"data":"Barricade","floor":15,"key":"SMITH"},{"data":"Entrench","floor":24,"key":"SMITH"},{"data":"Armaments","floor":28,"key":"SMITH"},{"floor":30,"key":"REST"},{"floor":32,"key":"RECALL"}],"neow_cost":"PERCENT_DAMAGE","seed_source_timestamp":1807626492802100,"circlet_count":0,"master_deck":["Strike_R","Strike_R","Strike_R","Strike_R+1","Defend_R","Defend_R","Defend_R","Defend_R","Bash+1","Flame Barrier","Immolate","Metallicize","Whirlwind","Flame Barrier","Bloodletting","Pommel Strike","Rupture","Barricade+1","Offering","Clothesline","Entrench+1","Shockwave+1","Armaments+1"],"relics":["Burning Blood","Vajra","Oddly Smooth Stone","Whetstone","Boot","Bag of Marbles","Busted Crown","Ornamental Fan","Kunai","Pear"],"potions_floor_usage":[6,14,23,31,33],"damage_taken":[{"damage":8,"enemies":"Jaw Worm","floor":1,"turns":5},{"damage":3,"enemies":"Cultist","floor":5,"turns":3},{"damage":41,"enemies":"Lagavulin","floor":6,"turns":6},{"damage":0,"enemies":"Small Slimes","floor":7,"turns":3},{"damage":0,"enemies":"2 Fungi Beasts","floor":11,"turns":3},{"damage":5,"enemies":"Looter","floor":12,"turns":3},{"damage":4,"enemies":"Blue Slaver","floor":14,"turns":4},{"damage":6,"enemies":"Slime Boss","floor":16,"turns":10},{"damage":6,"enemies":"3 Byrds","floor":18,"turns":2},{"damage":9,"enemies":"Shell Parasite","floor":19,"turns":3},{"damage":17,"enemies":"3 Cultists","floor":22,"turns":4},{"damage":21,"enemies":"Slavers","floor":23,"turns":2},{"damage":14,"enemies":"Centurion and Healer","floor":27,"turns":8},{"damage":0,"enemies":"Snecko","floor":31,"turns":6},{"damage":87,"enemies":"Champ","floor":33,"turns":14}],"seed_played":"8348413574302780523","potions_obtained":[{"floor":1,"key":"Poison Potion"},{"floor":6,"key":"FearPotion"},{"floor":7,"key":"Block Potion"},{"floor":16,"key":"FairyPotion"},{"floor":22,"key":"AttackPotion"},{"floor":27,"key":"Energy Potion"}],"is_trial":false,"path_per_floor":["M","?","$","$","M","E","M","R","T","?","M","M","$","M","R","B",null,"M","M","?","?","M","E","R","?","T","M","R","$","R","M","R","B"],"character_chosen":"IRONCLAD","items_purchased":["Vajra","Immolate","Metallicize","Bag of Marbles"],"campfire_rested":2,"item_purchase_floors":[3,3,4,13],"current_hp_per_floor":[49,49,49,49,52,17,23,47,47,44,50,51,51,53,53,53,73,73,70,70,70,59,44,44,29,39,31,31,31,59,65,65,0],"gold":297,"neow_bonus":"TWO_FIFTY_GOLD","is_prod":false,"is_daily":false,"chose_seed":false,"campfire_upgraded":3,"win_rate":0,"timestamp":1550102101,"path_taken":["M","?","?","$","M","E","M","R","T","?","M","M","$","M","R","BOSS","M","M","?","?","M","E","R","?","T","M","R","$","R","M","R","BOSS"],"build_version":"2019-01-23","purchased_purges":0,"victory":false,"max_hp_per_floor":[80,80,80,80,80,80,80,80,80,80,80,80,80,80,80,80,80,80,80,80,80,80,80,80,85,95,95,95,95,95,95,95,95],"card_choices":[{"not_picked":["Rampage","Perfected Strike"],"picked":"Flame Barrier","floor":1},{"not_picked":["Fire Breathing","Second Wind"],"picked":"Whirlwind","floor":5},{"not_picked":["Uppercut","Shrug It Off"],"picked":"Flame Barrier","floor":6},{"not_picked":["Feel No Pain","Flame Barrier"],"picked":"Bloodletting","floor":7},{"not_picked":["Cleave","Fire Breathing"],"picked":"Pommel Strike","floor":11},{"not_picked":["Heavy Blade","Headbutt"],"picked":"Rupture","floor":12},{"not_picked":["Second Wind","Uppercut"],"picked":"Barricade","floor":14},{"not_picked":["Bludgeon","Fiend Fire"],"picked":"Offering","floor":16},{"not_picked":[],"picked":"Clothesline","floor":18},{"not_picked":["Havoc"],"picked":"SKIP","floor":19},{"not_picked":[],"picked":"Shockwave+1","floor":22},{"not_picked":["Havoc+1"],"picked":"SKIP","floor":23},{"not_picked":[],"picked":"Armaments","floor":27},{"not_picked":["Anger"],"picked":"SKIP","floor":31}],"player_experience":481946,"relics_obtained":[{"floor":6,"key":"Oddly Smooth Stone"},{"floor":9,"key":"Whetstone"},{"floor":23,"key":"Kunai"},{"floor":26,"key":"Pear"}],"event_choices":[{"cards_removed":["Strike_R"],"damage_healed":0,"gold_gain":0,"player_choice":"Purged","damage_taken":0,"max_hp_gain":0,"max_hp_loss":0,"event_name":"Purifier","floor":2,"gold_loss":0},{"damage_healed":0,"gold_gain":0,"player_choice":"Success","damage_taken":3,"relics_obtained":["Boot"],"max_hp_gain":0,"max_hp_loss":0,"event_name":"Scrap Ooze","floor":10,"gold_loss":0},{"damage_healed":0,"gold_gain":0,"player_choice":"Opened","damage_taken":0,"relics_obtained":["Ornamental Fan"],"max_hp_gain":0,"max_hp_loss":0,"event_name":"The Mausoleum","floor":20,"gold_loss":0},{"damage_healed":0,"gold_gain":0,"player_choice":"Read","damage_taken":0,"max_hp_gain":0,"max_hp_loss":0,"event_name":"The Library","floor":21,"gold_loss":0,"cards_obtained":["Entrench"]},{"damage_healed":0,"gold_gain":0,"player_choice":"Shed Blood","damage_taken":20,"max_hp_gain":5,"max_hp_loss":0,"event_name":"Forgotten Altar","floor":25,"gold_loss":0}],"is_beta":false,"boss_relics":[{"not_picked":["Lizard Tail","Runic Cube"],"picked":"Busted Crown"}],"items_purged_floors":[],"is_endless":false,"potions_floor_spawned":[1,6,7,16,22,27],"killed_by":"Champ","ascension_level":8}