{"gold_per_floor":[211,222,69,81,81,108,118,118,144,158,177,197,162,162,162,237,287,299,309,309,309,320,355,355,370,424,424,443,264,264,274,274,274],"floor_reached":33,"playtime":2911,"items_purged":["Strike_G","Decay"],"score":444,"play_id":"1307010c-b005-4f2a-8b89-29e295a4c203","local_time":"20190219235222","is_ascension_mode":true,"campfire_choices":[{"floor":8,"key":"REST"},{"floor":15,"key":"REST"},{"floor":24,"key":"REST"},{"floor":30,"key":"REST"},{"floor":32,"key":"REST"}],"neow_cost":"NONE","seed_source_timestamp":480328878541400,"circlet_count":0,"master_deck":["AscendersBane","Defend_G+1","Defend_G+1","Defend_G+1","Defend_G+1","Defend_G+1","Strike_G+1","Strike_G+1","Strike_G+1","Survivor","Neutralize","Bouncing Flask","Noxious Fumes+1","Dagger Throw","Cloak And Dagger","Cloak And Dagger","Noxious Fumes","Die Die Die","Deadly Poison","Night Terror","Backflip","Noxious Fumes","Blur","Backstab","Crippling Poison","Neutralize","Footwork"],"relics":["Ring of the Snake","Anchor","Bag of Marbles","Odd Mushroom","Tiny House","Oddly Smooth Stone","Orichalcum"],"potions_floor_usage":[22,33,33],"damage_taken":[{"damage":8,"enemies":"Cultist","floor":1,"turns":6},{"damage":0,"enemies":"2 Louse","floor":2,"turns":2},{"damage":3,"enemies":"Small Slimes","floor":4,"turns":5},{"damage":24,"enemies":"Gremlin Nob","floor":6,"turns":4},{"damage":1,"enemies":"Looter","floor":7,"turns":4},{"damage":8,"enemies":"Blue Slaver","floor":10,"turns":4},{"damage":4,"enemies":"Large Slime","floor":11,"turns":5},{"damage":0,"enemies":"The Mushroom Lair","floor":12,"turns":2},{"damage":19,"enemies":"The Guardian","floor":16,"turns":9},{"damage":6,"enemies":"Chosen","floor":18,"turns":5},{"damage":8,"enemies":"Shell Parasite","floor":19,"turns":5},{"damage":7,"enemies":"Chosen and Byrds","floor":22,"turns":7},{"damage":35,"enemies":"Gremlin Leader","floor":23,"turns":7},{"damage":9,"enemies":"Centurion and Healer","floor":25,"turns":8},{"damage":4,"enemies":"Cultist and Chosen","floor":28,"turns":7},{"damage":28,"enemies":"Snake Plant","floor":31,"turns":4},{"damage":61,"enemies":"Collector","floor":33,"turns":5}],"seed_played":"6416041018487219185","potions_obtained":[{"floor":6,"key":"Ancient Potion"},{"floor":7,"key":"SpeedPotion"},{"floor":12,"key":"Regen Potion"},{"floor":17,"key":"Poison Potion"},{"floor":23,"key":"Weak Potion"}],"is_trial":false,"path_per_floor":["M","M","$","M","?","E","M","R","T","M","M","?","?","?","R","B",null,"M","M","?","?","M","E","R","M","T","?","M","$","R","M","R","B"],"character_chosen":"THE_SILENT","items_purchased":["Noxious Fumes","Footwork"],"campfire_rested":5,"item_purchase_floors":[3,29],"current_hp_per_floor":[55,55,55,52,52,28,27,48,48,40,36,36,53,46,67,48,70,64,56,56,56,64,29,51,42,42,42,38,38,60,32,54,0],"gold":274,"neow_bonus":"HUNDRED_GOLD","is_prod":false,"is_daily":false,"chose_seed":false,"campfire_upgraded":0,"win_rate":0,"timestamp":1550638342,"path_taken":["M","?","$","M","?","E","M","R","T","M","M","?","?","?","R","BOSS","M","M","?","?","M","E","R","M","T","?","M","$","R","?","R","BOSS"],"build_version":"2019-01-23","purchased_purges":2,"victory":false,"max_hp_per_floor":[70,70,70,70,70,70,70,70,70,70,70,70,70,70,70,70,75,75,75,75,75,75,75,75,75,75,75,75,75,75,75,75,75],"card_choices":[{"not_picked":["Outmaneuver","Bane","Acrobatics"],"picked":"SKIP","floor":1},{"not_picked":["Backflip","Terror"],"picked":"Bouncing Flask","floor":2},{"not_picked":["Setup","Deflect"],"picked":"Dagger Throw","floor":4},{"not_picked":["Dagger Throw","Accuracy"],"picked":"Cloak And Dagger","floor":6},{"not_picked":["Sucker Punch","Quick Slash"],"picked":"Cloak And Dagger","floor":7},{"not_picked":["Outmaneuver","Dagger Throw"],"picked":"Noxious Fumes","floor":10},{"not_picked":["Dagger Throw","Prepared"],"picked":"Die Die Die","floor":11},{"not_picked":["Predator","Quick Slash"],"picked":"Deadly Poison","floor":12},{"not_picked":["Doppelganger","Glass Knife"],"picked":"Night Terror","floor":16},{"not_picked":["Slice","Blade Dance"],"picked":"Backflip","floor":17},{"not_picked":["Bane","Outmaneuver"],"picked":"Noxious Fumes","floor":18},{"not_picked":["Slice","Deflect"],"picked":"Blur","floor":19},{"not_picked":["Dodge and Roll","Cloak And Dagger"],"picked":"Backstab","floor":22},{"not_picked":["Concentrate+1","All Out Attack"],"picked":"Crippling Poison","floor":23},{"not_picked":["Blade Dance","Sucker Punch","Storm of Steel"],"picked":"SKIP","floor":25},{"not_picked":["Outmaneuver","Deadly Poison","Backflip"],"picked":"SKIP","floor":28},{"not_picked":["Poisoned Stab","All Out Attack+1","Acrobatics"],"picked":"SKIP","floor":31},{"not_picked":["Poisoned Stab","All Out Attack+1","Acrobatics"],"picked":"SKIP","floor":31}],"player_experience":1256041,"relics_obtained":[{"floor":6,"key":"Anchor"},{"floor":9,"key":"Bag of Marbles"},{"floor":12,"key":"Odd Mushroom"},{"floor":23,"key":"Oddly Smooth Stone"},{"floor":26,"key":"Orichalcum"}],"event_choices":[{"damage_healed":0,"gold_gain":0,"player_choice":"Ignored","damage_taken":0,"max_hp_gain":0,"max_hp_loss":0,"event_name":"Shining Light","floor":5,"gold_loss":0},{"damage_healed":0,"gold_gain":0,"player_choice":"Fought Mushrooms","damage_taken":0,"max_hp_gain":0,"max_hp_loss":0,"event_name":"Mushrooms","floor":12,"gold_loss":0},{"damage_healed":17,"gold_gain":0,"player_choice":"Healed","damage_taken":0,"max_hp_gain":0,"max_hp_loss":0,"event_name":"The Cleric","floor":13,"gold_loss":35},{"cards_removed":["Strike_G"],"damage_healed":0,"gold_gain":0,"player_choice":"Card Removal","damage_taken":7,"max_hp_gain":0,"max_hp_loss":0,"event_name":"Golden Wing","floor":14,"gold_loss":0},{"damage_healed":0,"gold_gain":0,"player_choice":"Simplicity","damage_taken":0,"max_hp_gain":0,"max_hp_loss":0,"event_name":"Back to Basics","floor":20,"gold_loss":0,"cards_upgraded":["Defend_G","Defend_G","Defend_G","Defend_G","Defend_G","Strike_G","Strike_G","Strike_G"]},{"damage_healed":0,"gold_gain":0,"player_choice":"Smashed Altar","damage_taken":0,"max_hp_gain":0,"max_hp_loss":0,"event_name":"Forgotten Altar","floor":21,"gold_loss":0,"cards_obtained":["Decay"]},{"damage_healed":0,"gold_gain":0,"player_choice":"1 cards matched","damage_taken":0,"max_hp_gain":0,"max_hp_loss":0,"event_name":"Match and Keep!","floor":27,"gold_loss":0,"cards_obtained":["Neutralize"]}],"is_beta":false,"boss_relics":[{"not_picked":["Coffee Dripper","Busted Crown"],"picked":"Tiny House"}],"items_purged_floors":[3,29],"is_endless":false,"potions_floor_spawned":[6,7,11,12,16,23,31],"killed_by":"Collector","ascension_level":13}