{"gold_per_floor":[110,126,126,126,126,126,169,184,232,232,252,15,15,55,55,148,148,166,166,66,90,105,105,22,22,97,97,133,186,200,224,224,224],"floor_reached":33,"playtime":938,"items_purged":["Defend_R","Perfected Strike"],"score":606,"play_id":"b359bde0-d932-4234-97d6-8295619bbe3d","local_time":"20190302213006","is_ascension_mode":true,"campfire_choices":[{"data":"Fire Breathing","floor":6.0,"key":"SMITH"},{"data":"Fire Breathing","floor":10.0,"key":"SMITH"},{"data":"Demon Form","floor":15.0,"key":"SMITH"},{"data":"Bite","floor":23.0,"key":"SMITH"},{"data":"Fire Breathing","floor":25.0,"key":"SMITH"},{"data":"Bite","floor":27.0,"key":"SMITH"},{"data":"Bite","floor":32,"key":"SMITH"}],"neow_cost":"NONE","seed_source_timestamp":0,"circlet_count":0,"master_deck":["AscendersBane","Defend_R","Defend_R","Bash","Pommel Strike","Fire Breathing+1","Fire Breathing+1","Demon Form+1","Reaper","Sword Boomerang","Bite+1","Bite+1","Bite+1","Bite","Bite","Fire Breathing+1","Sword Boomerang","Combust+1"],"special_seed":0,"relics":["Burning Blood","NeowsBlessing","Golden Idol","Boot","Ancient Tea Set","Vajra","Art of War","Velvet Choker","Gremlin Horn","Frozen Egg 2","Bronze Scales"],"potions_floor_usage":[28,31],"damage_taken":[{"damage":0.0,"enemies":"Cultist","floor":1.0,"turns":1.0},{"damage":0.0,"enemies":"Jaw Worm","floor":2.0,"turns":1.0},{"damage":0.0,"enemies":"3 Sentries","floor":7.0,"turns":1.0},{"damage":2.0,"enemies":"2 Louse","floor":8.0,"turns":4.0},{"damage":1.0,"enemies":"Looter","floor":11.0,"turns":2.0},{"damage":8.0,"enemies":"Gremlin Nob","floor":14.0,"turns":3.0},{"damage":56.0,"enemies":"Slime Boss","floor":16.0,"turns":7.0},{"damage":43.0,"enemies":"3 Byrds","floor":18.0,"turns":4.0},{"damage":24.0,"enemies":"Chosen","floor":21.0,"turns":5.0},{"damage":30.0,"enemies":"Sentry and Sphere","floor":22.0,"turns":4.0},{"damage":2,"enemies":"Gremlin Leader","floor":28,"turns":4},{"damage":48,"enemies":"Snake Plant","floor":30,"turns":4},{"damage":32,"enemies":"Snecko","floor":31,"turns":5},{"damage":65,"enemies":"Champ","floor":33,"turns":6}],"seed_played":"-1338061040596144616","potions_obtained":[{"floor":2.0,"key":"Dexterity Potion"},{"floor":7.0,"key":"Energy Potion"},{"floor":8.0,"key":"PowerPotion"},{"floor":21.0,"key":"PowerPotion"},{"floor":22.0,"key":"AttackPotion"}],"is_trial":false,"path_per_floor":["M","M","?","?","?","R","E","M","T","R","M","$","?","E","R","B",null,"M","?","$","M","M","R","$","R","T","R","E","T","M","M","R","B"],"character_chosen":"IRONCLAD","items_purchased":["Vajra","Fire Breathing"],"campfire_rested":0,"item_purchase_floors":[12,24],"current_hp_per_floor":[74,75,49,49,54,54,60,64,64,64,69,69,62,60,60,10,63,26,26,26,25,17,17,17,17,17,17,56,56,28,28,28,0],"gold":224,"neow_bonus":"THREE_ENEMY_KILL","is_prod":false,"is_daily":false,"chose_seed":false,"campfire_upgraded":7,"win_rate":0,"timestamp":1551529806,"path_taken":["M","M","?","?","?","R","E","M","T","R","M","$","?","E","R","BOSS","M","?","?","M","M","R","$","R","T","R","E","?","M","M","R","BOSS"],"build_version":"2019-01-23","purchased_purges":2,"victory":false,"max_hp_per_floor":[75,75,75,75,80,80,80,80,80,80,80,80,80,80,80,80,80,80,56,56,56,56,56,56,56,56,56,56,56,56,56,56,56],"card_choices":[{"not_picked":["Armaments","Anger"],"picked":"Pommel Strike","floor":1.0},{"not_picked":["Reckless Charge","Wild Strike"],"picked":"Fire Breathing","floor":2.0},{"not_picked":["Sever Soul","Searing Blow"],"picked":"Fire Breathing","floor":7.0},{"not_picked":["Shrug It Off","Anger"],"picked":"Perfected Strike","floor":8.0},{"not_picked":["Clash","Battle Trance","Exhume"],"picked":"SKIP","floor":11.0},{"not_picked":["Spot Weakness","Sword Boomerang"],"picked":"Demon Form","floor":14.0},{"not_picked":["Immolate","Barricade"],"picked":"Reaper","floor":16.0},{"not_picked":["Wild Strike","Carnage"],"picked":"Sword Boomerang","floor":18.0},{"not_picked":["Headbutt","Wild Strike+1","Power Through"],"picked":"SKIP","floor":21.0},{"not_picked":["Anger","Pommel Strike","Seeing Red+1"],"picked":"SKIP","floor":22.0},{"not_picked":["Wild Strike+1","Body Slam"],"picked":"Sword Boomerang","floor":28},{"not_picked":["Wild Strike","Sever Soul","Feed"],"picked":"SKIP","floor":30},{"not_picked":["Iron Wave","Clothesline"],"picked":"Combust+1","floor":31}],"player_experience":1005518,"relics_obtained":[{"floor":7.0,"key":"Boot"},{"floor":9.0,"key":"Ancient Tea Set"},{"floor":14.0,"key":"Art of War"},{"floor":26.0,"key":"Gremlin Horn"},{"floor":28,"key":"Frozen Egg 2"},{"floor":29,"key":"Bronze Scales"}],"event_choices":[{"damage_healed":0.0,"max_hp_gain":0.0,"max_hp_loss":0.0,"gold_gain":0.0,"event_name":"Golden Idol","player_choice":"Take Damage","floor":3.0,"gold_loss":0.0,"damage_taken":26.0,"relics_obtained":["Golden Idol"]},{"damage_healed":0.0,"max_hp_gain":0.0,"max_hp_loss":0.0,"gold_gain":0.0,"event_name":"Liars Game","player_choice":"Ignored","floor":4.0,"gold_loss":0.0,"damage_taken":0.0},{"damage_healed":0.0,"max_hp_gain":5.0,"max_hp_loss":0.0,"gold_gain":0.0,"event_name":"Big Fish","player_choice":"Donut","floor":5.0,"gold_loss":0.0,"damage_taken":0.0},{"cards_removed":["Defend_R"],"damage_healed":0.0,"max_hp_gain":0.0,"max_hp_loss":0.0,"gold_gain":0.0,"event_name":"Golden Wing","player_choice":"Card Removal","floor":13.0,"gold_loss":0.0,"damage_taken":7.0},{"damage_healed":0.0,"max_hp_gain":0.0,"max_hp_loss":24.0,"gold_gain":0.0,"event_name":"Vampires","player_choice":"Became a vampire","floor":19.0,"gold_loss":0.0,"damage_taken":0.0,"cards_obtained":["Bite","Bite","Bite","Bite","Bite"]}],"is_beta":false,"boss_relics":[{"not_picked":["Calling Bell","Astrolabe"],"picked":"Velvet Choker"}],"items_purged_floors":[12,20],"is_endless":false,"potions_floor_spawned":[2,7,8,21,22],"killed_by":"Champ","ascension_level":19}