{"gold_per_floor":[109,34,53,71,84,84,118,118,118,132,132,149,160,160,160,239,239,258,277,49,61,61,61,87,100,148,164,263,274,274,149,149,227,227,239,239,12,112,128,139,139,139,139,168,181,181,216,216,216,216],"floor_reached":51,"playtime":11206,"items_purged":["Pain","Strike_G","Strike_G"],"score":1197,"play_id":"95609ba2-efbb-4900-b7dc-20e2042fe821","local_time":"20190225164434","is_ascension_mode":true,"campfire_choices":[{"data":"Corpse Explosion","floor":6.0,"key":"SMITH"},{"floor":15.0,"key":"REST"},{"floor":23.0,"key":"REST"},{"floor":30,"key":"REST"},{"floor":32,"key":"REST"},{"floor":41,"key":"REST"},{"data":"Apotheosis","floor":49,"key":"SMITH"}],"neow_cost":"CURSE","seed_source_timestamp":0,"circlet_count":0,"master_deck":["AscendersBane","Defend_G","Defend_G","Defend_G","Defend_G","Defend_G","Strike_G","Survivor","Neutralize","Corpse Explosion+1","Deflect","Escape Plan","PiercingWail","Catalyst","Tools of the Trade","Cloak And Dagger","Backflip","Malaise","Concentrate","Prepared+1","Deadly Poison","Deflect","PiercingWail","Setup","Malaise","Apotheosis+1","Dark Shackles","Sadistic Nature","Crippling Poison","Catalyst","Underhanded Strike","Calculated Gamble","Footwork","Bandage Up"],"special_seed":0,"relics":["Ring of the Snake","Ninja Scroll","Singing Bowl","Runic Pyramid","Paper Crane","Pen Nib","Philosopher\u0027s Stone","Oddly Smooth Stone","Tingsha","Pocketwatch","Pantograph"],"potions_floor_usage":[27,33,33,50,50],"damage_taken":[{"damage":7.0,"enemies":"Small Slimes","floor":1.0,"turns":4.0},{"damage":2.0,"enemies":"Cultist","floor":3.0,"turns":4.0},{"damage":3.0,"enemies":"Jaw Worm","floor":4.0,"turns":3.0},{"damage":8.0,"enemies":"3 Louse","floor":5.0,"turns":2.0},{"damage":25.0,"enemies":"Lagavulin","floor":7.0,"turns":9.0},{"damage":3.0,"enemies":"Looter","floor":10.0,"turns":3.0},{"damage":2.0,"enemies":"Red Slaver","floor":12.0,"turns":4.0},{"damage":3.0,"enemies":"Blue Slaver","floor":13.0,"turns":4.0},{"damage":17.0,"enemies":"Hexaghost","floor":16.0,"turns":12.0},{"damage":20.0,"enemies":"2 Thieves","floor":18.0,"turns":4.0},{"damage":23.0,"enemies":"Spheric Guardian","floor":19.0,"turns":6.0},{"damage":3.0,"enemies":"Shelled Parasite and Fungi","floor":21.0,"turns":4.0},{"damage":16.0,"enemies":"Slavers","floor":24.0,"turns":4.0},{"damage":3.0,"enemies":"Snecko","floor":25.0,"turns":8.0},{"damage":0,"enemies":"Snake Plant","floor":27,"turns":6},{"damage":0,"enemies":"3 Cultists","floor":29,"turns":3},{"damage":43,"enemies":"Collector","floor":33,"turns":11},{"damage":0,"enemies":"3 Shapes","floor":35,"turns":3},{"damage":0,"enemies":"Mind Bloom Boss Battle","floor":38,"turns":8},{"damage":1,"enemies":"Orb Walker","floor":39,"turns":5},{"damage":7,"enemies":"Writhing Mass","floor":40,"turns":7},{"damage":2,"enemies":"Nemesis","floor":44,"turns":5},{"damage":0,"enemies":"Transient","floor":45,"turns":5},{"damage":22,"enemies":"Reptomancer","floor":47,"turns":8},{"damage":23,"enemies":"Awakened One","floor":50,"turns":19}],"seed_played":"9045013228190145501","potions_obtained":[{"floor":4.0,"key":"Dexterity Potion"},{"floor":10.0,"key":"EntropicBrew"},{"floor":21.0,"key":"GhostInAJar"},{"floor":25.0,"key":"SpeedPotion"},{"floor":27,"key":"Weak Potion"},{"floor":29,"key":"Ancient Potion"},{"floor":33,"key":"Regen Potion"},{"floor":39,"key":"AttackPotion"},{"floor":44,"key":"Explosive Potion"},{"floor":45,"key":"Regen Potion"}],"is_trial":false,"path_per_floor":["M","$","M","M","M","R","E","?","T","M","?","M","M","?","R","B",null,"M","M","$","M","?","R","E","M","T","M","?","M","R","$","R","B",null,"M","?","$","?","M","M","R","$","T","E","M","?","E","?","R","B",null],"character_chosen":"THE_SILENT","items_purchased":["Deadly Poison","GhostInAJar","Oddly Smooth Stone","Crippling Poison"],"campfire_rested":5,"item_purchase_floors":[20,20,37,37],"current_hp_per_floor":[52,52,50,47,39,39,14,14,14,11,11,9,8,8,28,11,54,34,11,11,10,10,31,15,14,14,14,14,16,38,38,60,17,60,62,52,52,52,51,44,66,66,66,66,68,68,46,46,46,80],"gold":216,"neow_bonus":"THREE_RARE_CARDS","is_prod":false,"is_daily":false,"chose_seed":false,"campfire_upgraded":2,"win_rate":0,"timestamp":1551131074,"path_taken":["M","$","M","M","M","R","E","?","T","?","?","M","M","?","R","BOSS","M","M","$","M","?","R","E","?","T","M","?","M","R","$","R","BOSS","M","?","$","?","M","M","R","?","T","E","M","?","E","?","R","BOSS"],"build_version":"2019-01-23","purchased_purges":3,"victory":true,"max_hp_per_floor":[66,66,66,66,66,66,66,66,66,66,66,66,68,68,68,68,68,68,68,68,70,70,70,70,72,72,72,72,74,74,74,74,74,74,76,76,76,76,76,76,76,76,76,78,80,80,80,80,80,80],"card_choices":[{"not_picked":["Wraith Form v2","Grand Finale"],"picked":"Corpse Explosion","floor":0.0},{"not_picked":["Setup","Dodge and Roll"],"picked":"Dagger Spray","floor":1.0},{"not_picked":["Sucker Punch","Bane"],"picked":"Deflect","floor":3.0},{"not_picked":["Acrobatics","Flying Knee"],"picked":"Escape Plan","floor":4.0},{"not_picked":["Poisoned Stab","Sucker Punch"],"picked":"PiercingWail","floor":5.0},{"not_picked":["Backstab","Quick Slash"],"picked":"Catalyst","floor":7.0},{"not_picked":["Corpse Explosion","Heel Hook"],"picked":"Cloak And Dagger","floor":10.0},{"not_picked":["Endless Agony","Distraction"],"picked":"Backflip","floor":12.0},{"not_picked":["Caltrops","Blade Dance","Bane"],"picked":"Singing Bowl","floor":13.0},{"not_picked":["A Thousand Cuts","Adrenaline"],"picked":"Malaise","floor":16.0},{"not_picked":["Cloak And Dagger","Blade Dance"],"picked":"Concentrate","floor":18.0},{"not_picked":["Dodge and Roll","Backflip"],"picked":"Prepared+1","floor":19.0},{"not_picked":["Sucker Punch","Dagger Spray","Flying Knee"],"picked":"Singing Bowl","floor":21.0},{"not_picked":["Riddle With Holes","Phantasmal Killer"],"picked":"PiercingWail","floor":24.0},{"not_picked":["Outmaneuver","Slice","All Out Attack+1"],"picked":"Singing Bowl","floor":25.0},{"not_picked":["Deflect","Cloak And Dagger"],"picked":"Setup","floor":27},{"not_picked":["Dodge and Roll","Dagger Spray","Sucker Punch"],"picked":"Singing Bowl","floor":29},{"not_picked":["Corpse Explosion","Unload"],"picked":"Malaise","floor":33},{"not_picked":["Backflip","Sucker Punch","Dodge and Roll"],"picked":"Singing Bowl","floor":35},{"not_picked":["Magnetism","Swift Strike"],"picked":"Apotheosis","floor":36},{"not_picked":["HandOfGreed","Madness"],"picked":"Dark Shackles","floor":36},{"not_picked":["Good Instincts","Master of Strategy"],"picked":"Sadistic Nature","floor":36},{"not_picked":["Sucker Punch","Poisoned Stab"],"picked":"Catalyst","floor":38},{"not_picked":["Slice+1","Flying Knee"],"picked":"Underhanded Strike","floor":39},{"not_picked":["Choke","Caltrops+1"],"picked":"Calculated Gamble","floor":40},{"not_picked":["Cloak And Dagger","Storm of Steel","Expertise"],"picked":"Singing Bowl","floor":44},{"not_picked":["Dagger Spray","Blade Dance","Bane"],"picked":"Singing Bowl","floor":45},{"not_picked":["Deflect","Flying Knee"],"picked":"Footwork","floor":47}],"player_experience":1336611,"relics_obtained":[{"floor":7.0,"key":"Ninja Scroll"},{"floor":9.0,"key":"Singing Bowl"},{"floor":24.0,"key":"Paper Crane"},{"floor":26.0,"key":"Pen Nib"},{"floor":38,"key":"Tingsha"},{"floor":44,"key":"Pocketwatch"},{"floor":47,"key":"Pantograph"}],"event_choices":[{"damage_healed":0.0,"max_hp_gain":0.0,"max_hp_loss":0.0,"gold_gain":0.0,"cards_transformed":["Strike_G"],"event_name":"Transmorgrifier","player_choice":"Transformed","floor":8.0,"gold_loss":0.0,"damage_taken":0.0,"cards_obtained":["Tools of the Trade"]},{"damage_healed":0.0,"max_hp_gain":0.0,"max_hp_loss":0.0,"gold_gain":0.0,"event_name":"Scrap Ooze","player_choice":"Fled","floor":11.0,"gold_loss":0.0,"damage_taken":0.0},{"damage_healed":0.0,"max_hp_gain":0.0,"max_hp_loss":0.0,"gold_gain":0.0,"event_name":"Golden Wing","player_choice":"Ignored","floor":14.0,"gold_loss":0.0,"damage_taken":0.0},{"damage_healed":0.0,"max_hp_gain":0.0,"max_hp_loss":0.0,"gold_gain":0.0,"cards_transformed":["Strike_G"],"event_name":"Transmorgrifier","player_choice":"Transformed","floor":22.0,"gold_loss":0.0,"damage_taken":0.0,"cards_obtained":["Deflect"]},{"damage_healed":0,"gold_gain":99,"player_choice":"Stole From Cult","damage_taken":0,"max_hp_gain":0,"max_hp_loss":0,"event_name":"Nest","floor":28,"gold_loss":0},{"damage_healed":0,"gold_gain":0,"player_choice":"Memory 3","damage_taken":10,"max_hp_gain":0,"max_hp_loss":0,"event_name":"SensoryStone","floor":36,"gold_loss":0},{"damage_healed":0,"gold_gain":0,"player_choice":"Fight","damage_taken":0,"max_hp_gain":0,"max_hp_loss":0,"event_name":"MindBloom","floor":38,"gold_loss":0},{"cards_removed":["Dagger Spray"],"damage_healed":0,"gold_gain":0,"player_choice":"Removed Attack","damage_taken":0,"max_hp_gain":0,"max_hp_loss":0,"event_name":"Falling","floor":46,"gold_loss":0},{"damage_healed":0,"gold_gain":0,"player_choice":"1 cards matched","damage_taken":0,"max_hp_gain":0,"max_hp_loss":0,"event_name":"Match and Keep!","floor":48,"gold_loss":0,"cards_obtained":["Bandage Up"]}],"is_beta":false,"boss_relics":[{"not_picked":["White Beast Statue","Empty Cage"],"picked":"Runic Pyramid"},{"not_picked":["WristBlade","Tiny House"],"picked":"Philosopher\u0027s Stone"}],"items_purged_floors":[2,20,31],"is_endless":false,"potions_floor_spawned":[4,10,13,21,25,27,29,33,39,44,45],"ascension_level":14}