{"gold_per_floor":[114,289,289,304,304,304,304,315,315,315,346,102,102,114,114,215,215,228,228,238,238,238],"floor_reached":22,"playtime":626,"items_purged":["Strike_R"],"score":228,"play_id":"196c1378-f507-4b18-8fc5-7acb9ed65e33","local_time":"20181104012141","is_ascension_mode":true,"campfire_choices":[{"data":"Cleave","floor":6.0,"key":"SMITH"},{"data":"Heavy Blade","floor":10.0,"key":"SMITH"},{"data":"Limit Break","floor":13.0,"key":"SMITH"},{"data":"Inflame","floor":15.0,"key":"SMITH"}],"neow_cost":"NONE","seed_source_timestamp":0,"circlet_count":0,"master_deck":["Strike_R","Strike_R","Defend_R","Defend_R","Defend_R","Bash","Fiend Fire","Heavy Blade+1","Cleave+1","True Grit","Limit Break+1","Spot Weakness","Panacea","Inflame+1","Feed","Shrug It Off+1","Rage+1","Iron Wave+1","Heavy Blade","RitualDagger","Flex"],"special_seed":0,"relics":["Burning Blood","Ornamental Fan","Vajra","Letter Opener","Darkstone Periapt","Astrolabe"],"potions_floor_usage":[22],"damage_taken":[{"damage":6.0,"enemies":"2 Louse","floor":1.0,"turns":2.0},{"damage":4.0,"enemies":"Small Slimes","floor":4.0,"turns":2.0},{"damage":14.0,"enemies":"Jaw Worm","floor":8.0,"turns":3.0},{"damage":14.0,"enemies":"Gremlin Nob","floor":11.0,"turns":3.0},{"damage":0.0,"enemies":"3 Louse","floor":14.0,"turns":2.0},{"damage":7.0,"enemies":"Hexaghost","floor":16.0,"turns":6.0},{"damage":63,"enemies":"3 Byrds","floor":18,"turns":7},{"damage":19,"enemies":"Spheric Guardian","floor":20,"turns":4},{"damage":11,"enemies":"Snake Plant","floor":22,"turns":1}],"seed_played":"-8990144955698167707","potions_obtained":[{"floor":8.0,"key":"SkillPotion"},{"floor":18,"key":"PowerPotion"}],"is_trial":false,"path_per_floor":["M","?","?","M","?","R","T","M","T","R","E","$","R","M","R","B",null,"M","?","M","?","M"],"character_chosen":"IRONCLAD","items_purchased":["Spot Weakness","Panacea"],"campfire_rested":0,"item_purchase_floors":[12,12],"current_hp_per_floor":[80,80,77,79,72,72,72,64,64,64,56,56,56,62,62,61,80,26,20,10,10,0],"gold":238,"neow_bonus":"ONE_RANDOM_RARE_CARD","is_prod":false,"is_daily":false,"chose_seed":false,"campfire_upgraded":4,"win_rate":0,"timestamp":1541308901,"path_taken":["M","?","?","M","?","R","?","M","T","R","E","$","R","M","R","BOSS","M","?","M","?","?"],"build_version":"2018-11-01","purchased_purges":1,"victory":false,"max_hp_per_floor":[80,80,80,80,80,80,80,80,80,80,80,80,80,80,80,80,80,83,83,86,86,86],"card_choices":[{"not_picked":["Power Through","Cleave"],"picked":"Heavy Blade","floor":1.0},{"not_picked":["Hemokinesis","Battle Trance"],"picked":"Cleave","floor":4.0},{"not_picked":["Body Slam","Clothesline"],"picked":"True Grit","floor":8.0},{"not_picked":["Heavy Blade","Brutality"],"picked":"Limit Break","floor":11.0},{"not_picked":["Searing Blow","Seeing Red"],"picked":"Inflame","floor":14.0},{"not_picked":["Brutality","Immolate"],"picked":"Feed","floor":16.0},{"not_picked":["Combust+1","Power Through"],"picked":"Heavy Blade","floor":18},{"not_picked":["Second Wind","Inflame+1"],"picked":"Flex","floor":20}],"player_experience":736855,"relics_obtained":[{"floor":7.0,"key":"Vajra"},{"floor":9.0,"key":"Letter Opener"},{"floor":11.0,"key":"Darkstone Periapt"}],"event_choices":[{"damage_healed":0.0,"max_hp_gain":0.0,"max_hp_loss":0.0,"gold_gain":175.0,"event_name":"Liars Game","player_choice":"AGREE","floor":2.0,"gold_loss":0.0,"damage_taken":0.0,"cards_obtained":["Doubt"]},{"damage_healed":0.0,"max_hp_gain":0.0,"max_hp_loss":0.0,"gold_gain":0.0,"event_name":"Scrap Ooze","player_choice":"Success","floor":3.0,"gold_loss":0.0,"damage_taken":3.0,"relics_obtained":["Ornamental Fan"]},{"cards_removed":["Doubt"],"damage_healed":0.0,"max_hp_gain":0.0,"max_hp_loss":0.0,"gold_gain":0.0,"event_name":"Golden Wing","player_choice":"Card Removal","floor":5.0,"gold_loss":0.0,"damage_taken":7.0},{"damage_healed":0,"gold_gain":0,"player_choice":"Joined the Cult","damage_taken":6,"max_hp_gain":0,"max_hp_loss":0,"event_name":"Nest","floor":19,"gold_loss":0,"cards_obtained":["RitualDagger"]},{"damage_healed":0,"gold_gain":0,"player_choice":"Ignored","damage_taken":0,"max_hp_gain":0,"max_hp_loss":0,"event_name":"N\u0027loth","floor":21,"gold_loss":0}],"is_beta":false,"boss_relics":[{"not_picked":["Orrery","Runic Cube"],"picked":"Astrolabe"}],"items_purged_floors":[12],"is_endless":false,"potions_floor_spawned":[8,18],"killed_by":"Snake Plant","ascension_level":2}