{"gold_per_floor":[109,109,109,120,120,155,155,166,166,166,191,191,206,217,217,294,294,314,239,239,239,139,139,165,40,67,4,46,58,70,82,94,106],"floor_reached":33,"playtime":807,"items_purged":["Strike_R","Shame","Strike_R"],"score":624,"play_id":"8133edb5-02aa-4e8b-8e0d-c176a06806a6","local_time":"20190303131607","is_ascension_mode":true,"campfire_choices":[{"data":"Bash","floor":7.0,"key":"SMITH"},{"data":"Fire Breathing","floor":10.0,"key":"SMITH"},{"data":"Spot Weakness","floor":12.0,"key":"SMITH"},{"data":"Anger","floor":15.0,"key":"SMITH"},{"data":"Sword Boomerang","floor":23,"key":"SMITH"},{"data":"Metallicize","floor":30,"key":"SMITH"},{"data":"Defend_R","floor":32,"key":"SMITH"}],"neow_cost":"NONE","seed_source_timestamp":0,"circlet_count":0,"master_deck":["AscendersBane","Strike_R","Defend_R+1","Defend_R","Defend_R","Defend_R","Bash+1","Anger+1","Spot Weakness+1","Fire Breathing+1","Sword Boomerang+1","Reaper","Metallicize+1"],"special_seed":0,"relics":["Burning Blood","NeowsBlessing","Meat on the Bone","Charon\u0027s Ashes","Bag of Marbles","Du-Vu Doll","Anchor","Sozu","PreservedInsect","Letter Opener","MawBank","Omamori"],"potions_floor_usage":[28],"damage_taken":[{"damage":0.0,"enemies":"Small Slimes","floor":1.0,"turns":1.0},{"damage":0.0,"enemies":"Jaw Worm","floor":4.0,"turns":1.0},{"damage":0.0,"enemies":"3 Sentries","floor":6.0,"turns":1.0},{"damage":1.0,"enemies":"Cultist","floor":8.0,"turns":3.0},{"damage":32.0,"enemies":"Gremlin Nob","floor":11.0,"turns":4.0},{"damage":10.0,"enemies":"Exordium Wildlife","floor":13.0,"turns":4.0},{"damage":0.0,"enemies":"2 Fungi Beasts","floor":14.0,"turns":2.0},{"damage":7.0,"enemies":"Slime Boss","floor":16.0,"turns":7.0},{"damage":13.0,"enemies":"2 Thieves","floor":18.0,"turns":4.0},{"damage":23,"enemies":"Gremlin Leader","floor":24,"turns":5},{"damage":17,"enemies":"Slavers","floor":28,"turns":4},{"damage":81,"enemies":"Champ","floor":33,"turns":10}],"seed_played":"-2668095105456887213","potions_obtained":[{"floor":4.0,"key":"SkillPotion"},{"floor":8.0,"key":"Dexterity Potion"},{"floor":11.0,"key":"PowerPotion"}],"is_trial":false,"path_per_floor":["M","?","?","M","?","E","R","M","T","R","E","R","M","M","R","B",null,"M","$","?","?","$","R","E","$","T","?","E","?","R","$","R","B"],"character_chosen":"IRONCLAD","items_purchased":[],"campfire_rested":0,"item_purchase_floors":[],"current_hp_per_floor":[74,74,69,75,75,75,75,75,75,75,49,49,45,51,51,50,69,62,62,62,62,62,62,45,45,45,45,55,55,55,55,55,0],"gold":106,"neow_bonus":"THREE_ENEMY_KILL","is_prod":false,"is_daily":false,"chose_seed":false,"campfire_upgraded":7,"win_rate":0,"timestamp":1551586567,"path_taken":["M","?","?","?","?","E","R","M","T","R","E","R","?","M","R","BOSS","M","$","?","?","$","R","E","?","T","?","E","?","R","?","R","BOSS"],"build_version":"2019-01-23","purchased_purges":3,"victory":false,"max_hp_per_floor":[75,75,75,75,75,75,75,75,75,75,75,75,75,75,75,75,75,75,75,75,75,75,75,75,75,75,75,75,75,75,75,75,75],"card_choices":[{"not_picked":["Perfected Strike","Cleave"],"picked":"Anger","floor":1.0},{"not_picked":["Pummel","Seeing Red"],"picked":"Spot Weakness","floor":4.0},{"not_picked":["Clothesline","True Grit"],"picked":"Fire Breathing","floor":6.0},{"not_picked":["Cleave","Wild Strike"],"picked":"Sword Boomerang","floor":8.0},{"not_picked":["Flex","Cleave","Dropkick"],"picked":"SKIP","floor":11.0},{"not_picked":["True Grit","Perfected Strike","Ghostly Armor"],"picked":"SKIP","floor":13.0},{"not_picked":["Clothesline","Immolate","Heavy Blade"],"picked":"SKIP","floor":14.0},{"not_picked":["Offering","Barricade"],"picked":"Reaper","floor":16.0},{"not_picked":["Armaments","Clothesline","Body Slam"],"picked":"SKIP","floor":18.0},{"not_picked":["Inflame","Blood for Blood+1","Perfected Strike"],"picked":"SKIP","floor":24},{"not_picked":["Evolve+1","Body Slam"],"picked":"Metallicize","floor":28}],"player_experience":1030777,"relics_obtained":[{"floor":5.0,"key":"Charon\u0027s Ashes"},{"floor":6.0,"key":"Bag of Marbles"},{"floor":9.0,"key":"Du-Vu Doll"},{"floor":11.0,"key":"Anchor"},{"floor":24,"key":"Letter Opener"},{"floor":26,"key":"MawBank"},{"floor":28,"key":"Omamori"}],"event_choices":[{"cards_removed":["Strike_R"],"damage_healed":0.0,"max_hp_gain":0.0,"max_hp_loss":0.0,"gold_gain":0.0,"event_name":"Living Wall","player_choice":"Forget","floor":2.0,"gold_loss":0.0,"damage_taken":0.0},{"damage_healed":0.0,"max_hp_gain":0.0,"max_hp_loss":0.0,"gold_gain":0.0,"event_name":"Scrap Ooze","player_choice":"Success","floor":3.0,"gold_loss":0.0,"damage_taken":5.0,"relics_obtained":["Meat on the Bone"]},{"damage_healed":0.0,"max_hp_gain":0.0,"max_hp_loss":0.0,"gold_gain":0.0,"event_name":"Wheel of Change","player_choice":"Relic","floor":5.0,"gold_loss":0.0,"damage_taken":0.0},{"damage_healed":0,"gold_gain":0,"player_choice":"Ignored","damage_taken":0,"max_hp_gain":0,"max_hp_loss":0,"event_name":"Cursed Tome","floor":20,"gold_loss":0},{"damage_healed":0,"gold_gain":0,"player_choice":"Stole Relic","damage_taken":0,"relics_obtained":["PreservedInsect"],"max_hp_gain":0,"max_hp_loss":0,"event_name":"Addict","floor":21,"gold_loss":0,"cards_obtained":["Shame"]},{"cards_removed":["Strike_R"],"damage_healed":0,"gold_gain":0,"player_choice":"Gave Gold","damage_taken":0,"max_hp_gain":0,"max_hp_loss":0,"event_name":"Beggar","floor":27,"gold_loss":75},{"damage_healed":0,"gold_gain":0,"player_choice":"Ignored","damage_taken":0,"max_hp_gain":0,"max_hp_loss":0,"event_name":"The Mausoleum","floor":29,"gold_loss":0}],"is_beta":false,"boss_relics":[{"not_picked":["Runic Dome","Tiny House"],"picked":"Sozu"}],"items_purged_floors":[19,22,25],"is_endless":false,"potions_floor_spawned":[4,8,11,18,28],"killed_by":"Champ","ascension_level":20}