{"gold_per_floor":[129,159,186,213,245,257,304,316,381,393,480,492,504,529,541,627,639,669,694,70,70,70],"floor_reached":22,"playtime":1787,"items_purged":[],"score":344,"play_id":"de9ce2ec-85a1-4d96-a842-73e4597d3d80","local_time":"20190117122346","is_ascension_mode":true,"campfire_choices":[{"floor":6,"key":"REST"},{"floor":8,"key":"REST"},{"floor":10,"key":"REST"},{"data":"Noxious Fumes","floor":12,"key":"SMITH"},{"floor":15,"key":"REST"}],"neow_cost":"NONE","seed_source_timestamp":77098881558673,"circlet_count":0,"master_deck":["AscendersBane","Defend_G","Defend_G","Defend_G","Defend_G","Defend_G","Strike_G","Strike_G","Strike_G","Strike_G","Strike_G","Survivor","Neutralize","Dagger Throw","Dagger Throw","Noxious Fumes+1","Infinite Blades","Terror","Dagger Spray","Adrenaline","Backflip","Venomology"],"relics":["Ring of the Snake","MawBank","Ancient Tea Set","Vajra","Cursed Key","Shuriken","TwistedFunnel"],"potions_floor_usage":[5,22,22],"damage_taken":[{"damage":2,"enemies":"Jaw Worm","floor":1,"turns":5},{"damage":3,"enemies":"Small Slimes","floor":2,"turns":4},{"damage":0,"enemies":"Cultist","floor":3,"turns":4},{"damage":7,"enemies":"2 Fungi Beasts","floor":4,"turns":3},{"damage":15,"enemies":"Exordium Thugs","floor":5,"turns":6},{"damage":34,"enemies":"Lagavulin","floor":7,"turns":6},{"damage":2,"enemies":"Lots of Slimes","floor":14,"turns":5},{"damage":21,"enemies":"The Guardian","floor":16,"turns":10},{"damage":10,"enemies":"3 Byrds","floor":18,"turns":5},{"damage":29,"enemies":"Shell Parasite","floor":19,"turns":5},{"damage":26,"enemies":"Shelled Parasite and Fungi","floor":22,"turns":4}],"seed_played":"3565133476020256855","potions_obtained":[{"floor":4,"key":"SkillPotion"},{"floor":7,"key":"SpeedPotion"}],"is_trial":false,"path_per_floor":["M","M","M","M","M","R","E","R","T","R","?","R","?","M","R","B",null,"M","M","$","?","M"],"character_chosen":"THE_SILENT","items_purchased":["Shuriken","TwistedFunnel","Venomology"],"campfire_rested":4,"item_purchase_floors":[20,20,20],"current_hp_per_floor":[57,54,54,47,32,51,17,36,36,55,44,44,40,38,57,36,59,49,20,20,25,0],"gold":70,"neow_bonus":"RANDOM_COMMON_RELIC","is_prod":false,"is_daily":false,"chose_seed":true,"campfire_upgraded":1,"win_rate":0,"timestamp":1547720626,"path_taken":["M","M","M","M","M","R","E","R","T","R","?","R","?","M","R","BOSS","M","?","$","?","M"],"build_version":"2019-01-10","purchased_purges":0,"victory":false,"max_hp_per_floor":[66,66,66,66,66,66,66,66,66,66,66,66,66,66,66,66,66,66,66,66,66,66],"card_choices":[{"not_picked":["PiercingWail","Slice"],"picked":"Dagger Throw","floor":1},{"not_picked":["Acrobatics","PiercingWail"],"picked":"Dagger Throw","floor":2},{"not_picked":["Blade Dance","Underhanded Strike"],"picked":"Flying Knee","floor":3},{"not_picked":["PiercingWail","Cloak And Dagger"],"picked":"Noxious Fumes","floor":4},{"not_picked":["Dodge and Roll","Catalyst"],"picked":"Infinite Blades","floor":5},{"not_picked":["Bullet Time","Dodge and Roll"],"picked":"Terror","floor":7},{"not_picked":["Acrobatics","Terror"],"picked":"Dagger Spray","floor":14},{"not_picked":["Corpse Explosion","Malaise"],"picked":"Adrenaline","floor":16},{"not_picked":["Outmaneuver","Bane+1"],"picked":"Backflip","floor":18},{"not_picked":["Flying Knee","Bane","Dagger Throw"],"picked":"SKIP","floor":19}],"player_experience":313347,"relics_obtained":[{"floor":7,"key":"Ancient Tea Set"},{"floor":9,"key":"Vajra"}],"event_choices":[{"damage_healed":0,"gold_gain":75,"player_choice":"Gather Gold","damage_taken":11,"max_hp_gain":0,"max_hp_loss":0,"event_name":"World of Goop","floor":11,"gold_loss":0},{"damage_healed":0,"gold_gain":0,"player_choice":"Bought 0 Potions","damage_taken":0,"max_hp_gain":0,"max_hp_loss":0,"event_name":"The Woman in Blue","floor":13,"gold_loss":0},{"cards_removed":["Flying Knee"],"damage_healed":5,"gold_gain":0,"player_choice":"Offered Common","damage_taken":0,"max_hp_gain":0,"max_hp_loss":0,"event_name":"Bonfire Elementals","floor":21,"gold_loss":0},{"cards_removed":["Flying Knee"],"damage_healed":5,"gold_gain":0,"player_choice":"Offered Special","damage_taken":0,"max_hp_gain":0,"max_hp_loss":0,"event_name":"Bonfire Elementals","floor":21,"gold_loss":0}],"is_beta":false,"boss_relics":[{"not_picked":["HoveringKite","Runic Dome"],"picked":"Cursed Key"}],"items_purged_floors":[],"is_endless":false,"potions_floor_spawned":[4,7],"killed_by":"Shelled Parasite and Fungi","ascension_level":17}