{"path_per_floor":["M","M","M","M","$","R","M","R","T","M","M","?","R","M","R","B",null,"M","$","M","M","M","R","M","?","T","M","$","R","$","$","R"],"character_chosen":"IRONCLAD","items_purchased":["Flex","Flash of Steel","Shrug It Off","Heavy Blade"],"gold_per_floor":[112,130,148,167,14,14,27,27,27,42,62,62,62,74,74,173,173,187,112,132,152,169,169,180,180,206,220,71,71,71,25,25],"floor_reached":33,"campfire_rested":2,"playtime":1430,"current_hp_per_floor":[80,80,77,61,61,61,56,56,56,61,42,42,42,47,71,34,80,65,65,71,63,34,34,37,21,28,26,26,26,26,26,52],"items_purged":["Defend_R","Strike_R"],"gold":25,"score":318,"play_id":"6a9ea2e3-bef5-4f47-b041-1fd26210cc60","local_time":"20180314233546","is_prod":false,"is_daily":false,"is_ascension_mode":true,"campfire_upgraded":5,"timestamp":1521084946,"path_taken":["M","?","M","M","?","R","M","R","T","M","M","?","R","M","R","BOSS","M","$","M","M","M","R","M","?","T","M","$","R","?","$","R","BOSS"],"build_version":"2018-03-09","purchased_purges":2,"victory":false,"master_deck":["Strike_R","Strike_R","Strike_R","Strike_R","Defend_R","Defend_R","Bash+1","Heavy Blade+1","Heavy Blade+1","Warcry","Flex+1","Flash of Steel","Metallicize","Double Tap+1","Heavy Blade+1","Heavy Blade+1","Shrug It Off","Shrug It Off","Heavy Blade"],"max_hp_per_floor":[80,80,80,80,80,80,80,80,80,80,80,80,80,80,80,80,80,80,80,80,80,80,80,80,80,87,87,87,87,87,87,87],"relics":["Burning Blood","Bird Faced Urn","Sozu","Nilry\u0027s Codex","Strawberry"],"card_choices":[{"not_picked":["Battle Trance","Pommel Strike"],"picked":"Heavy Blade"},{"not_picked":["Anger","Twin Strike"],"picked":"Heavy Blade"},{"not_picked":["Twin Strike","Thunderclap"],"picked":"Warcry"},{"not_picked":["Sentinel","Second Wind"],"picked":"Metallicize"},{"not_picked":["Barricade","Bludgeon"],"picked":"Double Tap"},{"not_picked":["Ghostly Armor","Anger"],"picked":"Heavy Blade"},{"not_picked":["Body Slam","Immolate"],"picked":"Heavy Blade"},{"not_picked":["Disarm","Sword Boomerang"],"picked":"Shrug It Off"}],"player_experience":273591,"potions_floor_usage":[16,16,27],"damage_taken":[{"damage":1,"enemies":"Cultist","floor":1,"turns":3},{"damage":0,"enemies":"Small Slimes","floor":2,"turns":3},{"damage":9,"enemies":"2 Louse","floor":3,"turns":3},{"damage":22,"enemies":"Looter","floor":4,"turns":3},{"damage":11,"enemies":"Blue Slaver","floor":7,"turns":3},{"damage":1,"enemies":"2 Fungi Beasts","floor":10,"turns":3},{"damage":27,"enemies":"Exordium Thugs","floor":11,"turns":6},{"damage":3,"enemies":"Looter","floor":14,"turns":3},{"damage":45,"enemies":"Hexaghost","floor":16,"turns":8},{"damage":21,"enemies":"Shell Parasite","floor":18,"turns":3},{"damage":0,"enemies":"Chosen","floor":20,"turns":3},{"damage":16,"enemies":"Snake Plant","floor":21,"turns":3},{"damage":37,"enemies":"3 Cultists","floor":22,"turns":6},{"damage":5,"enemies":"Centurion and Healer","floor":24,"turns":5},{"damage":15,"enemies":"Snake Plant","floor":27,"turns":4},{"damage":59,"enemies":"Collector","floor":33,"turns":3}],"event_choices":[{"event_name":"Living Wall","player_choice":"Forget","floor":12,"damage_taken":0},{"event_name":"Cursed Tome","player_choice":"Obtained Book","floor":25,"damage_taken":0}],"boss_relics":[{"not_picked":["Eternal Feather","Orrery"],"picked":"Sozu"}],"potions_floor_spawned":[3,7,11,18,24],"seed_played":"3453086680382942710","killed_by":"Collector","ascension_level":4,"is_trial":false}