{"gold_per_floor":[16,16,16,37,37,37,75,75],"floor_reached":8,"playtime":321,"items_purged":[],"score":95,"play_id":"592e1e7f-82d0-4535-84cb-c2741eb940e4","local_time":"20181110222617","is_ascension_mode":true,"campfire_choices":[{"data":"Pommel Strike","floor":6,"key":"SMITH"}],"neow_cost":"NO_GOLD","seed_source_timestamp":1311049387821855,"circlet_count":0,"master_deck":["AscendersBane","Strike_R+1","Strike_R","Strike_R","Strike_R","Strike_R","Defend_R+1","Defend_R","Defend_R","Defend_R","Bash+1","Brutality+1","Rampage","Injury","Pommel Strike+1","Whirlwind+1"],"relics":["Burning Blood","Golden Idol","Molten Egg 2","Whetstone"],"potions_floor_usage":[8],"damage_taken":[{"damage":10,"enemies":"Small Slimes","floor":1,"turns":4},{"damage":9,"enemies":"Jaw Worm","floor":4,"turns":3},{"damage":37,"enemies":"3 Sentries","floor":7,"turns":9},{"damage":23,"enemies":"3 Sentries","floor":8,"turns":2}],"seed_played":"-7924576093591306200","potions_obtained":[{"floor":7,"key":"BloodPotion"}],"is_trial":false,"path_per_floor":["M","?","?","M","T","R","E","?"],"character_chosen":"IRONCLAD","items_purchased":[],"campfire_rested":0,"item_purchase_floors":[],"current_hp_per_floor":[64,41,41,38,38,38,7,0],"gold":75,"neow_bonus":"THREE_RARE_CARDS","is_prod":false,"is_daily":false,"chose_seed":false,"campfire_upgraded":1,"win_rate":0,"timestamp":1541856377,"path_taken":["M","?","?","M","?","R","E","?"],"build_version":"2018-11-08","purchased_purges":0,"victory":false,"max_hp_per_floor":[75,75,75,75,75,75,75,75],"card_choices":[{"not_picked":["Exhume","Berserk"],"picked":"Brutality","floor":0},{"not_picked":["Body Slam","Perfected Strike"],"picked":"Rampage","floor":1},{"not_picked":["Clash","Anger"],"picked":"Pommel Strike","floor":4},{"not_picked":["Pommel Strike+1","Metallicize"],"picked":"Whirlwind+1","floor":7}],"player_experience":835563,"relics_obtained":[{"floor":5,"key":"Molten Egg 2"},{"floor":7,"key":"Whetstone"}],"event_choices":[{"damage_healed":0,"gold_gain":0,"player_choice":"Entered Light","damage_taken":23,"max_hp_gain":0,"max_hp_loss":0,"event_name":"Shining Light","floor":2,"gold_loss":0,"cards_upgraded":["Defend_R","Brutality"]},{"damage_healed":0,"gold_gain":0,"player_choice":"Take Wound","damage_taken":0,"relics_obtained":["Golden Idol"],"max_hp_gain":0,"max_hp_loss":0,"event_name":"Golden Idol","floor":3,"gold_loss":0,"cards_obtained":["Injury"]},{"damage_healed":0,"gold_gain":0,"player_choice":"Searched \u00271\u0027 times","damage_taken":0,"max_hp_gain":0,"max_hp_loss":0,"event_name":"Dead Adventurer","floor":8,"gold_loss":0}],"is_beta":false,"boss_relics":[],"items_purged_floors":[],"is_endless":false,"potions_floor_spawned":[7],"killed_by":"3 Sentries","ascension_level":15}