{"gold_per_floor":[111,111,121,121,140,165,178,195,218,243,255,255,269,40,40,160,160,185,203,203,203],"floor_reached":21,"playtime":1178,"items_purged":[],"score":270,"play_id":"a85f932a-f8b6-460a-a747-7e6a67471293","local_time":"20190214190229","is_ascension_mode":true,"campfire_choices":[{"floor":15,"key":"REST"}],"neow_cost":"NONE","seed_source_timestamp":5308192054900,"circlet_count":0,"master_deck":["Strike_R","Strike_R","Strike_R","Strike_R","Strike_R","Defend_R","Defend_R","Defend_R","Defend_R","Bash","Flex","Cleave","Perfected Strike","Twin Strike","Iron Wave","Twin Strike","Wild Strike","Demon Form","Shrug It Off+1","Metallicize","Fiend Fire","Flex+1","Pommel Strike","Disarm+1","Twin Strike","Combust","Wild Strike"],"relics":["Burning Blood","NeowsBlessing","Matryoshka","Toxic Egg 2","Strawberry","Dream Catcher","Ginger","Golden Idol","Orrery"],"potions_floor_usage":[6,6,6,10,11],"damage_taken":[{"damage":0,"enemies":"2 Louse","floor":1,"turns":1},{"damage":0,"enemies":"Cultist","floor":3,"turns":1},{"damage":0,"enemies":"Small Slimes","floor":5,"turns":1},{"damage":23,"enemies":"Lagavulin","floor":6,"turns":5},{"damage":12,"enemies":"Looter","floor":7,"turns":3},{"damage":16,"enemies":"Blue Slaver","floor":8,"turns":3},{"damage":21,"enemies":"Gremlin Nob","floor":10,"turns":4},{"damage":15,"enemies":"3 Louse","floor":11,"turns":2},{"damage":12,"enemies":"Looter","floor":13,"turns":3},{"damage":25,"enemies":"Slime Boss","floor":16,"turns":8},{"damage":7,"enemies":"Chosen","floor":18,"turns":4},{"damage":45,"enemies":"3 Byrds","floor":19,"turns":7},{"damage":27,"enemies":"Colosseum Slavers","floor":20,"turns":4},{"damage":24,"enemies":"Shelled Parasite and Fungi","floor":21,"turns":4}],"seed_played":"6080127292836315086","potions_obtained":[{"floor":1,"key":"Fire Potion"},{"floor":2,"key":"EssenceOfSteel"},{"floor":2,"key":"Energy Potion"},{"floor":6,"key":"PowerPotion"},{"floor":8,"key":"AttackPotion"}],"is_trial":false,"path_per_floor":["M","?","M","T","M","E","M","M","T","E","M","?","M","$","R","B",null,"M","M","?","M"],"character_chosen":"IRONCLAD","items_purchased":["Demon Form","Shrug It Off+1","FairyPotion"],"campfire_rested":1,"item_purchase_floors":[14,14,14],"current_hp_per_floor":[78,78,80,80,80,63,57,47,54,39,30,30,24,24,48,29,68,67,28,7,0],"gold":203,"neow_bonus":"THREE_ENEMY_KILL","is_prod":false,"is_daily":false,"chose_seed":false,"campfire_upgraded":0,"win_rate":0,"timestamp":1550188949,"path_taken":["M","?","?","?","M","E","M","?","T","E","M","?","M","$","R","BOSS","M","M","?","M"],"build_version":"2019-01-23","purchased_purges":0,"victory":false,"max_hp_per_floor":[80,80,80,80,80,80,80,80,87,87,87,81,81,81,81,81,81,81,81,81,81],"card_choices":[{"not_picked":["Feel No Pain","Dual Wield"],"picked":"Flex","floor":1},{"not_picked":["Headbutt","Clash"],"picked":"Cleave","floor":3},{"not_picked":["Perfected Strike","Pummel","True Grit"],"picked":"SKIP","floor":5},{"not_picked":["Sentinel","Warcry"],"picked":"Perfected Strike","floor":6},{"not_picked":["Intimidate+1","Clash"],"picked":"Twin Strike","floor":7},{"not_picked":["Uppercut","Burning Pact+1"],"picked":"Iron Wave","floor":8},{"not_picked":["Juggernaut","Flame Barrier+1"],"picked":"Twin Strike","floor":10},{"not_picked":["Sword Boomerang","Clothesline"],"picked":"Wild Strike","floor":11},{"not_picked":["Sword Boomerang","Body Slam","Clash"],"picked":"SKIP","floor":13},{"not_picked":["Sword Boomerang","Thunderclap"],"picked":"Metallicize","floor":15},{"not_picked":["Juggernaut","Dark Embrace"],"picked":"Fiend Fire","floor":16},{"not_picked":["True Grit+1","Havoc+1"],"picked":"Flex+1","floor":17},{"not_picked":["Rage+1","Entrench+1"],"picked":"Pommel Strike","floor":17},{"not_picked":["Uppercut","Dual Wield+1"],"picked":"Disarm+1","floor":17},{"not_picked":["Inflame","Anger"],"picked":"Twin Strike","floor":17},{"not_picked":["Cleave+1","Blood for Blood"],"picked":"Combust","floor":18},{"not_picked":["Berserk","Havoc+1"],"picked":"Wild Strike","floor":19}],"player_experience":488607,"relics_obtained":[{"floor":4,"key":"Matryoshka"},{"floor":6,"key":"Toxic Egg 2"},{"floor":9,"key":"Strawberry"},{"floor":9,"key":"Dream Catcher"},{"floor":10,"key":"Ginger"}],"event_choices":[{"damage_healed":0,"gold_gain":0,"player_choice":"Got Potions","damage_taken":0,"max_hp_gain":0,"max_hp_loss":0,"event_name":"Lab","floor":2,"gold_loss":0},{"damage_healed":0,"gold_gain":0,"player_choice":"Lose Max HP","damage_taken":0,"relics_obtained":["Golden Idol"],"max_hp_gain":0,"max_hp_loss":6,"event_name":"Golden Idol","floor":12,"gold_loss":0},{"damage_healed":0,"gold_gain":0,"player_choice":"Fight","damage_taken":0,"max_hp_gain":0,"max_hp_loss":0,"event_name":"Colosseum","floor":20,"gold_loss":0},{"damage_healed":0,"gold_gain":0,"player_choice":"Fled From Nobs","damage_taken":0,"max_hp_gain":0,"max_hp_loss":0,"event_name":"Colosseum","floor":20,"gold_loss":0}],"is_beta":false,"boss_relics":[{"not_picked":["Tiny House","Empty Cage"],"picked":"Orrery"}],"items_purged_floors":[],"is_endless":false,"potions_floor_spawned":[1,6,8],"killed_by":"Shelled Parasite and Fungi","ascension_level":8}