{"path_per_floor":["M","?","M","M","?","R","M","E","T","R","?","R","M","E","R","B",null,"M","?","?","?","M","R","E","M","T","R","M","E","$","M","R","B",null,"M","?","M","?","M","R","M","E","T","R","M","$","R","M","R","B"],"character_chosen":"DEFECT","items_purchased":["Panache","Bag of Preparation","Loop"],"gold_per_floor":[116,66,82,94,94,94,111,136,136,136,136,136,154,185,185,281,281,300,331,331,331,345,345,374,389,389,389,401,431,47,58,58,154,154,165,165,180,180,199,199,217,244,244,244,257,138,138,149,149,149],"floor_reached":51,"campfire_rested":0,"playtime":2319,"item_purchase_floors":[30,30,46],"current_hp_per_floor":[74,74,73,73,66,66,56,48,48,48,33,33,45,47,47,40,75,68,27,27,27,27,27,33,44,44,44,44,40,40,40,40,38,75,75,75,64,54,54,54,53,50,50,50,50,50,50,50,50,22],"items_purged":["Defend_B","Defend_B"],"gold":149,"score":786,"play_id":"a9f78ee7-13ee-4b2c-805f-b6a30dcb7db0","local_time":"20180602212043","is_prod":false,"is_daily":false,"chose_seed":false,"is_ascension_mode":true,"campfire_upgraded":11,"win_rate":0.0,"timestamp":1527942043,"campfire_choices":[{"data":"Zap","floor":6,"key":"SMITH"},{"data":"Gash","floor":10,"key":"SMITH"},{"data":"Undo","floor":12,"key":"SMITH"},{"data":"Machine Learning","floor":15,"key":"SMITH"},{"data":"Dualcast","floor":23,"key":"SMITH"},{"data":"Storm","floor":27,"key":"SMITH"},{"data":"Panache","floor":32,"key":"SMITH"},{"data":"Master of Strategy","floor":40,"key":"SMITH"},{"data":"Panache","floor":44,"key":"SMITH"},{"data":"Loop","floor":47,"key":"SMITH"},{"data":"Seek","floor":49,"key":"SMITH"}],"path_taken":["M","?","M","M","?","R","?","E","T","R","?","R","M","E","R","BOSS","M","?","?","?","M","R","E","M","T","R","M","E","$","?","R","BOSS","M","?","?","?","M","R","M","E","T","R","M","?","R","M","R","BOSS"],"build_version":"2018-05-31","seed_source_timestamp":862101102073528,"purchased_purges":2,"victory":true,"master_deck":["Strike_B+1","Defend_B+1","Defend_B","Zap+1","Dualcast+1","Echo Form","Gash+1","Undo+1","Machine Learning+1","Thunder Strike+1","Gash+1","Gash+1","Storm+1","Tempest+1","Panache+1","Gash+1","Machine Learning+1","White Noise+1","Panache+1","Master of Strategy+1","All For One+1","Heatsinks+1","Hologram+1","Loop+1","Seek+1"],"max_hp_per_floor":[75,75,75,75,75,75,75,75,75,75,75,75,75,75,75,75,75,75,75,75,75,75,75,75,75,75,75,75,75,75,75,75,75,75,75,75,75,75,75,75,75,75,75,75,75,75,75,75,75,75],"relics":["Cracked Core","Du-Vu Doll","Meat on the Bone","Molten Egg 2","Nuclear Battery","Red Mask","Smiling Mask","Toolbox","Ancient Tea Set","Bag of Preparation","Sozu","Oddly Smooth Stone","Bottled Tornado"],"card_choices":[{"not_picked":["BootSequence","Leap"],"picked":"Gash","floor":1},{"not_picked":["Steam","Heatsinks","Go for the Eyes"],"picked":"SKIP","floor":3},{"not_picked":["Rebound","Blizzard","Streamline"],"picked":"SKIP","floor":4},{"not_picked":["Cold Snap","Stack"],"picked":"Undo","floor":7},{"not_picked":["Rebound","Streamline","Melter"],"picked":"SKIP","floor":8},{"not_picked":["Rip and Tear","Auto Shields","Compile Driver"],"picked":"SKIP","floor":13},{"not_picked":["Static Discharge","Leap"],"picked":"Machine Learning","floor":14},{"not_picked":["Machine Learning","Fission"],"picked":"Thunder Strike+1","floor":16},{"not_picked":["Fusion","Turbo"],"picked":"Gash+1","floor":18},{"not_picked":["Beam Cell+1","Cold Snap+1"],"picked":"Gash+1","floor":22},{"not_picked":["Barrage+1","Stack"],"picked":"Storm","floor":24},{"not_picked":["Cold Snap+1","Compile Driver+1","Darkness"],"picked":"SKIP","floor":25},{"not_picked":["Barrage+1","Multi-Cast","Lockon+1"],"picked":"SKIP","floor":28},{"not_picked":["Leap+1","Echo Form"],"picked":"Tempest+1","floor":29},{"not_picked":["Melter+1","Self Repair"],"picked":"Gash+1","floor":31},{"not_picked":["Rainbow","Fission"],"picked":"Machine Learning","floor":33},{"not_picked":["Turbo+1","Sweeping Beam+1"],"picked":"White Noise+1","floor":35},{"not_picked":["Ball Lightning+1","Coolheaded","Steam Power"],"picked":"SKIP","floor":37},{"not_picked":["Purity","Bandage Up"],"picked":"Panache","floor":38},{"not_picked":["Blind","Thinking Ahead"],"picked":"Master of Strategy","floor":38},{"not_picked":["Leap+1","Rebound+1","Darkness+1"],"picked":"SKIP","floor":39},{"not_picked":["Go for the Eyes+1","Leap"],"picked":"All For One+1","floor":41},{"not_picked":["Capacitor","Leap+1"],"picked":"Heatsinks+1","floor":42},{"not_picked":["Sweeping Beam+1","Conserve Battery+1"],"picked":"Hologram+1","floor":45},{"not_picked":["Steam+1","Chill"],"picked":"Seek","floor":48}],"player_experience":742916,"potions_floor_usage":[14,18,24,28,33,50,50],"damage_taken":[{"damage":1,"enemies":"Jaw Worm","floor":1,"turns":5},{"damage":1,"enemies":"Cultist","floor":3,"turns":3},{"damage":0,"enemies":"2 Louse","floor":4,"turns":2},{"damage":10,"enemies":"Looter","floor":7,"turns":4},{"damage":8,"enemies":"Lagavulin","floor":8,"turns":7},{"damage":0,"enemies":"Exordium Thugs","floor":13,"turns":5},{"damage":10,"enemies":"Gremlin Nob","floor":14,"turns":4},{"damage":19,"enemies":"Hexaghost","floor":16,"turns":9},{"damage":7,"enemies":"3 Byrds","floor":18,"turns":5},{"damage":53,"enemies":"Masked Bandits","floor":19,"turns":5},{"damage":12,"enemies":"2 Thieves","floor":22,"turns":3},{"damage":6,"enemies":"Book of Stabbing","floor":24,"turns":5},{"damage":1,"enemies":"Centurion and Healer","floor":25,"turns":4},{"damage":12,"enemies":"3 Cultists","floor":28,"turns":4},{"damage":16,"enemies":"Slavers","floor":29,"turns":3},{"damage":0,"enemies":"Snake Plant","floor":31,"turns":2},{"damage":6,"enemies":"Champ","floor":33,"turns":5},{"damage":0,"enemies":"3 Shapes","floor":35,"turns":2},{"damage":11,"enemies":"3 Darklings","floor":37,"turns":2},{"damage":0,"enemies":"4 Shapes","floor":39,"turns":2},{"damage":1,"enemies":"Maw","floor":41,"turns":3},{"damage":3,"enemies":"2 Orb Walkers","floor":42,"turns":2},{"damage":0,"enemies":"Sphere and 2 Shapes","floor":45,"turns":2},{"damage":0,"enemies":"4 Shapes","floor":48,"turns":1},{"damage":40,"enemies":"Time Eater","floor":50,"turns":5}],"relics_obtained":[{"floor":8,"key":"Du-Vu Doll"},{"floor":9,"key":"Meat on the Bone"},{"floor":14,"key":"Molten Egg 2"},{"floor":19,"key":"Red Mask"},{"floor":24,"key":"Smiling Mask"},{"floor":26,"key":"Toolbox"},{"floor":29,"key":"Ancient Tea Set"},{"floor":42,"key":"Oddly Smooth Stone"},{"floor":43,"key":"Bottled Tornado"}],"event_choices":[{"event_name":"The Cleric","player_choice":"Card Removal","floor":2,"damage_taken":0},{"event_name":"Golden Wing","player_choice":"Card Removal","floor":5,"damage_taken":0},{"event_name":"Shining Light","player_choice":"Entered Light","floor":11,"damage_taken":0},{"event_name":"Masked Bandits","player_choice":"Fought over 300 gold","floor":19,"damage_taken":0},{"event_name":"Drug Dealer","player_choice":"Ignored","floor":20,"damage_taken":0},{"event_name":"Back to Basics","player_choice":"Elegance","floor":21,"damage_taken":0},{"event_name":"Accursed Blacksmith","player_choice":"Forge","floor":36,"damage_taken":0},{"event_name":"SensoryStone","player_choice":"Memory 3","floor":38,"damage_taken":0}],"boss_relics":[{"not_picked":["Runic Pyramid","Astrolabe"],"picked":"Nuclear Battery"},{"not_picked":["Tiny House","Velvet Choker"],"picked":"Sozu"}],"items_purged_floors":[30,46],"potions_floor_spawned":[1,7,13,16,24,28,29,33,37,39,42,48],"seed_played":"-1106810925574783088","ascension_level":1,"potions_obtained":[{"floor":1,"key":"FocusPotion"},{"floor":7,"key":"Block Potion"},{"floor":13,"key":"EssenceOfSteel"},{"floor":16,"key":"SpeedPotion"},{"floor":24,"key":"PowerPotion"},{"floor":28,"key":"FearPotion"},{"floor":29,"key":"PowerPotion"},{"floor":33,"key":"SkillPotion"}],"is_trial":false}