{"path_per_floor":["M","?","M","?","M","R","M","R","T","$","R","M","?","M","R","B",null,"M","M","M","?","?","R","M","E","T"],"character_chosen":"IRONCLAD","items_purchased":["Twin Strike","Perfected Strike","Blood Vial"],"gold_per_floor":[116,116,136,136,155,155,175,175,228,1,1,18,18,37,37,137,137,151,171,184,184,184,184,204,232,281],"floor_reached":27,"campfire_rested":0,"playtime":1000,"current_hp_per_floor":[80,77,77,77,77,77,80,80,80,80,80,80,80,80,80,45,80,73,80,78,78,78,78,78,37,37],"items_purged":[],"gold":281,"score":225,"play_id":"b90d1e5b-521a-42fa-9630-c1c9c6ea597f","is_prod":false,"is_daily":false,"is_ascension_mode":false,"campfire_upgraded":5,"path_taken":["M","?","M","?","M","R","M","R","T","$","R","M","?","M","R","BOSS","M","M","M","?","?","R","M","E","T","E"],"build_version":"2018-02-22-PROD2","purchased_purges":0,"victory":false,"master_deck":["Strike_R","Strike_R","Strike_R","Strike_R","Strike_R","Defend_R","Defend_R","Defend_R","Bash+1","Pommel Strike+1","Thunderclap+1","Perfected Strike+1","Wild Strike","Twin Strike","Perfected Strike+1","Pommel Strike","Ghostly Armor","Pommel Strike","Combust+1","Limit Break","Clash","Perfected Strike+1","Dual Wield+1","Seeing Red","Shrug It Off+1"],"max_hp_per_floor":[80,80,80,80,80,80,80,80,80,80,80,80,80,80,80,80,80,80,80,80,80,80,80,80,80,80],"relics":["Black Blood","Bronze Scales","Ancient Tea Set","Blood Vial","Pen Nib","Paper Frog","Omamori"],"card_choices":[{"not_picked":["Warcry","Sever Soul"],"picked":"Pommel Strike"},{"not_picked":["Anger","Warcry"],"picked":"Thunderclap"},{"not_picked":["Offering","Thunderclap"],"picked":"Perfected Strike"},{"not_picked":["Rage","Twin Strike"],"picked":"Wild Strike"},{"not_picked":["Body Slam","Shrug It Off"],"picked":"Pommel Strike"},{"not_picked":["Metallicize","Disarm"],"picked":"Combust"},{"not_picked":["Double Tap","Dark Embrace"],"picked":"Limit Break"},{"not_picked":["Body Slam","Entrench"],"picked":"Clash"},{"not_picked":["Body Slam","Heavy Blade"],"picked":"Perfected Strike"},{"not_picked":["Reckless Charge","True Grit"],"picked":"Dual Wield"},{"not_picked":["Iron Wave","True Grit"],"picked":"Seeing Red"},{"not_picked":["Armaments","Body Slam"],"picked":"Shrug It Off"}],"player_experience":23439,"potions_floor_usage":[16,25],"damage_taken":[{"damage":6,"enemies":"2 Louse","floor":1,"turns":2},{"damage":6,"enemies":"Small Slimes","floor":3,"turns":3},{"damage":6,"enemies":"Cultist","floor":5,"turns":2},{"damage":0,"enemies":"Large Slime","floor":7,"turns":2},{"damage":2,"enemies":"3 Louse","floor":12,"turns":2},{"damage":0,"enemies":"Exordium Thugs","floor":14,"turns":2},{"damage":47,"enemies":"The Guardian","floor":16,"turns":5},{"damage":17,"enemies":"Shell Parasite","floor":18,"turns":2},{"damage":2,"enemies":"Spheric Guardian","floor":19,"turns":3},{"damage":12,"enemies":"Snecko","floor":20,"turns":4},{"damage":12,"enemies":"Centurion and Healer","floor":24,"turns":2},{"damage":59,"enemies":"Book of Stabbing","floor":25,"turns":5},{"damage":46,"enemies":"Gremlin Leader","floor":27,"turns":4}],"event_choices":[{"event_name":"Scrap Ooze","player_choice":"success","floor":2,"damage_taken":3},{"event_name":"Living Wall","player_choice":"Grow","floor":4,"damage_taken":0},{"event_name":"Match and Keep!","player_choice":"2 cards matched","floor":13,"damage_taken":0},{"event_name":"The Mausoleum","player_choice":"Yes","floor":21,"damage_taken":0},{"event_name":"Back to Basics","player_choice":"Elegance","floor":22,"damage_taken":0}],"boss_relics":[{"not_picked":["Question Card","Astrolabe"],"picked":"Black Blood"}],"potions_floor_spawned":[3,5,7,25],"seed_played":"4603963570101059653","killed_by":"Gremlin Leader","ascension_level":0,"is_trial":false}