{"gold_per_floor":[117,131,131,146,146,146,180,191,191,205,205,15,37,59,71,182,194,225,237,164,193,223,235],"floor_reached":23,"playtime":1545,"items_purged":[],"score":195,"play_id":"0fabdb88-b493-4be6-bac2-95876a19e8d0","local_time":"20181110204153","is_ascension_mode":false,"campfire_choices":[{"data":"Streamline","floor":6,"key":"SMITH"},{"data":"Zap","floor":11,"key":"SMITH"},{"floor":15,"key":"REST"}],"neow_cost":"NONE","seed_source_timestamp":441747208764136,"circlet_count":0,"master_deck":["Strike_B","Strike_B","Strike_B","Strike_B","Defend_B","Defend_B","Defend_B","Zap+1","Dualcast","Genetic Algorithm","Streamline+1","Beam Cell","Chaos","Capacitor","Ball Lightning","Thunder Strike","Normality","Injury","Normality","Beam Cell","Rebound","Decay","Sweeping Beam","Storm+1","Compile Driver+1","Static Discharge+1"],"relics":["Cracked Core","Vajra","Happy Flower","Dodecahedron","MawBank","Calling Bell","Bag of Marbles","Frozen Egg 2","Prayer Wheel","Question Card"],"potions_floor_usage":[18,22,22,22,22],"damage_taken":[{"damage":1,"enemies":"Small Slimes","floor":1,"turns":2},{"damage":1,"enemies":"Cultist","floor":2,"turns":3},{"damage":3,"enemies":"Jaw Worm","floor":4,"turns":3},{"damage":26,"enemies":"Lagavulin","floor":7,"turns":5},{"damage":4,"enemies":"Large Slime","floor":8,"turns":4},{"damage":13,"enemies":"Exordium Wildlife","floor":10,"turns":4},{"damage":8,"enemies":"Red Slaver","floor":13,"turns":2},{"damage":0,"enemies":"3 Louse","floor":14,"turns":3},{"damage":23,"enemies":"The Guardian","floor":16,"turns":7},{"damage":29,"enemies":"Shell Parasite","floor":18,"turns":6},{"damage":24,"enemies":"3 Byrds","floor":21,"turns":5},{"damage":21,"enemies":"Snecko","floor":22,"turns":4},{"damage":6,"enemies":"Book of Stabbing","floor":23,"turns":1}],"seed_played":"8466946120729179124","potions_obtained":[{"floor":2,"key":"Strength Potion"},{"floor":8,"key":"GamblersBrew"},{"floor":14,"key":"SpeedPotion"},{"floor":16,"key":"EntropicBrew"},{"floor":18,"key":"SteroidPotion"},{"floor":22,"key":"Energy Potion"}],"is_trial":false,"path_per_floor":["M","M","?","M","?","R","E","M","T","M","R","$","M","M","R","B",null,"M","?","?","M","M","E"],"character_chosen":"DEFECT","items_purchased":["Chaos","MawBank"],"campfire_rested":1,"item_purchase_floors":[12,12],"current_hp_per_floor":[74,73,73,70,70,70,44,40,40,27,27,27,19,19,41,18,75,46,46,46,22,1,0],"gold":235,"neow_bonus":"RANDOM_COMMON_RELIC","is_prod":false,"is_daily":false,"chose_seed":false,"campfire_upgraded":2,"win_rate":0.0,"timestamp":1541900513,"path_taken":["M","M","?","M","?","R","E","M","T","?","R","?","M","M","R","BOSS","M","?","?","M","M","E"],"build_version":"2018-11-08","purchased_purges":0,"victory":false,"max_hp_per_floor":[75,75,75,75,75,75,75,75,75,75,75,75,75,75,75,75,75,75,75,75,75,75,75],"card_choices":[{"not_picked":["Steam","Leap"],"picked":"Genetic Algorithm","floor":1},{"not_picked":["Go for the Eyes","Glacier"],"picked":"Hologram","floor":2},{"not_picked":["Stack","Steam","Leap"],"picked":"SKIP","floor":4},{"not_picked":["Lockon","Echo Form"],"picked":"Beam Cell","floor":7},{"not_picked":["Compile Driver","Coolheaded","Turbo"],"picked":"SKIP","floor":8},{"not_picked":["Aggregate","Redo","Turbo"],"picked":"SKIP","floor":10},{"not_picked":["Sweeping Beam","Coolheaded"],"picked":"Capacitor","floor":13},{"not_picked":["Force Field","Turbo"],"picked":"Ball Lightning","floor":14},{"not_picked":["Seek","Rainbow"],"picked":"Thunder Strike","floor":16},{"not_picked":["Undo","Hologram"],"picked":"Beam Cell","floor":18},{"not_picked":["Force Field","Steam Power+1"],"picked":"Rebound","floor":18},{"not_picked":["Rip and Tear","Gash","Steam+1"],"picked":"Sweeping Beam","floor":21},{"not_picked":["Multi-Cast","Double Energy","Steam"],"picked":"Storm+1","floor":21},{"not_picked":["Recycle+1","Gash","Sweeping Beam"],"picked":"Compile Driver+1","floor":22},{"not_picked":["Turbo","Stack","Blizzard"],"picked":"Static Discharge+1","floor":22}],"player_experience":168033,"relics_obtained":[{"floor":7,"key":"Happy Flower"},{"floor":9,"key":"Dodecahedron"},{"floor":17,"key":"Bag of Marbles"},{"floor":17,"key":"Frozen Egg 2"},{"floor":17,"key":"Prayer Wheel"}],"event_choices":[{"damage_healed":0,"gold_gain":0,"cards_transformed":["Hologram"],"player_choice":"Change","damage_taken":0,"max_hp_gain":0,"max_hp_loss":0,"event_name":"Living Wall","floor":3,"gold_loss":0,"cards_obtained":["Streamline"]},{"cards_removed":["Defend_B"],"damage_healed":0,"gold_gain":0,"player_choice":"Purged","damage_taken":0,"max_hp_gain":0,"max_hp_loss":0,"event_name":"Purifier","floor":5,"gold_loss":0},{"damage_healed":0,"gold_gain":0,"player_choice":"Smashed Altar","damage_taken":0,"max_hp_gain":0,"max_hp_loss":0,"event_name":"Forgotten Altar","floor":19,"gold_loss":0,"cards_obtained":["Decay"]},{"damage_healed":0,"gold_gain":0,"player_choice":"Obtained Relic","damage_taken":0,"relics_obtained":["Question Card"],"max_hp_gain":0,"max_hp_loss":0,"event_name":"Addict","floor":20,"gold_loss":85}],"is_beta":false,"boss_relics":[{"not_picked":["Empty Cage","Philosopher\u0027s Stone"],"picked":"Calling Bell"}],"items_purged_floors":[],"is_endless":false,"potions_floor_spawned":[2,8,14,16,18,22],"killed_by":"Book of Stabbing","ascension_level":0}