{"gold_per_floor":[117,192,192,38,49,49,64,78,78,78,91,91,2,2,2,102,102,113,13,13,13],"floor_reached":21,"playtime":873,"items_purged":["Strike_R","Strike_R"],"score":260,"play_id":"1d304117-7808-4eaf-935a-7dcf71563106","local_time":"20181127025424","is_ascension_mode":true,"campfire_choices":[{"data":"Dual Wield","floor":6.0,"key":"SMITH"},{"data":"Bash","floor":10,"key":"SMITH"},{"data":"Flex","floor":12,"key":"SMITH"},{"data":"Purity","floor":15,"key":"SMITH"}],"neow_cost":"NONE","seed_source_timestamp":0,"circlet_count":0,"master_deck":["Strike_R","Strike_R","Defend_R+1","Defend_R+1","Defend_R","Defend_R","Bash+1","Dual Wield+1","Battle Trance","Thunderclap","Flex+1","Purity+1"],"special_seed":0,"relics":["Burning Blood","Centennial Puzzle","Unceasing Top","Black Star"],"potions_floor_usage":[16,16,16,18],"damage_taken":[{"damage":8.0,"enemies":"Small Slimes","floor":1.0,"turns":4.0},{"damage":8.0,"enemies":"2 Louse","floor":5.0,"turns":3.0},{"damage":6,"enemies":"Jaw Worm","floor":7,"turns":4},{"damage":6,"enemies":"3 Louse","floor":8,"turns":4},{"damage":1,"enemies":"Red Slaver","floor":11,"turns":5},{"damage":0,"enemies":"Slime Boss","floor":16,"turns":5},{"damage":49,"enemies":"3 Byrds","floor":18,"turns":6},{"damage":13,"enemies":"Spheric Guardian","floor":21,"turns":4}],"seed_played":"5349955760250254407","potions_obtained":[{"floor":1.0,"key":"AttackPotion"},{"floor":5.0,"key":"Swift Potion"},{"floor":8,"key":"Fire Potion"},{"floor":16,"key":"Energy Potion"},{"floor":18,"key":"FearPotion"}],"is_trial":false,"path_per_floor":["M","?","?","$","M","R","M","M","T","R","M","R","$","?","R","B",null,"M","$","?","M"],"character_chosen":"IRONCLAD","items_purchased":["Battle Trance","Purity"],"campfire_rested":0,"item_purchase_floors":[4,13],"current_hp_per_floor":[78,67,51,51,49,49,49,49,49,49,54,54,54,54,54,60,80,37,37,22,9],"gold":13,"neow_bonus":"RANDOM_COMMON_RELIC","is_prod":false,"is_daily":false,"chose_seed":false,"campfire_upgraded":4,"win_rate":0,"timestamp":1543305264,"path_taken":["M","?","?","$","M","R","M","M","T","R","M","R","?","?","R","BOSS","M","$","?","M"],"build_version":"2018-11-15","purchased_purges":2,"victory":false,"max_hp_per_floor":[80,80,80,80,80,80,80,80,80,80,80,80,80,80,80,80,80,80,80,85,85],"card_choices":[{"not_picked":["Intimidate","Shrug It Off"],"picked":"Dual Wield","floor":1.0},{"not_picked":["Shockwave","Clothesline","Feel No Pain"],"picked":"SKIP","floor":5.0},{"not_picked":["Headbutt","Sword Boomerang"],"picked":"Thunderclap","floor":7},{"not_picked":["Clash","Double Tap","Power Through"],"picked":"SKIP","floor":8},{"not_picked":["Rage","Twin Strike"],"picked":"Flex","floor":11},{"not_picked":["Pummel","Body Slam","Thunderclap"],"picked":"SKIP","floor":18}],"player_experience":831963,"relics_obtained":[{"floor":9,"key":"Unceasing Top"}],"event_choices":[{"damage_healed":0.0,"max_hp_gain":0.0,"max_hp_loss":0.0,"gold_gain":75.0,"event_name":"World of Goop","player_choice":"Gather Gold","floor":2.0,"gold_loss":0.0,"damage_taken":11.0},{"damage_healed":0.0,"max_hp_gain":0.0,"max_hp_loss":0.0,"gold_gain":0.0,"event_name":"Shining Light","player_choice":"Entered Light","floor":3.0,"gold_loss":0.0,"damage_taken":16.0,"cards_upgraded":["Defend_R","Defend_R"]},{"cards_removed":["Strike_R"],"damage_healed":0,"gold_gain":0,"player_choice":"Purged","damage_taken":0,"max_hp_gain":0,"max_hp_loss":0,"event_name":"Purifier","floor":14,"gold_loss":0},{"damage_healed":0,"gold_gain":0,"player_choice":"Shed Blood","damage_taken":20,"max_hp_gain":5,"max_hp_loss":0,"event_name":"Forgotten Altar","floor":20,"gold_loss":0}],"is_beta":false,"boss_relics":[{"not_picked":["Ectoplasm","Velvet Choker"],"picked":"Black Star"}],"items_purged_floors":[4,19],"is_endless":false,"potions_floor_spawned":[1,5,8,16,18],"killed_by":"Spheric Guardian","ascension_level":4}