{"gold_per_floor":[110,124,49,62,92,92,92,92,92,92,107,121,121,131,131,232,232,250,269,286,299,62,62,73,93,93,105,105,105,105,118,118,220,220,236,247,122,142,156,156,156],"floor_reached":41,"playtime":2686,"items_purged":["Strike_B","Strike_B","Strike_B"],"score":441,"play_id":"8fdcaf84-bef3-4a83-ab01-5cd5fb962b66","local_time":"20190129152701","is_ascension_mode":false,"campfire_choices":[{"data":"Redo","floor":6,"key":"SMITH"},{"data":"Redo","floor":8,"key":"SMITH"},{"data":"Consume","floor":13,"key":"SMITH"},{"data":"Redo","floor":15,"key":"SMITH"},{"data":"Redo","floor":23,"key":"SMITH"},{"floor":29,"key":"REST"},{"floor":32,"key":"REST"},{"data":"Thunder Strike","floor":40,"key":"SMITH"}],"neow_cost":"NONE","seed_source_timestamp":1762506381310913,"circlet_count":0,"master_deck":["Strike_B","Defend_B+1","Defend_B+1","Defend_B","Defend_B+1","Zap","Dualcast+1","Redo+1","Redo+1","FTL","Consume+1","Redo+1","Electrodynamics","Conserve Battery+1","Static Discharge","Dramatic Entrance","Redo+1","Conserve Battery+1","Capacitor","Defragment","Thunder Strike+1","Conserve Battery","Redo+1"],"relics":["Cracked Core","Pen Nib","Tiny Chest","War Paint","White Beast Statue","Prayer Wheel","Bottled Flame","Singing Bowl","Lizard Tail"],"potions_floor_usage":[39],"damage_taken":[{"damage":7,"enemies":"Small Slimes","floor":1,"turns":3},{"damage":9,"enemies":"2 Louse","floor":2,"turns":2},{"damage":1,"enemies":"Cultist","floor":4,"turns":3},{"damage":0,"enemies":"Exordium Wildlife","floor":11,"turns":3},{"damage":0,"enemies":"3 Louse","floor":12,"turns":2},{"damage":13,"enemies":"Lots of Slimes","floor":14,"turns":2},{"damage":8,"enemies":"Slime Boss","floor":16,"turns":7},{"damage":16,"enemies":"2 Thieves","floor":18,"turns":3},{"damage":5,"enemies":"3 Byrds","floor":19,"turns":3},{"damage":14,"enemies":"Snecko","floor":20,"turns":5},{"damage":0,"enemies":"3 Cultists","floor":21,"turns":2},{"damage":0,"enemies":"Sentry and Sphere","floor":24,"turns":3},{"damage":15,"enemies":"Snecko","floor":25,"turns":3},{"damage":13,"enemies":"Shelled Parasite and Fungi","floor":27,"turns":4},{"damage":8,"enemies":"Cultist and Chosen","floor":31,"turns":4},{"damage":47,"enemies":"Automaton","floor":33,"turns":7},{"damage":10,"enemies":"Orb Walker","floor":35,"turns":3},{"damage":21,"enemies":"3 Darklings","floor":36,"turns":4},{"damage":41,"enemies":"Transient","floor":38,"turns":5},{"damage":28,"enemies":"4 Shapes","floor":39,"turns":6},{"damage":37,"enemies":"Maw","floor":41,"turns":6}],"seed_played":"-1326736217328480618","potions_obtained":[{"floor":11,"key":"Strength Potion"},{"floor":18,"key":"Poison Potion"},{"floor":19,"key":"Explosive Potion"},{"floor":31,"key":"Ancient Potion"},{"floor":39,"key":"LiquidBronze"}],"is_trial":false,"path_per_floor":["M","M","$","M","?","R","?","R","T","?","M","M","R","M","R","B",null,"M","M","M","M","$","R","M","M","T","M","T","R","?","M","R","B",null,"M","M","$","M","M","R","M"],"character_chosen":"DEFECT","items_purchased":["Dramatic Entrance","Redo"],"campfire_rested":2,"item_purchase_floors":[22,22],"current_hp_per_floor":[68,59,59,58,55,55,40,40,40,33,33,33,33,20,20,12,75,59,54,40,40,40,40,40,25,25,12,12,34,34,30,53,6,79,71,54,54,17,37,37,0],"gold":156,"neow_bonus":"RANDOM_COMMON_RELIC","is_prod":false,"is_daily":false,"chose_seed":false,"campfire_upgraded":6,"win_rate":0,"timestamp":1548793621,"path_taken":["M","M","$","M","?","R","?","R","T","?","M","M","R","M","R","BOSS","M","?","M","M","$","R","M","M","T","M","?","R","?","?","R","BOSS","M","M","$","M","?","R","?"],"build_version":"2019-01-23","purchased_purges":3,"victory":false,"max_hp_per_floor":[75,75,75,75,75,75,75,75,75,75,75,75,75,75,75,75,75,75,75,75,75,75,75,75,75,75,75,75,75,75,79,79,79,79,81,85,85,89,91,91,91],"card_choices":[{"not_picked":["Steam","Coolheaded"],"picked":"Redo","floor":1},{"not_picked":["Force Field","Go for the Eyes"],"picked":"Redo","floor":2},{"not_picked":["Rip and Tear","Turbo"],"picked":"FTL","floor":4},{"not_picked":["Sweeping Beam","Reprogram"],"picked":"Consume","floor":11},{"not_picked":["Steam","Coolheaded","Biased Cognition"],"picked":"SKIP","floor":12},{"not_picked":["Undo","Cold Snap"],"picked":"Redo","floor":14},{"not_picked":["Fission","Amplify"],"picked":"Electrodynamics","floor":16},{"not_picked":["Beam Cell+1","Barrage+1"],"picked":"Conserve Battery+1","floor":18},{"not_picked":["Storm","Doom and Gloom+1"],"picked":"Static Discharge","floor":19},{"not_picked":["Sweeping Beam","Compile Driver","Steam"],"picked":"SKIP","floor":20},{"not_picked":["Consume","Gash","Barrage"],"picked":"SKIP","floor":21},{"not_picked":["Rebound","Self Repair","Auto Shields"],"picked":"SKIP","floor":24},{"not_picked":["Static Discharge","Glacier"],"picked":"Conserve Battery+1","floor":25},{"not_picked":["Hello World","Barrage"],"picked":"Capacitor","floor":27},{"not_picked":["Sweeping Beam","Go for the Eyes+1"],"picked":"Defragment","floor":27},{"not_picked":["Steam","Tempest","Amplify"],"picked":"Singing Bowl","floor":31},{"not_picked":["Streamline","Consume+1","Conserve Battery"],"picked":"Singing Bowl","floor":31},{"not_picked":["Amplify","Electrodynamics"],"picked":"Thunder Strike","floor":33},{"not_picked":["Heatsinks","Lockon"],"picked":"Conserve Battery","floor":35},{"not_picked":["Rebound","Go for the Eyes","Gash+1"],"picked":"Singing Bowl","floor":35},{"not_picked":["Lockon","Barrage","Rebound+1"],"picked":"Singing Bowl","floor":36},{"not_picked":["Gash+1","Hologram","Ball Lightning+1"],"picked":"Singing Bowl","floor":36},{"not_picked":["Steam","Multi-Cast","FTL"],"picked":"Singing Bowl","floor":38},{"not_picked":["Go for the Eyes","Sweeping Beam","Compile Driver"],"picked":"Singing Bowl","floor":38},{"not_picked":["Turbo+1","Beam Cell","Compile Driver+1"],"picked":"Singing Bowl","floor":39},{"not_picked":["Streamline+1","Leap+1"],"picked":"Redo+1","floor":39}],"player_experience":967104,"relics_obtained":[{"floor":9,"key":"War Paint"},{"floor":26,"key":"Prayer Wheel"},{"floor":28,"key":"Bottled Flame"}],"event_choices":[{"damage_healed":0,"gold_gain":0,"player_choice":"Success","damage_taken":3,"relics_obtained":["Tiny Chest"],"max_hp_gain":0,"max_hp_loss":0,"event_name":"Scrap Ooze","floor":5,"gold_loss":0},{"damage_healed":0,"gold_gain":0,"player_choice":"Entered Light","damage_taken":15,"max_hp_gain":0,"max_hp_loss":0,"event_name":"Shining Light","floor":7,"gold_loss":0,"cards_upgraded":["Dualcast","Defend_B"]},{"damage_healed":0,"gold_gain":0,"player_choice":"Damaged","damage_taken":7,"max_hp_gain":0,"max_hp_loss":0,"event_name":"Wheel of Change","floor":10,"gold_loss":0},{"damage_healed":0,"gold_gain":0,"player_choice":"Gave Potion","damage_taken":0,"relics_obtained":["Singing Bowl"],"max_hp_gain":0,"max_hp_loss":0,"event_name":"WeMeetAgain","floor":30,"gold_loss":0}],"is_beta":false,"boss_relics":[{"not_picked":["Runic Pyramid","FrozenCore"],"picked":"White Beast Statue"},{"not_picked":["Velvet Choker","Black Star"],"picked":"Lizard Tail"}],"items_purged_floors":[3,22,37],"is_endless":false,"potions_floor_spawned":[11,18,19,20,21,24,25,27,31,33,35,36,38,39],"killed_by":"Maw","ascension_level":0}