{"path_per_floor":["M","$","?","?","M","R","E","?","T","M","M","M","R","$","R","B",null,"M","M","M","$","?","R","?","R","T","?","M","$","?","?","R","B",null,"M","$","M","M","M","R","?","M","T","M","M","?","R","M","R"],"character_chosen":"THE_SILENT","items_purchased":["Caltrops","Dodge and Roll","Endless Agony","Predator"],"gold_per_floor":[116,43,43,43,61,61,89,89,89,101,118,128,128,7,7,102,102,114,126,140,70,70,70,70,70,93,93,112,12,12,12,12,113,113,127,50,70,90,109,109,409,424,424,443,458,0,0,18,18],"floor_reached":50,"campfire_rested":6,"playtime":3611,"current_hp_per_floor":[70,70,70,70,70,70,70,70,70,70,54,40,40,40,61,3,70,70,61,40,40,40,61,45,45,45,45,45,45,45,45,66,41,70,69,69,62,26,26,47,47,3,3,3,5,5,26,16,37],"items_purged":["Normality","Defend_G"],"gold":18,"score":487,"play_id":"7707a68f-0526-40a2-99db-4a549cb41236","is_prod":false,"is_daily":false,"is_ascension_mode":true,"campfire_upgraded":3,"path_taken":["M","$","?","?","?","R","E","?","T","M","M","M","R","$","R","BOSS","M","M","M","$","?","R","?","R","T","?","M","$","?","?","R","BOSS","M","$","M","M","?","R","?","M","T","M","M","?","R","M","R","BOSS"],"build_version":"2018-02-22-PROD1","purchased_purges":2,"victory":false,"master_deck":["Survivor","Neutralize","Poisoned Stab+1","Caltrops+1","Corpse Explosion","PiercingWail+1","Bullet Time","Catalyst","Acrobatics","Prepared","Dodge and Roll+1","After Image+1","Endless Agony+1","Endless Agony+1","Riddle With Holes+1","Cloak And Dagger","Acrobatics+1","Quick Slash","Endless Agony","Necronomicurse","Choke+1","Tools of the Trade","Tactician","Noxious Fumes","Poisoned Stab","Deadly Poison","Escape Plan","Cloak And Dagger","Predator","Endless Agony+1","Outmaneuver+1","Backflip","Bullet Time","Endless Agony"],"max_hp_per_floor":[70,70,70,70,70,70,70,70,70,70,70,70,70,70,70,70,70,70,70,70,70,70,70,70,70,70,70,70,70,70,70,70,70,70,70,70,70,70,70,70,70,70,70,70,72,72,72,72,72],"relics":["Ring of the Snake","NeowsBlessing","Shuriken","Anchor","Dead Branch","Astrolabe","Necronomicon","War Paint","Pandora\u0027s Box","Singing Bowl","Red Mask"],"card_choices":[{"not_picked":["Setup","Predator"],"picked":"Poisoned Stab"},{"not_picked":["All Out Attack","Underhanded Strike"],"picked":"PiercingWail"},{"not_picked":["Outmaneuver","Expertise"],"picked":"Bullet Time"},{"not_picked":["Expertise","Slice"],"picked":"Catalyst"},{"not_picked":["Infinite Blades","Dagger Throw"],"picked":"Acrobatics"},{"not_picked":["Dagger Spray","Bane"],"picked":"Prepared"},{"not_picked":["Die Die Die","Envenom"],"picked":"After Image"},{"not_picked":["Sucker Punch","Crippling Poison"],"picked":"Cloak And Dagger"},{"not_picked":["Malaise","Deflect"],"picked":"Acrobatics"},{"not_picked":["Predator","Prepared"],"picked":"Quick Slash"},{"not_picked":["Endless Agony","Deadly Poison"],"picked":"Choke"},{"not_picked":["Bullet Time","Unload"],"picked":"Tactician"},{"not_picked":["PiercingWail","Outmaneuver"],"picked":"Cloak And Dagger"},{"not_picked":["Caltrops","Poisoned Stab"],"picked":"Endless Agony"},{"not_picked":["All Out Attack","Accuracy"],"picked":"Outmaneuver"},{"not_picked":["Dodge and Roll","Quick Slash"],"picked":"Backflip"},{"not_picked":["Distraction","Outmaneuver"],"picked":"Bullet Time"},{"not_picked":["All Out Attack","Dagger Spray"],"picked":"Endless Agony"}],"player_experience":193694,"potions_floor_usage":[12,16,16,20,33,42,45,50,50],"damage_taken":[{"damage":0,"enemies":"2 Louse","floor":1,"turns":1},{"damage":0,"enemies":"Cultist","floor":5,"turns":1},{"damage":0,"enemies":"Gremlin Nob","floor":7,"turns":1},{"damage":0,"enemies":"Small Slimes","floor":10,"turns":4},{"damage":16,"enemies":"Blue Slaver","floor":11,"turns":4},{"damage":14,"enemies":"Large Slime","floor":12,"turns":11},{"damage":58,"enemies":"Slime Boss","floor":16,"turns":12},{"damage":0,"enemies":"3 Byrds","floor":18,"turns":5},{"damage":9,"enemies":"Spheric Guardian","floor":19,"turns":4},{"damage":21,"enemies":"Cultist and Chosen","floor":20,"turns":8},{"damage":0,"enemies":"Slaver and Parasite","floor":28,"turns":4},{"damage":25,"enemies":"Champ","floor":33,"turns":9},{"damage":1,"enemies":"Orb Walker","floor":35,"turns":3},{"damage":7,"enemies":"3 Shapes","floor":37,"turns":6},{"damage":36,"enemies":"Sphere and 2 Shapes","floor":38,"turns":5},{"damage":0,"enemies":"Maw","floor":39,"turns":5},{"damage":44,"enemies":"4 Shapes","floor":42,"turns":5},{"damage":0,"enemies":"Sphere and 2 Shapes","floor":44,"turns":4},{"damage":0,"enemies":"3 Darklings","floor":45,"turns":6},{"damage":10,"enemies":"4 Shapes","floor":48,"turns":9},{"damage":42,"enemies":"Time Eater","floor":50,"turns":8}],"event_choices":[{"event_name":"Living Wall","player_choice":"Change","floor":3,"damage_taken":0},{"event_name":"Liars Game","player_choice":"disagreed","floor":4,"damage_taken":0},{"event_name":"Accursed Blacksmith","player_choice":"Rummage","floor":8,"damage_taken":0},{"event_name":"The Woman in Blue","player_choice":"Bought 0 Potions","floor":22,"damage_taken":0},{"event_name":"Cursed Tome","player_choice":"Obtained Book","floor":24,"damage_taken":0},{"event_name":"Back to Basics","player_choice":"Elegance","floor":27,"damage_taken":0},{"event_name":"Match and Keep!","player_choice":"1 cards matched","floor":30,"damage_taken":0},{"event_name":"Vampires","player_choice":"Ignored","floor":31,"damage_taken":0},{"event_name":"Wheel of Change","player_choice":"Gold","floor":41,"damage_taken":0},{"event_name":"Tomb of Lord Red Mask","player_choice":"Paid","floor":46,"damage_taken":0}],"boss_relics":[{"not_picked":["Philosopher\u0027s Stone","Question Card"],"picked":"Astrolabe"},{"not_picked":["The Specimen","Snecko Eye"],"picked":"Pandora\u0027s Box"}],"potions_floor_spawned":[5,7,10,12,18,35,37,39,44],"seed_played":"-4386441491862278612","killed_by":"Time Eater","ascension_level":2,"is_trial":false}