{"gold_per_floor":[116,127,143,156,174,174,206,221,266,51,61,86,86,106,106,106],"floor_reached":16,"playtime":1589,"items_purged":[],"score":145,"play_id":"c5ed52e2-ebad-439b-a981-04ead1c57a61","local_time":"20181209115537","is_ascension_mode":true,"campfire_choices":[{"data":"Neutralize","floor":6,"key":"SMITH"},{"data":"Choke","floor":13,"key":"SMITH"},{"data":"Burst","floor":15,"key":"SMITH"}],"neow_cost":"TEN_PERCENT_HP_LOSS","seed_source_timestamp":1344854442955476,"circlet_count":0,"master_deck":["Defend_G","Defend_G","Defend_G","Defend_G","Defend_G","Strike_G","Strike_G","Strike_G","Strike_G","Strike_G","Survivor","Neutralize+1","Burst+1","Footwork","Blur","Dagger Spray","Choke+1","Cloak And Dagger","Footwork","Blur","Well Laid Plans","Blur","Backstab","Footwork"],"relics":["Ring of the Snake","Bottled Lightning","Bag of Marbles","Snake Skull","Pen Nib"],"potions_floor_usage":[2,7,12],"damage_taken":[{"damage":0,"enemies":"Cultist","floor":1,"turns":5},{"damage":0,"enemies":"2 Louse","floor":2,"turns":2},{"damage":2,"enemies":"Jaw Worm","floor":3,"turns":6},{"damage":0,"enemies":"3 Louse","floor":4,"turns":7},{"damage":7,"enemies":"Red Slaver","floor":5,"turns":5},{"damage":17,"enemies":"Lagavulin","floor":7,"turns":8},{"damage":3,"enemies":"Large Slime","floor":8,"turns":10},{"damage":0,"enemies":"Gremlin Gang","floor":11,"turns":2},{"damage":6,"enemies":"3 Sentries","floor":12,"turns":8},{"damage":0,"enemies":"2 Fungi Beasts","floor":14,"turns":2},{"damage":28,"enemies":"Hexaghost","floor":16,"turns":21}],"seed_played":"4218101858399594372","potions_obtained":[{"floor":1,"key":"Explosive Potion"},{"floor":3,"key":"GhostInAJar"},{"floor":4,"key":"Energy Potion"}],"is_trial":false,"path_per_floor":["M","M","M","M","M","R","E","M","T","$","M","E","R","M","R","B"],"character_chosen":"THE_SILENT","items_purchased":["Snake Skull","Well Laid Plans"],"campfire_rested":0,"item_purchase_floors":[10,10],"current_hp_per_floor":[63,63,61,61,54,54,37,34,34,34,34,28,28,28,28,0],"gold":106,"neow_bonus":"THREE_RARE_CARDS","is_prod":false,"is_daily":false,"chose_seed":false,"campfire_upgraded":3,"win_rate":0,"timestamp":1544374537,"path_taken":["M","M","M","M","M","R","E","M","T","$","M","E","R","?","R","BOSS"],"build_version":"2018-12-06","purchased_purges":0,"victory":false,"max_hp_per_floor":[63,63,63,63,63,63,63,63,63,63,63,63,63,63,63,63],"card_choices":[{"not_picked":["Unload","Doppelganger"],"picked":"Burst","floor":0},{"not_picked":["Calculated Gamble","Backflip"],"picked":"Footwork","floor":1},{"not_picked":["Crippling Poison","PiercingWail"],"picked":"Blur","floor":2},{"not_picked":["Eviscerate","Dagger Throw"],"picked":"Dagger Spray","floor":3},{"not_picked":["Slice","Masterful Stab"],"picked":"Choke","floor":4},{"not_picked":["Acrobatics","Prepared"],"picked":"Cloak And Dagger","floor":5},{"not_picked":["Dodge and Roll","Backflip"],"picked":"Footwork","floor":7},{"not_picked":["Eviscerate","Expertise"],"picked":"Blur","floor":8},{"not_picked":["Dagger Spray","Well Laid Plans"],"picked":"Blur","floor":11},{"not_picked":["PiercingWail","Cloak And Dagger"],"picked":"Backstab","floor":12},{"not_picked":["Choke","Prepared"],"picked":"Footwork","floor":14}],"player_experience":278959,"relics_obtained":[{"floor":7,"key":"Bottled Lightning"},{"floor":9,"key":"Bag of Marbles"},{"floor":12,"key":"Pen Nib"}],"event_choices":[],"is_beta":false,"boss_relics":[],"items_purged_floors":[],"is_endless":false,"potions_floor_spawned":[1,3,4],"killed_by":"Hexaghost","ascension_level":5}