{"gold_per_floor":[112,131,151,151,161,194,249,216,216,227,227,71,100,112,124,136],"floor_reached":16,"playtime":1389,"items_purged":[],"score":114,"play_id":"a3fc15dd-537f-4329-8e75-6b863eb3f123","local_time":"20180818022115","is_ascension_mode":true,"campfire_choices":[{"floor":15,"key":"REST"}],"neow_cost":"NONE","seed_source_timestamp":448559454149467,"circlet_count":0,"master_deck":["Defend_G","Defend_G","Defend_G","Defend_G","Strike_G","Strike_G","Strike_G","Strike_G","Strike_G","Survivor","Neutralize","Flying Knee","Escape Plan","Deflect","Dash","Blur","Tactician","Dodge and Roll","Riddle With Holes","Parasite","Slice"],"relics":["Ring of the Snake","Bag of Marbles","Oddly Smooth Stone","Snake Skull","MawBank"],"potions_floor_usage":[5,7,7,8,16],"damage_taken":[{"damage":5,"enemies":"Cultist","floor":1,"turns":4},{"damage":1,"enemies":"Small Slimes","floor":2,"turns":4},{"damage":1,"enemies":"2 Louse","floor":3,"turns":2},{"damage":14,"enemies":"Large Slime","floor":5,"turns":8},{"damage":13,"enemies":"3 Sentries","floor":6,"turns":9},{"damage":32,"enemies":"Lagavulin Event","floor":7,"turns":7},{"damage":2,"enemies":"Exordium Thugs","floor":8,"turns":5},{"damage":0,"enemies":"3 Louse","floor":10,"turns":2},{"damage":0,"enemies":"Red Slaver","floor":13,"turns":2},{"damage":48,"enemies":"Slime Boss","floor":16,"turns":10}],"seed_played":"-3570891021998629701","potions_obtained":[{"floor":1,"key":"PowerPotion"},{"floor":5,"key":"Explosive Potion"},{"floor":6,"key":"Energy Potion"},{"floor":7,"key":"Weak Potion"},{"floor":8,"key":"Swift Potion"}],"is_trial":false,"path_per_floor":["M","M","M","?","M","E","?","M","T","M","?","$","M","$","R"],"character_chosen":"THE_SILENT","items_purchased":["MawBank"],"campfire_rested":1,"item_purchase_floors":[12],"current_hp_per_floor":[72,71,70,63,49,36,4,2,2,2,21,21,21,21,44,0],"gold":136,"neow_bonus":"TEN_PERCENT_HP_BONUS","is_prod":false,"is_daily":false,"chose_seed":false,"campfire_upgraded":0,"win_rate":0,"timestamp":1534548075,"path_taken":["M","M","?","?","M","E","?","M","T","M","?","?","M","$","R","BOSS"],"build_version":"2018-08-16","purchased_purges":0,"victory":false,"max_hp_per_floor":[77,77,77,77,77,77,77,77,77,77,77,77,77,77,77,77],"card_choices":[{"not_picked":["All Out Attack","Prepared"],"picked":"Flying Knee","floor":1},{"not_picked":["Footwork","Crippling Poison"],"picked":"Escape Plan","floor":2},{"not_picked":["Deadly Poison","Distraction"],"picked":"Deflect","floor":3},{"not_picked":["Flechettes","PiercingWail"],"picked":"Dash","floor":5},{"not_picked":["Deadly Poison","Skewer"],"picked":"Blur","floor":6},{"not_picked":["Calculated Gamble","Dodge and Roll"],"picked":"Tactician","floor":7},{"not_picked":["Flying Knee","Skewer"],"picked":"Dodge and Roll","floor":8},{"not_picked":["Eviscerate","Bane"],"picked":"Riddle With Holes","floor":10},{"not_picked":["Predator","Poisoned Stab"],"picked":"Slice","floor":13}],"player_experience":51317,"relics_obtained":[{"floor":6,"key":"Bag of Marbles"},{"floor":7,"key":"Oddly Smooth Stone"},{"floor":9,"key":"Snake Skull"}],"event_choices":[{"event_name":"Golden Wing","player_choice":"Card Removal","floor":4,"damage_taken":0},{"event_name":"Dead Adventurer","player_choice":"Searched \u00271\u0027 times","floor":7,"damage_taken":0},{"event_name":"Mushrooms","player_choice":"Healed and dodged fight","floor":11,"damage_taken":0}],"is_beta":false,"boss_relics":[],"items_purged_floors":[],"is_endless":false,"potions_floor_spawned":[1,5,6,7,8],"killed_by":"Slime Boss","ascension_level":2}