{"gold_per_floor":[115,40,55,55,65,65,83,83,154,154,229,257,269,269,269,269],"floor_reached":16,"playtime":534,"items_purged":["Strike_R"],"score":185,"play_id":"ee1d46f1-a368-4f06-9438-673e2d9ae693","local_time":"20190228195556","is_ascension_mode":true,"campfire_choices":[{"data":"Bash","floor":6,"key":"SMITH"},{"data":"Rampage","floor":8,"key":"SMITH"},{"data":"Defend_R","floor":10,"key":"SMITH"},{"floor":15,"key":"REST"}],"neow_cost":"PERCENT_DAMAGE","seed_source_timestamp":86348488506557,"circlet_count":0,"master_deck":["AscendersBane","Strike_R","Strike_R","Strike_R+1","Defend_R+1","Defend_R","Defend_R+1","Bash+1","Rampage+1","Dropkick"],"relics":["Burning Blood","Paper Frog","Juzu Bracelet"],"potions_floor_usage":[12,12],"damage_taken":[{"damage":7,"enemies":"Cultist","floor":1,"turns":4},{"damage":4,"enemies":"Small Slimes","floor":3,"turns":3},{"damage":7,"enemies":"2 Louse","floor":5,"turns":3},{"damage":1,"enemies":"2 Fungi Beasts","floor":7,"turns":4},{"damage":20,"enemies":"3 Sentries","floor":12,"turns":6},{"damage":6,"enemies":"Looter","floor":13,"turns":4},{"damage":33,"enemies":"Hexaghost","floor":16,"turns":4}],"seed_played":"-4925512741143239972","potions_obtained":[{"floor":1,"key":"PowerPotion"},{"floor":3,"key":"SteroidPotion"},{"floor":7,"key":"Explosive Potion"},{"floor":13,"key":"SpeedPotion"}],"is_trial":false,"path_per_floor":["M","$","M","?","M","R","M","R","T","R","?","E","M","?","R","B"],"character_chosen":"IRONCLAD","items_purchased":[],"campfire_rested":1,"item_purchase_floors":[],"current_hp_per_floor":[49,49,51,28,27,27,32,32,32,32,21,7,7,7,29,0],"gold":269,"neow_bonus":"REMOVE_TWO","is_prod":false,"is_daily":false,"chose_seed":false,"campfire_upgraded":3,"win_rate":0,"timestamp":1551351356,"path_taken":["M","$","M","?","M","R","M","R","T","R","?","E","M","?","R","BOSS"],"build_version":"2019-01-23","purchased_purges":1,"victory":false,"max_hp_per_floor":[75,75,75,75,75,75,75,75,75,75,75,75,75,75,75,75],"card_choices":[{"not_picked":["Headbutt","Havoc"],"picked":"Rampage","floor":1},{"not_picked":["Corruption","True Grit"],"picked":"Dropkick","floor":3},{"not_picked":["Corruption","Heavy Blade","Body Slam"],"picked":"SKIP","floor":5},{"not_picked":["Blood for Blood","Fiend Fire","Battle Trance"],"picked":"SKIP","floor":7},{"not_picked":["Flex","Iron Wave","Body Slam"],"picked":"SKIP","floor":12},{"not_picked":["Iron Wave","Intimidate","Cleave"],"picked":"SKIP","floor":13}],"player_experience":948120,"relics_obtained":[{"floor":9,"key":"Paper Frog"},{"floor":12,"key":"Juzu Bracelet"}],"event_choices":[{"damage_healed":0,"gold_gain":0,"player_choice":"Entered Light","damage_taken":23,"max_hp_gain":0,"max_hp_loss":0,"event_name":"Shining Light","floor":4,"gold_loss":0,"cards_upgraded":["Strike_R","Defend_R"]},{"damage_healed":0,"gold_gain":75,"player_choice":"Gather Gold","damage_taken":11,"max_hp_gain":0,"max_hp_loss":0,"event_name":"World of Goop","floor":11,"gold_loss":0},{"damage_healed":0,"gold_gain":0,"player_choice":"Fled","damage_taken":0,"max_hp_gain":0,"max_hp_loss":0,"event_name":"Scrap Ooze","floor":14,"gold_loss":0}],"is_beta":false,"boss_relics":[],"items_purged_floors":[2],"is_endless":false,"potions_floor_spawned":[1,3,7,13],"killed_by":"Hexaghost","ascension_level":17}