{"gold_per_floor":[116,116,127,142,25,25,51,51,74,103,103,117,42,54,54,131,131,150,163,88,38,38,38,57,57,57,89,89,121,152,189,201,290,302,327,355,383,63,77,108,108,142,165,165,165,265,277,306,306,306,306,306,306,45,73,73],"floor_reached":57,"playtime":4139,"items_purged":["Strike_G","Strike_G","Writhe"],"score":3076,"play_id":"f06e41fe-81f9-473b-ad0c-f01824e7c495","local_time":"20181226014423","is_ascension_mode":true,"campfire_choices":[{"data":"Neutralize","floor":6,"key":"SMITH"},{"data":"Dagger Spray","floor":8,"key":"SMITH"},{"data":"Noxious Fumes","floor":11,"key":"SMITH"},{"floor":15,"key":"REST"},{"data":"Wraith Form v2","floor":23,"key":"SMITH"},{"floor":25,"key":"REST"},{"data":"Bouncing Flask","floor":32,"key":"SMITH"},{"data":"Noxious Fumes","floor":41,"key":"SMITH"},{"floor":44,"key":"RECALL"},{"data":"Malaise","floor":49,"key":"SMITH"},{"data":"Leg Sweep","floor":53,"key":"SMITH"}],"neow_cost":"NONE","seed_source_timestamp":366225414230672,"circlet_count":0,"master_deck":["AscendersBane","Defend_G","Defend_G","Defend_G","Defend_G","Defend_G","Strike_G","Survivor","Neutralize+1","Bane","Bouncing Flask+1","Dagger Spray+1","Noxious Fumes+1","Dodge and Roll","Noxious Fumes+1","Wraith Form v2+1","Bouncing Flask+1","Wraith Form v2+1","PiercingWail","Catalyst+1","Night Terror","Malaise+1","Noxious Fumes+1","Leg Sweep+1","Catalyst+1"],"relics":["Ring of the Snake","NeowsBlessing","Oddly Smooth Stone","Boot","Smiling Mask","Snecko Eye","FossilizedHelix","Du-Vu Doll","Potion Belt","MawBank","Art of War","HoveringKite","Mummified Hand","Bag of Preparation","Centennial Puzzle","Ginger","Kunai","DollysMirror","Nunchaku"],"potions_floor_usage":[10,19,19,29,40,55,56],"damage_taken":[{"damage":0,"enemies":"2 Louse","floor":1,"turns":1},{"damage":0,"enemies":"Cultist","floor":3,"turns":1},{"damage":0,"enemies":"Small Slimes","floor":4,"turns":1},{"damage":29,"enemies":"Lagavulin","floor":7,"turns":6},{"damage":14,"enemies":"3 Sentries","floor":10,"turns":7},{"damage":0,"enemies":"Exordium Thugs","floor":12,"turns":4},{"damage":2,"enemies":"Looter","floor":14,"turns":3},{"damage":38,"enemies":"Slime Boss","floor":16,"turns":10},{"damage":0,"enemies":"Spheric Guardian","floor":18,"turns":4},{"damage":12,"enemies":"3 Byrds","floor":19,"turns":3},{"damage":16,"enemies":"Snake Plant","floor":24,"turns":5},{"damage":7,"enemies":"Gremlin Leader","floor":27,"turns":6},{"damage":0,"enemies":"Book of Stabbing","floor":29,"turns":4},{"damage":6,"enemies":"Centurion and Healer","floor":30,"turns":7},{"damage":13,"enemies":"Slavers","floor":31,"turns":6},{"damage":8,"enemies":"Automaton","floor":33,"turns":7},{"damage":0,"enemies":"3 Shapes","floor":35,"turns":3},{"damage":0,"enemies":"Orb Walker","floor":36,"turns":3},{"damage":0,"enemies":"Transient","floor":37,"turns":6},{"damage":0,"enemies":"3 Darklings","floor":39,"turns":3},{"damage":4,"enemies":"Reptomancer","floor":40,"turns":5},{"damage":0,"enemies":"Nemesis","floor":42,"turns":7},{"damage":0,"enemies":"Mind Bloom Boss Battle","floor":46,"turns":5},{"damage":0,"enemies":"Maw","floor":47,"turns":3},{"damage":2,"enemies":"Reptomancer","floor":48,"turns":6},{"damage":0,"enemies":"Donu and Deca","floor":50,"turns":8},{"damage":6,"enemies":"Time Eater","floor":51,"turns":5},{"damage":0,"enemies":"Shield and Spear","floor":55,"turns":7},{"damage":12,"enemies":"The Heart","floor":56,"turns":7}],"seed_played":"-4988148073571037429","potions_obtained":[{"floor":3,"key":"FairyPotion"},{"floor":4,"key":"SkillPotion"},{"floor":14,"key":"EntropicBrew"},{"floor":16,"key":"Ancient Potion"},{"floor":18,"key":"PowerPotion"},{"floor":24,"key":"Fire Potion"},{"floor":30,"key":"SpeedPotion"},{"floor":31,"key":"GhostInAJar"},{"floor":36,"key":"Regen Potion"},{"floor":37,"key":"PowerPotion"},{"floor":40,"key":"Block Potion"},{"floor":55,"key":"SteroidPotion"}],"is_trial":false,"path_per_floor":["M","?","M","M","$","R","E","R","T","E","R","M","?","M","R","B",null,"M","M","?","$","?","R","M","R","T","E","?","E","M","E","R","B",null,"M","M","M","$","M","E","R","E","T","R","?","?","M","E","R","B","B",null,"R","$","E","B",null],"character_chosen":"THE_SILENT","items_purchased":["Bouncing Flask","Dagger Spray","Mummified Hand","DollysMirror"],"campfire_rested":2,"item_purchase_floors":[5,5,38,54],"current_hp_per_floor":[59,59,59,59,59,59,30,30,30,16,16,16,16,14,33,6,51,51,39,39,39,39,39,23,42,42,35,35,35,29,16,16,8,52,52,52,52,52,52,63,63,63,63,63,63,63,63,61,61,61,55,63,63,63,63,51],"gold":73,"neow_bonus":"THREE_ENEMY_KILL","is_prod":false,"is_daily":false,"chose_seed":false,"campfire_upgraded":8,"win_rate":0,"timestamp":1545817463,"path_taken":["M","?","?","M","$","R","E","R","T","E","R","M","?","M","R","BOSS","M","M","?","$","?","R","M","R","T","E","?","E","M","E","R","BOSS","M","?","M","$","M","E","R","E","T","R","?","?","M","E","R","BOSS","BOSS","R","$","E","BOSS"],"build_version":"2018-12-25","purchased_purges":3,"victory":true,"max_hp_per_floor":[66,66,66,66,66,66,66,66,66,66,66,66,66,66,66,66,66,66,66,66,66,66,66,66,66,66,66,66,66,66,66,66,66,66,66,66,66,66,66,66,66,66,66,66,66,66,66,66,66,66,66,66,66,66,66,66],"card_choices":[{"not_picked":["Prepared","Deadly Poison","Choke"],"picked":"SKIP","floor":1},{"not_picked":["Backflip","Outmaneuver"],"picked":"Endless Agony","floor":3},{"not_picked":["Deflect","Blade Dance"],"picked":"Bane","floor":4},{"not_picked":["Night Terror","Blur"],"picked":"Predator","floor":7},{"not_picked":["Predator","Prepared"],"picked":"Noxious Fumes","floor":10},{"not_picked":["Eviscerate","Cloak And Dagger"],"picked":"Dodge and Roll","floor":12},{"not_picked":["Setup","Backflip"],"picked":"Noxious Fumes","floor":14},{"not_picked":["After Image","Grand Finale"],"picked":"Wraith Form v2","floor":16},{"not_picked":["Sucker Punch+1","Backflip","Flying Knee"],"picked":"SKIP","floor":18},{"not_picked":["Deflect","Bane","Dagger Spray"],"picked":"SKIP","floor":19},{"not_picked":["Quick Slash","Dagger Spray","Slice"],"picked":"SKIP","floor":24},{"not_picked":["Footwork","Envenom"],"picked":"Bouncing Flask+1","floor":27},{"not_picked":["Deadly Poison","Heel Hook","Finisher+1"],"picked":"SKIP","floor":29},{"not_picked":["Accuracy","Flying Knee+1"],"picked":"PiercingWail","floor":30},{"not_picked":["Masterful Stab","Noxious Fumes"],"picked":"Catalyst+1","floor":31},{"not_picked":["Venomology","Corpse Explosion"],"picked":"Night Terror","floor":33},{"not_picked":["Sucker Punch","Deflect","Dagger Throw"],"picked":"SKIP","floor":35},{"not_picked":["Cloak And Dagger+1","Deadly Poison+1","Deflect"],"picked":"SKIP","floor":36},{"not_picked":["Infinite Blades","Dagger Spray","Masterful Stab"],"picked":"SKIP","floor":37},{"not_picked":["Backstab","Flying Knee+1","Endless Agony"],"picked":"SKIP","floor":39},{"not_picked":["Prepared","Outmaneuver+1"],"picked":"Malaise","floor":40},{"not_picked":["Dagger Spray","Dash+1","Deflect"],"picked":"SKIP","floor":42},{"not_picked":["Slice","Flying Knee"],"picked":"Noxious Fumes+1","floor":46},{"not_picked":["Flechettes+1","Slice","Flying Knee"],"picked":"SKIP","floor":47},{"not_picked":["Deflect","Blade Dance+1"],"picked":"Leg Sweep","floor":48},{"not_picked":["Slice","Deflect","Dagger Spray+1"],"picked":"SKIP","floor":55}],"player_experience":4068282,"relics_obtained":[{"floor":7,"key":"Oddly Smooth Stone"},{"floor":9,"key":"Boot"},{"floor":10,"key":"Smiling Mask"},{"floor":26,"key":"Du-Vu Doll"},{"floor":27,"key":"Potion Belt"},{"floor":29,"key":"MawBank"},{"floor":31,"key":"Art of War"},{"floor":40,"key":"Bag of Preparation"},{"floor":42,"key":"Centennial Puzzle"},{"floor":46,"key":"Ginger"},{"floor":48,"key":"Kunai"},{"floor":55,"key":"Nunchaku"}],"event_choices":[{"cards_removed":["Strike_G"],"damage_healed":0,"gold_gain":0,"player_choice":"Purged","damage_taken":0,"max_hp_gain":0,"max_hp_loss":0,"event_name":"Purifier","floor":2,"gold_loss":0},{"cards_removed":["Strike_G"],"damage_healed":0,"gold_gain":0,"player_choice":"Card Removal","damage_taken":0,"max_hp_gain":0,"max_hp_loss":0,"event_name":"The Cleric","floor":13,"gold_loss":75},{"cards_removed":["Endless Agony"],"damage_healed":0,"gold_gain":0,"player_choice":"Gave Gold","damage_taken":0,"max_hp_gain":0,"max_hp_loss":0,"event_name":"Beggar","floor":20,"gold_loss":75},{"damage_healed":0,"gold_gain":0,"player_choice":"Opened","damage_taken":0,"relics_obtained":["FossilizedHelix"],"max_hp_gain":0,"max_hp_loss":0,"event_name":"The Mausoleum","floor":22,"gold_loss":0,"cards_obtained":["Writhe"]},{"damage_healed":0,"gold_gain":0,"player_choice":"Copied","damage_taken":0,"max_hp_gain":0,"max_hp_loss":0,"event_name":"Duplicator","floor":28,"gold_loss":0,"cards_obtained":["Wraith Form v2"]},{"cards_removed":["Predator"],"damage_healed":0,"gold_gain":0,"player_choice":"Removed Attack","damage_taken":0,"max_hp_gain":0,"max_hp_loss":0,"event_name":"Falling","floor":45,"gold_loss":0},{"damage_healed":0,"gold_gain":0,"player_choice":"Fight","damage_taken":0,"max_hp_gain":0,"max_hp_loss":0,"event_name":"MindBloom","floor":46,"gold_loss":0}],"is_beta":true,"boss_relics":[{"not_picked":["Black Star","Astrolabe"],"picked":"Snecko Eye"},{"not_picked":["Calling Bell","Sozu"],"picked":"HoveringKite"}],"items_purged_floors":[21,38,54],"is_endless":false,"potions_floor_spawned":[3,4,14,16,18,24,30,31,36,37,40,42,55],"ascension_level":20}