{"path_per_floor":["M","M","T","?","M","M","R","M","T","M","M","M","E","M","R","B",null,"M","?","M","?","$","R","M","?","T"],"character_chosen":"IRONCLAD","items_purchased":["Bag of Preparation","Twin Strike"],"gold_per_floor":[119,130,177,177,192,212,212,225,225,235,252,262,289,304,304,405,405,420,420,437,337,73,73,91,91,91],"floor_reached":27,"campfire_rested":0,"playtime":1034,"current_hp_per_floor":[80,80,80,80,80,75,75,73,73,79,73,79,61,62,62,24,80,64,64,39,39,39,39,26,10,10],"items_purged":["Defend_R"],"gold":91,"score":245,"play_id":"19ffaee4-e64b-43b9-a65f-a1de33b7abee","local_time":"20180304144018","is_prod":false,"is_daily":false,"is_ascension_mode":false,"campfire_upgraded":3,"timestamp":1520192418,"path_taken":["M","?","?","?","M","M","R","M","T","M","M","?","E","?","R","BOSS","M","?","M","?","$","R","M","?","T","M"],"build_version":"2018-03-01-PROD1","purchased_purges":1,"victory":false,"master_deck":["Strike_R","Strike_R","Strike_R","Strike_R","Strike_R","Defend_R","Defend_R","Defend_R","Bash","Twin Strike","Cleave","Deep Breath","Double Tap+1","Perfected Strike","Perfected Strike","Twin Strike","Dual Wield","Flex+1","Pommel Strike","Perfected Strike","Demon Form+1","Rampage","Perfected Strike","Seeing Red","J.A.X.","Twin Strike","Offering"],"max_hp_per_floor":[80,80,80,80,80,80,80,80,80,80,80,80,80,80,80,80,80,80,80,80,80,80,80,80,80,80],"relics":["Burning Blood","NeowsBlessing","Bronze Scales","Peace Pipe","Darkstone Periapt","Runic Cube","Bag of Preparation","Nilry\u0027s Codex","Champion Belt"],"card_choices":[{"not_picked":["Feel No Pain","Anger"],"picked":"Twin Strike"},{"not_picked":["Shrug It Off","Armaments"],"picked":"Cleave"},{"not_picked":["Blood for Blood","Disarm"],"picked":"Perfected Strike"},{"not_picked":["Brutality","Wild Strike"],"picked":"Perfected Strike"},{"not_picked":["Sword Boomerang","Evolve"],"picked":"Twin Strike"},{"not_picked":["Havoc","Headbutt"],"picked":"Dual Wield"},{"not_picked":["Sword Boomerang","Headbutt"],"picked":"Flex"},{"not_picked":["Warcry","Shrug It Off"],"picked":"Pommel Strike"},{"not_picked":["Exhume","Warcry"],"picked":"Perfected Strike"},{"not_picked":["Brutality","Berserk"],"picked":"Demon Form"},{"not_picked":["Armaments","Wild Strike"],"picked":"Rampage"},{"not_picked":["Body Slam","Sword Boomerang"],"picked":"Seeing Red"},{"not_picked":["Shrug It Off","Headbutt"],"picked":"Offering"}],"player_experience":91976,"potions_floor_usage":[12,16,27],"damage_taken":[{"damage":0,"enemies":"Cultist","floor":1,"turns":1},{"damage":0,"enemies":"Jaw Worm","floor":2,"turns":1},{"damage":0,"enemies":"Small Slimes","floor":5,"turns":1},{"damage":11,"enemies":"Gremlin Gang","floor":6,"turns":4},{"damage":8,"enemies":"Lots of Slimes","floor":8,"turns":2},{"damage":0,"enemies":"2 Fungi Beasts","floor":10,"turns":2},{"damage":12,"enemies":"3 Louse","floor":11,"turns":2},{"damage":0,"enemies":"Gremlin Gang","floor":12,"turns":3},{"damage":24,"enemies":"3 Sentries","floor":13,"turns":4},{"damage":5,"enemies":"Looter","floor":14,"turns":2},{"damage":44,"enemies":"Hexaghost","floor":16,"turns":7},{"damage":22,"enemies":"Shell Parasite","floor":18,"turns":3},{"damage":31,"enemies":"3 Byrds","floor":20,"turns":3},{"damage":19,"enemies":"Snake Plant","floor":24,"turns":2},{"damage":11,"enemies":"Centurion and Healer","floor":27,"turns":3}],"event_choices":[{"event_name":"Match and Keep!","player_choice":"2 cards matched","floor":4,"damage_taken":0},{"event_name":"The Library","player_choice":"Read","floor":19,"damage_taken":0},{"event_name":"Drug Dealer","player_choice":"Got JAXXED","floor":21,"damage_taken":0},{"event_name":"Cursed Tome","player_choice":"Obtained Book","floor":25,"damage_taken":0}],"boss_relics":[{"not_picked":["Black Blood","Snecko Eye"],"picked":"Runic Cube"}],"potions_floor_spawned":[2,10,12,14,20],"seed_played":"7960542005190269287","killed_by":"Centurion and Healer","ascension_level":0,"is_trial":false}