{"gold_per_floor":[119,135,60,60,80,80,5,5,5,31,31,31,31,47,47,124,124,137,137,157,157,157,157,191,191,214,247,247,8,8],"floor_reached":30,"playtime":969,"items_purged":["Defend_R"],"score":511,"play_id":"0361eacb-e9a9-4dc5-99de-fabb7095a67b","local_time":"20190303022010","is_ascension_mode":true,"campfire_choices":[{"data":"Shrug It Off","floor":6,"key":"SMITH"},{"data":"Cleave","floor":8,"key":"SMITH"},{"data":"Bash","floor":13,"key":"SMITH"},{"data":"Blood for Blood","floor":15,"key":"SMITH"},{"data":"Defend_R","floor":23,"key":"SMITH"},{"floor":25,"key":"REST"},{"data":"Evolve","floor":28,"key":"SMITH"}],"neow_cost":"NONE","seed_source_timestamp":104035478692709,"circlet_count":0,"master_deck":["AscendersBane","Defend_R+1","Bash+1","Shrug It Off+1","Cleave+1","Intimidate+1","Blood for Blood+1","Demon Form+1","Wild Strike+1","True Grit+1","Flex+1","Blood for Blood+1","Combust","Evolve+1","Mayhem"],"relics":["Burning Blood","Juzu Bracelet","Red Skull","Art of War","Astrolabe","Regal Pillow","War Paint","Shuriken"],"potions_floor_usage":[24,27,30],"damage_taken":[{"damage":9,"enemies":"Jaw Worm","floor":1,"turns":4},{"damage":3,"enemies":"2 Louse","floor":2,"turns":3},{"damage":0,"enemies":"Cultist","floor":5,"turns":3},{"damage":32,"enemies":"Gremlin Nob","floor":10,"turns":4},{"damage":0,"enemies":"Exordium Wildlife","floor":14,"turns":3},{"damage":25,"enemies":"Hexaghost","floor":16,"turns":7},{"damage":20,"enemies":"Shell Parasite","floor":18,"turns":3},{"damage":24,"enemies":"Spheric Guardian","floor":20,"turns":4},{"damage":28,"enemies":"Book of Stabbing","floor":24,"turns":4},{"damage":48,"enemies":"Slavers","floor":27,"turns":5},{"damage":39,"enemies":"Gremlin Leader","floor":30,"turns":4}],"seed_played":"-1083293185664399330","potions_obtained":[{"floor":1,"key":"Explosive Potion"},{"floor":2,"key":"FearPotion"},{"floor":24,"key":"FairyPotion"},{"floor":27,"key":"FairyPotion"}],"is_trial":false,"path_per_floor":["M","M","?","?","M","R","$","R","T","E","T","?","R","M","R","B",null,"M","?","M","?","?","R","E","R","T","E","R","$","E"],"character_chosen":"IRONCLAD","items_purchased":["AttackPotion","Mayhem"],"campfire_rested":1,"item_purchase_floors":[29,29],"current_hp_per_floor":[65,68,68,68,74,74,74,74,74,48,48,48,48,54,54,35,65,51,51,33,33,33,33,11,48,48,13,13,13,0],"gold":8,"neow_bonus":"REMOVE_CARD","is_prod":false,"is_daily":false,"chose_seed":false,"campfire_upgraded":6,"win_rate":0,"timestamp":1551547210,"path_taken":["M","M","?","?","?","R","$","R","T","E","?","?","R","M","R","BOSS","M","?","M","?","?","R","E","R","T","E","R","$","E"],"build_version":"2019-01-23","purchased_purges":1,"victory":false,"max_hp_per_floor":[75,75,75,75,75,75,75,75,75,75,75,75,75,75,75,75,75,75,75,75,75,75,75,75,75,75,75,75,75,75],"card_choices":[{"not_picked":["Bloodletting","Pommel Strike"],"picked":"Shrug It Off","floor":1},{"not_picked":["Bloodletting","Heavy Blade"],"picked":"Cleave","floor":2},{"not_picked":["Reckless Charge","Uppercut"],"picked":"Intimidate","floor":5},{"not_picked":["Intimidate","Iron Wave","Havoc"],"picked":"SKIP","floor":10},{"not_picked":["Perfected Strike","Iron Wave"],"picked":"Blood for Blood","floor":14},{"not_picked":["Bludgeon","Exhume"],"picked":"Demon Form","floor":16},{"not_picked":["Intimidate","Headbutt","Iron Wave"],"picked":"SKIP","floor":18},{"not_picked":["Iron Wave+1","Pommel Strike","Havoc+1"],"picked":"SKIP","floor":20},{"not_picked":["Rage","Demon Form"],"picked":"Combust","floor":24},{"not_picked":["Pommel Strike+1","Pummel"],"picked":"Evolve","floor":27}],"player_experience":1021568,"relics_obtained":[{"floor":9,"key":"Juzu Bracelet"},{"floor":10,"key":"Red Skull"},{"floor":11,"key":"Art of War"},{"floor":24,"key":"Regal Pillow"},{"floor":26,"key":"War Paint"},{"floor":27,"key":"Shuriken"}],"event_choices":[{"cards_removed":["Strike_R"],"damage_healed":0,"gold_gain":0,"player_choice":"Card Removal","damage_taken":0,"max_hp_gain":0,"max_hp_loss":0,"event_name":"The Cleric","floor":3,"gold_loss":75},{"cards_removed":["Defend_R"],"damage_healed":0,"gold_gain":0,"player_choice":"Purged","damage_taken":0,"max_hp_gain":0,"max_hp_loss":0,"event_name":"Purifier","floor":4,"gold_loss":0},{"cards_removed":["Strike_R"],"damage_healed":0,"gold_gain":0,"player_choice":"Offered Basic","damage_taken":0,"max_hp_gain":0,"max_hp_loss":0,"event_name":"Bonfire Elementals","floor":12,"gold_loss":0},{"damage_healed":0,"gold_gain":0,"player_choice":"Ignored","damage_taken":0,"max_hp_gain":0,"max_hp_loss":0,"event_name":"The Mausoleum","floor":19,"gold_loss":0},{"damage_healed":0,"gold_gain":0,"player_choice":"Upgraded","damage_taken":0,"max_hp_gain":0,"max_hp_loss":0,"event_name":"Upgrade Shrine","floor":21,"gold_loss":0,"cards_upgraded":["Demon Form"]},{"damage_healed":0,"gold_gain":0,"player_choice":"Copied","damage_taken":0,"max_hp_gain":0,"max_hp_loss":0,"event_name":"Duplicator","floor":22,"gold_loss":0,"cards_obtained":["Blood for Blood"]}],"is_beta":false,"boss_relics":[{"not_picked":["Mark of Pain","Snecko Eye"],"picked":"Astrolabe"}],"items_purged_floors":[7],"is_endless":false,"potions_floor_spawned":[1,2,14,18,24,27],"killed_by":"Gremlin Leader","ascension_level":19}