{"path_per_floor":["M","M","?","M","M","R","M","M","T","?","E","?","R","M","R","B",null,"M","M","?","M","?"],"character_chosen":"THE_SILENT","items_purchased":[],"gold_per_floor":[114,133,133,144,158,158,169,187,212,212,246,246,246,265,265,360,360,372,354,354,368,368,368],"floor_reached":23,"campfire_rested":0,"playtime":1324,"item_purchase_floors":[],"current_hp_per_floor":[63,63,63,63,28,28,26,20,20,20,12,12,12,10,10,2,56,58,58,43,27,27,0],"items_purged":[],"gold":368,"score":302,"play_id":"9abb461d-96f9-456b-b9c5-8c3cd50bfe11","local_time":"20180605001523","is_prod":false,"is_daily":false,"chose_seed":false,"is_ascension_mode":true,"campfire_upgraded":3,"win_rate":0,"timestamp":1528125323,"campfire_choices":[{"data":"Sucker Punch","floor":6.0,"key":"SMITH"},{"data":"Unload","floor":13.0,"key":"SMITH"},{"data":"Blur","floor":15.0,"key":"SMITH"}],"path_taken":["M","?","?","M","M","R","?","M","T","?","E","?","R","M","R","BOSS","M","M","?","M","?","E"],"build_version":"2018-05-31","seed_source_timestamp":0,"purchased_purges":0,"victory":false,"master_deck":["Defend_G","Defend_G","Defend_G","Defend_G","Defend_G","Strike_G","Strike_G","Strike_G","Strike_G+1","Strike_G","Survivor","Neutralize","AscendersBane","Unload+1","Sucker Punch+1","Blur","Blur+1","Well Laid Plans","Infinite Blades","Dash+1","After Image","Blur+1"],"max_hp_per_floor":[70,70,70,70,70,70,70,70,70,70,72,72,72,74,74,74,74,76,78,83,83,83,83],"relics":["Ring of the Snake","Snake Skull","Singing Bowl","Whetstone","Ancient Tea Set","Velvet Choker"],"card_choices":[{"not_picked":["Setup","Backflip"],"picked":"Sucker Punch","floor":1.0},{"not_picked":["Cloak And Dagger","Masterful Stab"],"picked":"Blur","floor":2.0},{"not_picked":["Predator","Calculated Gamble"],"picked":"Blur","floor":4.0},{"not_picked":["Setup","Endless Agony"],"picked":"Well Laid Plans","floor":5.0},{"not_picked":["Dodge and Roll","Eviscerate"],"picked":"Infinite Blades","floor":7.0},{"not_picked":["Quick Slash","Sucker Punch"],"picked":"Dash","floor":8.0},{"not_picked":["Masterful Stab","Bouncing Flask","Outmaneuver"],"picked":"Singing Bowl","floor":11.0},{"not_picked":["Prepared","Blur","Flechettes"],"picked":"Singing Bowl","floor":14.0},{"not_picked":["Tools of the Trade","Glass Knife"],"picked":"After Image","floor":16.0},{"not_picked":["Bouncing Flask","Slice+1","Underhanded Strike"],"picked":"Singing Bowl","floor":18},{"not_picked":["Bane","Backflip","Setup"],"picked":"Singing Bowl","floor":19},{"not_picked":["Accuracy","Poisoned Stab"],"picked":"Blur+1","floor":21}],"player_experience":767925,"potions_floor_usage":[23],"damage_taken":[{"damage":0.0,"enemies":"Cultist","floor":1.0,"turns":4.0},{"damage":0.0,"enemies":"2 Louse","floor":2.0,"turns":3.0},{"damage":0.0,"enemies":"Small Slimes","floor":4.0,"turns":3.0},{"damage":35.0,"enemies":"Gremlin Gang","floor":5.0,"turns":5.0},{"damage":2.0,"enemies":"Large Slime","floor":7.0,"turns":7.0},{"damage":6.0,"enemies":"Looter","floor":8.0,"turns":4.0},{"damage":10.0,"enemies":"Gremlin Nob","floor":11.0,"turns":5.0},{"damage":4.0,"enemies":"Blue Slaver","floor":14.0,"turns":3.0},{"damage":8.0,"enemies":"Hexaghost","floor":16.0,"turns":12.0},{"damage":0,"enemies":"Shell Parasite","floor":18,"turns":7},{"damage":2,"enemies":"2 Thieves","floor":19,"turns":4},{"damage":16,"enemies":"Sentry and Sphere","floor":21,"turns":8},{"damage":28,"enemies":"Slavers","floor":23,"turns":3}],"relics_obtained":[{"floor":9.0,"key":"Snake Skull"},{"floor":11.0,"key":"Whetstone"}],"event_choices":[{"event_name":"The Woman in Blue","player_choice":"Bought 0 Potions","floor":3.0,"damage_taken":0.0},{"event_name":"Wheel of Change","player_choice":"Relic","floor":10.0,"damage_taken":0.0},{"event_name":"Dead Adventurer","player_choice":"Searched \u00271\u0027 times","floor":12.0,"damage_taken":0.0},{"event_name":"Forgotten Altar","player_choice":"Shed Blood","floor":20,"damage_taken":0},{"event_name":"Ghosts","player_choice":"Ignored","floor":22,"damage_taken":0}],"boss_relics":[{"not_picked":["Black Star","Philosopher\u0027s Stone"],"picked":"Velvet Choker"}],"items_purged_floors":[],"potions_floor_spawned":[1,2,4,11,19],"seed_played":"9187118631627418475","killed_by":"Slavers","ascension_level":11,"potions_obtained":[{"floor":1.0,"key":"Swift Potion"},{"floor":2.0,"key":"Block Potion"},{"floor":4.0,"key":"Block Potion"},{"floor":11.0,"key":"Strength Potion"},{"floor":19,"key":"Block Potion"}],"is_trial":false}