{"path_per_floor":["M","$","M","?","?","R","M","E","T","R","M","$","R","M","R","B",null,"M","M","?","?","M","R"],"character_chosen":"IRONCLAD","items_purchased":["Rampage"],"gold_per_floor":[118,43,57,57,57,57,75,108,131,131,152,80,80,99,99,227,227,247,268,268,268,282,282],"floor_reached":24,"campfire_rested":3,"playtime":606,"current_hp_per_floor":[64,64,64,64,57,57,51,24,24,24,27,27,49,49,71,29,63,69,54,38,38,19,41],"items_purged":["Defend_R"],"gold":282,"score":265,"play_id":"3029a928-9332-48ba-ae34-9c3f92780d7c","is_prod":false,"is_daily":false,"is_ascension_mode":true,"campfire_upgraded":2,"path_taken":["M","$","M","?","?","R","?","E","T","R","M","?","R","M","R","BOSS","M","M","?","?","M","R","E"],"build_version":"2018-02-08-PROD1","purchased_purges":1,"victory":false,"master_deck":["Strike_R","Strike_R","Strike_R","Strike_R","Strike_R","Defend_R","Bash","True Grit+1","Whirlwind+1","Rampage","Uppercut","Seeing Red+1"],"max_hp_per_floor":[80,80,80,74,74,74,74,74,74,74,74,74,74,74,74,74,74,74,74,74,74,74,74],"relics":["Burning Blood","Bloody Idol","Orichalcum","Prayer Wheel","Question Card","Nilry\u0027s Codex"],"card_choices":[{"not_picked":["Body Slam","Twin Strike"],"picked":"True Grit"},{"not_picked":["Inflame","Perfected Strike"],"picked":"Whirlwind"},{"not_picked":["Inflame","Wild Strike","Rupture"],"picked":"Uppercut"},{"not_picked":["Heavy Blade","Armaments","Iron Wave"],"picked":"Seeing Red"}],"player_experience":237596,"potions_floor_usage":[22,24,24],"damage_taken":[{"damage":14,"enemies":"2 Louse","floor":1,"turns":3},{"damage":6,"enemies":"Cultist","floor":3,"turns":3},{"damage":12,"enemies":"Small Slimes","floor":7,"turns":4},{"damage":33,"enemies":"Gremlin Nob","floor":8,"turns":5},{"damage":3,"enemies":"2 Fungi Beasts","floor":11,"turns":3},{"damage":6,"enemies":"Exordium Wildlife","floor":14,"turns":3},{"damage":48,"enemies":"Slime Boss","floor":16,"turns":7},{"damage":0,"enemies":"3 Byrds","floor":18,"turns":4},{"damage":21,"enemies":"Spheric Guardian","floor":19,"turns":4},{"damage":30,"enemies":"Snake Plant","floor":22,"turns":4},{"damage":47,"enemies":"Book of Stabbing","floor":24,"turns":4}],"event_choices":[{"event_name":"Golden Idol","player_choice":"Lose Max HP","floor":4,"damage_taken":0},{"event_name":"Golden Wing","player_choice":"Card Removal","floor":5,"damage_taken":0},{"event_name":"Cursed Tome","player_choice":"Obtained Book","floor":20,"damage_taken":0},{"event_name":"Forgotten Altar","player_choice":"Gave Idol","floor":21,"damage_taken":0}],"boss_relics":[{"not_picked":["Pandora\u0027s Box","Astrolabe"],"picked":"Question Card"}],"potions_floor_spawned":[7,14,16,18],"seed_played":"-4104090941474294220","killed_by":"Book of Stabbing","ascension_level":7,"is_trial":false}