{"path_per_floor":["M","?","$","?","$","R","E","R","T","?","M","M","M","$","R"],"character_chosen":"DEFECT","items_purchased":[],"gold_per_floor":[119,119,119,119,44,44,77,77,104,104,121,139,154,54,54,54],"floor_reached":16,"campfire_rested":0,"playtime":677,"item_purchase_floors":[],"current_hp_per_floor":[71,71,71,71,71,71,33,33,33,58,58,58,57,57,57,0],"items_purged":["Defend_B","Defend_B"],"gold":54,"score":118,"play_id":"5b26780a-ba3d-445c-85e1-291a26147e15","local_time":"20180603030034","is_prod":false,"is_daily":false,"chose_seed":false,"is_ascension_mode":true,"campfire_upgraded":3,"win_rate":0,"timestamp":1527962434,"campfire_choices":[{"data":"Dualcast","floor":6,"key":"SMITH"},{"data":"Undo","floor":8,"key":"SMITH"},{"data":"Auto Shields","floor":15,"key":"SMITH"}],"path_taken":["M","?","$","?","$","R","E","R","T","?","M","M","?","$","R","BOSS"],"build_version":"2018-05-31","seed_source_timestamp":884144516588315,"purchased_purges":2,"victory":false,"master_deck":["Strike_B","Strike_B","Strike_B","Defend_B","Zap+1","Dualcast+1","Undo+1","Conserve Battery","Auto Shields+1","White Noise"],"max_hp_per_floor":[75,75,75,75,75,75,75,75,75,75,75,75,75,75,75,75],"relics":["Cracked Core","Art of War","Ancient Tea Set"],"card_choices":[{"not_picked":["Stack","Storm","Coolheaded"],"picked":"SKIP","floor":1},{"not_picked":["Stack","White Noise"],"picked":"Undo","floor":7},{"not_picked":["Turbo","Streamline"],"picked":"Conserve Battery","floor":11},{"not_picked":["Cold Snap","Leap"],"picked":"Auto Shields","floor":12},{"not_picked":["Turbo","Conserve Battery"],"picked":"White Noise","floor":13}],"player_experience":755171,"potions_floor_usage":[],"damage_taken":[{"damage":4,"enemies":"Small Slimes","floor":1,"turns":2},{"damage":38,"enemies":"Gremlin Nob","floor":7,"turns":4},{"damage":0,"enemies":"Cultist","floor":11,"turns":3},{"damage":0,"enemies":"2 Louse","floor":12,"turns":3},{"damage":1,"enemies":"Exordium Wildlife","floor":13,"turns":6},{"damage":58,"enemies":"Hexaghost","floor":16,"turns":11}],"relics_obtained":[{"floor":7,"key":"Art of War"},{"floor":9,"key":"Ancient Tea Set"}],"event_choices":[{"event_name":"Upgrade Shrine","player_choice":"Upgraded","floor":2,"damage_taken":0},{"event_name":"Living Wall","player_choice":"Forget","floor":4,"damage_taken":0},{"event_name":"Big Fish","player_choice":"Banana","floor":10,"damage_taken":0}],"boss_relics":[],"items_purged_floors":[5,14],"potions_floor_spawned":[13],"seed_played":"-8985863201441440498","killed_by":"Hexaghost","ascension_level":4,"potions_obtained":[{"floor":13,"key":"Energy Potion"}],"is_trial":false}