{"path_per_floor":["M","$","?","T","?","R","M","M","T","M","M","$","T","?","R","B",null,"M","M","M","$","M","?","?","M","T","M","R","?","$","M","R","B",null,"M","M","?","M"],"character_chosen":"THE_SILENT","items_purchased":["Noxious Fumes","Noxious Fumes","Adrenaline","Noxious Fumes","Burst"],"gold_per_floor":[116,38,38,65,240,240,250,266,311,326,336,76,76,97,97,201,201,217,236,248,81,94,94,94,104,104,124,124,124,54,68,68,172,172,191,210,210,226],"floor_reached":39,"campfire_rested":2,"playtime":4207,"current_hp_per_floor":[63,63,56,56,56,56,50,50,50,50,50,50,50,52,70,62,70,56,56,59,59,48,48,48,45,59,77,77,77,77,69,84,38,84,49,43,43,11],"items_purged":["Doubt","Strike_G"],"gold":226,"score":400,"play_id":"4c6712c9-d5b3-4870-b915-80b14b8912d1","local_time":"20180312213020","is_prod":false,"is_daily":false,"is_ascension_mode":false,"campfire_upgraded":2,"timestamp":1520890220,"path_taken":["M","$","?","?","?","R","M","M","T","M","?","$","?","?","R","BOSS","M","M","M","$","M","?","?","?","T","M","R","?","$","M","R","BOSS","M","?","?","M","M"],"build_version":"2018-03-09","purchased_purges":2,"victory":false,"master_deck":["Defend_G","Defend_G","Defend_G","Defend_G","Defend_G","Strike_G","Strike_G","Survivor","Neutralize","Acrobatics","Noxious Fumes+1","Accuracy","Poisoned Stab","Escape Plan","Cloak And Dagger","Noxious Fumes","Adrenaline","Infinite Blades","Night Terror","Prepared","Terror","Noxious Fumes","Catalyst+1","Night Terror","Blur","Burst","Dodge and Roll+1","Dodge and Roll+1","Setup"],"max_hp_per_floor":[70,70,70,70,70,70,70,70,70,70,70,70,70,70,70,70,70,70,70,70,70,70,70,70,70,84,84,84,84,84,84,84,84,84,84,84,84,84],"relics":["Ring of the Snake","Lantern","Bird Faced Urn","Odd Mushroom","Sozu","Nloth\u0027s Gift","Mango","White Beast Statue"],"card_choices":[{"not_picked":["Underhanded Strike","Dagger Throw"],"picked":"Acrobatics"},{"not_picked":["Choke","Sucker Punch"],"picked":"Accuracy"},{"not_picked":["Flying Knee","Acrobatics"],"picked":"Poisoned Stab"},{"not_picked":["Acrobatics","Concentrate"],"picked":"Escape Plan"},{"not_picked":["Bouncing Flask","Dagger Throw"],"picked":"Cloak And Dagger"},{"not_picked":["Outmaneuver","Cloak And Dagger"],"picked":"Infinite Blades"},{"not_picked":["Die Die Die","Storm of Steel"],"picked":"Night Terror"},{"not_picked":["Acrobatics","Dagger Throw"],"picked":"Prepared"},{"not_picked":["Acrobatics","Outmaneuver"],"picked":"Terror"},{"not_picked":["Quick Slash","Outmaneuver"],"picked":"Catalyst"},{"not_picked":["Eviscerate","All Out Attack"],"picked":"Night Terror"},{"not_picked":["Deadly Poison","Underhanded Strike"],"picked":"Dodge and Roll"},{"not_picked":["Dagger Spray","Flechettes"],"picked":"Dodge and Roll"},{"not_picked":["Poisoned Stab","Storm of Steel"],"picked":"Setup"}],"player_experience":100554,"potions_floor_usage":[14,33,39],"damage_taken":[{"damage":7,"enemies":"Jaw Worm","floor":1,"turns":11},{"damage":6,"enemies":"Small Slimes","floor":7,"turns":4},{"damage":0,"enemies":"Cultist","floor":8,"turns":5},{"damage":0,"enemies":"Exordium Thugs","floor":10,"turns":6},{"damage":0,"enemies":"3 Louse","floor":11,"turns":5},{"damage":2,"enemies":"The Mushroom Lair","floor":14,"turns":4},{"damage":12,"enemies":"The Guardian","floor":16,"turns":10},{"damage":16,"enemies":"Spheric Guardian","floor":18,"turns":6},{"damage":10,"enemies":"Shell Parasite","floor":19,"turns":6},{"damage":11,"enemies":"Cultist and Chosen","floor":20,"turns":6},{"damage":21,"enemies":"3 Cultists","floor":22,"turns":6},{"damage":13,"enemies":"Chosen and Byrds","floor":25,"turns":5},{"damage":4,"enemies":"Snecko","floor":27,"turns":5},{"damage":14,"enemies":"Cultist and Chosen","floor":31,"turns":5},{"damage":56,"enemies":"Collector","floor":33,"turns":8},{"damage":45,"enemies":"3 Shapes","floor":35,"turns":6},{"damage":16,"enemies":"3 Darklings","floor":36,"turns":9},{"damage":48,"enemies":"Maw","floor":38,"turns":9},{"damage":18,"enemies":"Sphere and 2 Shapes","floor":39,"turns":3}],"event_choices":[{"event_name":"Golden Wing","player_choice":"Card Removal","floor":3,"damage_taken":0},{"event_name":"Liars Game","player_choice":"agreed","floor":5,"damage_taken":0},{"event_name":"Mushrooms","player_choice":"Fought Mushrooms","floor":14,"damage_taken":0},{"event_name":"Drug Dealer","player_choice":"Ignored","floor":23,"damage_taken":0},{"event_name":"N\u0027loth","player_choice":"Traded a Oddly Smooth Stone","floor":24,"damage_taken":0},{"event_name":"The Library","player_choice":"Read","floor":29,"damage_taken":0},{"event_name":"Tomb of Lord Red Mask","player_choice":"Ignored","floor":37,"damage_taken":0}],"boss_relics":[{"not_picked":["Lizard Tail","Cursed Key"],"picked":"Sozu"},{"not_picked":["Philosopher\u0027s Stone","Runic Pyramid"],"picked":"White Beast Statue"}],"potions_floor_spawned":[1,11,16,22,25,31,35,36,38],"seed_played":"-872303685846922205","killed_by":"Sphere and 2 Shapes","ascension_level":0,"is_trial":false}