{"gold_per_floor":[115,95,105,123,123,123,156,1,1,1,18,18,45,65,65,139,139,157,157,174,22,38,38,69,69,69,102,102,135,135,169,169,243,243,258,1257,862,873,873,873],"floor_reached":40,"playtime":3320,"items_purged":["Pain","Normality"],"score":1044,"play_id":"7bc8dc2e-7415-460e-a216-8465fabb86fd","local_time":"20181225120332","is_ascension_mode":true,"campfire_choices":[{"data":"Crippling Poison","floor":6,"key":"SMITH"},{"data":"Crippling Poison","floor":10,"key":"SMITH"},{"floor":12,"key":"REST"},{"data":"Wraith Form v2","floor":15,"key":"SMITH"},{"floor":23,"key":"REST"},{"floor":25,"key":"REST"},{"floor":28,"key":"REST"},{"floor":30,"key":"REST"},{"data":"Well Laid Plans","floor":32,"key":"SMITH"}],"neow_cost":"PERCENT_DAMAGE","seed_source_timestamp":317821894814162,"circlet_count":0,"master_deck":["AscendersBane","Defend_G","Defend_G","Defend_G","Defend_G","Defend_G+1","Strike_G","Strike_G","Survivor","Neutralize","After Image","Crippling Poison+1","Flying Knee","Crippling Poison+1","Backstab","Panacea","Calculated Gamble+1","Dodge and Roll","Wraith Form v2+1","Dagger Spray+1","Night Terror+1","Flechettes+1","Deflect","Dodge and Roll","Catalyst","Noxious Fumes","Dodge and Roll+1","Well Laid Plans+1","Bane+1","Adrenaline","Malaise","Normality","Well Laid Plans","Backflip","PiercingWail+1","Deadly Poison+1"],"relics":["Ring of the Snake","Matryoshka","Oddly Smooth Stone","Prayer Wheel","Pen Nib","Astrolabe","WarpedTongs","Bottled Lightning","Blood Vial","Pantograph","Happy Flower","Bottled Flame","War Paint","Black Star","Lantern"],"potions_floor_usage":[5,16,16,24,24,27,40],"damage_taken":[{"damage":0,"enemies":"Jaw Worm","floor":1,"turns":6},{"damage":0,"enemies":"Cultist","floor":3,"turns":5},{"damage":0,"enemies":"2 Louse","floor":4,"turns":4},{"damage":0,"enemies":"Exordium Thugs","floor":5,"turns":1},{"damage":17,"enemies":"3 Sentries","floor":7,"turns":16},{"damage":0,"enemies":"2 Fungi Beasts","floor":11,"turns":3},{"damage":10,"enemies":"Lagavulin","floor":13,"turns":6},{"damage":1,"enemies":"Blue Slaver","floor":14,"turns":4},{"damage":8,"enemies":"Slime Boss","floor":16,"turns":13},{"damage":10,"enemies":"3 Byrds","floor":18,"turns":4},{"damage":5,"enemies":"Shell Parasite","floor":20,"turns":7},{"damage":18,"enemies":"Sentry and Sphere","floor":22,"turns":11},{"damage":16,"enemies":"Gremlin Leader","floor":24,"turns":9},{"damage":16,"enemies":"Book of Stabbing","floor":27,"turns":6},{"damage":15,"enemies":"Slavers","floor":29,"turns":6},{"damage":3,"enemies":"Gremlin Leader","floor":31,"turns":8},{"damage":13,"enemies":"Collector","floor":33,"turns":3},{"damage":11,"enemies":"3 Darklings","floor":35,"turns":6},{"damage":1,"enemies":"Orb Walker","floor":38,"turns":5},{"damage":80,"enemies":"Reptomancer","floor":40,"turns":3}],"seed_played":"-6077349156392302575","potions_obtained":[{"floor":1,"key":"SmokeBomb"},{"floor":2,"key":"EntropicBrew"},{"floor":7,"key":"GamblersBrew"},{"floor":14,"key":"Fire Potion"},{"floor":16,"key":"Strength Potion"},{"floor":18,"key":"SpeedPotion"},{"floor":24,"key":"SteroidPotion"},{"floor":29,"key":"FearPotion"},{"floor":33,"key":"GamblersBrew"}],"is_trial":false,"path_per_floor":["M","?","M","M","M","R","E","$","T","R","M","R","E","M","R","B",null,"M","?","M","$","M","R","E","R","T","E","R","E","R","E","R","B",null,"M","?","$","M","?","E"],"character_chosen":"THE_SILENT","items_purchased":["SteroidPotion","Panacea","Noxious Fumes","Lantern","Well Laid Plans","Backflip"],"campfire_rested":5,"item_purchase_floors":[8,8,21,37,37,37],"current_hp_per_floor":[44,44,44,44,44,44,27,27,27,27,27,46,36,35,35,27,56,46,46,41,41,23,42,26,45,45,31,50,37,56,55,55,53,63,54,54,54,55,55,0],"gold":873,"neow_bonus":"THREE_RARE_CARDS","is_prod":false,"is_daily":false,"chose_seed":false,"campfire_upgraded":4,"win_rate":0,"timestamp":1545768212,"path_taken":["M","?","?","M","M","R","E","$","T","R","M","R","E","M","R","BOSS","M","?","M","$","M","R","E","R","T","E","R","E","R","E","R","BOSS","M","?","$","M","?","E"],"build_version":"2018-12-20","purchased_purges":2,"victory":false,"max_hp_per_floor":[66,66,66,66,66,66,66,66,66,66,66,66,66,66,66,66,66,66,66,66,66,66,66,66,66,66,66,66,66,66,66,66,66,66,66,66,66,66,66,66],"card_choices":[{"not_picked":["Bullet Time","Wraith Form v2"],"picked":"After Image","floor":0},{"not_picked":["Dagger Throw","Terror"],"picked":"Crippling Poison","floor":1},{"not_picked":["Acrobatics","Slice"],"picked":"Flying Knee","floor":3},{"not_picked":["Dagger Throw","Setup"],"picked":"Crippling Poison","floor":4},{"not_picked":["Flechettes","Doppelganger"],"picked":"Backstab","floor":7},{"not_picked":["Deflect","Blade Dance"],"picked":"Calculated Gamble","floor":11},{"not_picked":["Tactician","Reflex","Heel Hook"],"picked":"SKIP","floor":11},{"not_picked":["Flechettes","Calculated Gamble"],"picked":"Dodge and Roll","floor":13},{"not_picked":["Dodge and Roll","Sucker Punch"],"picked":"Wraith Form v2","floor":14},{"not_picked":["Heel Hook","Accuracy","Bouncing Flask"],"picked":"SKIP","floor":14},{"not_picked":["Dagger Spray","Outmaneuver","Dagger Throw"],"picked":"SKIP","floor":18},{"not_picked":["Underhanded Strike","Flying Knee","Deflect"],"picked":"SKIP","floor":18},{"not_picked":["Underhanded Strike","Flying Knee"],"picked":"Deflect","floor":18},{"not_picked":["Dagger Spray","Outmaneuver","Dagger Throw"],"picked":"SKIP","floor":18},{"not_picked":["Choke","Flying Knee"],"picked":"Dodge and Roll","floor":20},{"not_picked":["Terror","Dash"],"picked":"Catalyst","floor":20},{"not_picked":["Dash","Concentrate"],"picked":"Dodge and Roll+1","floor":22},{"not_picked":["Flying Knee","Dodge and Roll+1"],"picked":"Well Laid Plans","floor":22},{"not_picked":["Deadly Poison","Phantasmal Killer","Calculated Gamble"],"picked":"SKIP","floor":24},{"not_picked":["Deadly Poison","Backstab"],"picked":"Bane+1","floor":27},{"not_picked":["Infinite Blades","Quick Slash"],"picked":"Adrenaline","floor":29},{"not_picked":["Deflect","Bane","Doppelganger"],"picked":"SKIP","floor":31},{"not_picked":["A Thousand Cuts","Grand Finale"],"picked":"Malaise","floor":33},{"not_picked":["Riddle With Holes+1","Leg Sweep","Blade Dance"],"picked":"SKIP","floor":35},{"not_picked":["Flying Knee+1","Outmaneuver","Slice"],"picked":"SKIP","floor":35},{"not_picked":["Riddle With Holes+1","Heel Hook+1"],"picked":"PiercingWail+1","floor":38},{"not_picked":["Expertise","Poisoned Stab"],"picked":"Deadly Poison+1","floor":38}],"player_experience":4032503,"relics_obtained":[{"floor":7,"key":"Matryoshka"},{"floor":9,"key":"Oddly Smooth Stone"},{"floor":9,"key":"Prayer Wheel"},{"floor":13,"key":"Pen Nib"},{"floor":24,"key":"Bottled Lightning"},{"floor":26,"key":"Blood Vial"},{"floor":26,"key":"Pantograph"},{"floor":27,"key":"Happy Flower"},{"floor":29,"key":"Bottled Flame"},{"floor":31,"key":"War Paint"}],"event_choices":[{"damage_healed":0,"gold_gain":0,"player_choice":"Bought 1 Potion","damage_taken":0,"max_hp_gain":0,"max_hp_loss":0,"event_name":"The Woman in Blue","floor":2,"gold_loss":0},{"damage_healed":0,"gold_gain":0,"player_choice":"Rummage","damage_taken":0,"relics_obtained":["WarpedTongs"],"max_hp_gain":0,"max_hp_loss":0,"event_name":"Accursed Blacksmith","floor":19,"gold_loss":0,"cards_obtained":["Pain"]},{"damage_healed":0,"gold_gain":999,"player_choice":"Gold","damage_taken":0,"max_hp_gain":0,"max_hp_loss":0,"event_name":"MindBloom","floor":36,"gold_loss":0,"cards_obtained":["Normality","Normality"]},{"damage_healed":0,"gold_gain":0,"player_choice":"Ignored","damage_taken":0,"max_hp_gain":0,"max_hp_loss":0,"event_name":"Tomb of Lord Red Mask","floor":39,"gold_loss":0}],"is_beta":true,"boss_relics":[{"not_picked":["Eternal Feather","Lizard Tail"],"picked":"Astrolabe"},{"not_picked":["Busted Crown","Runic Dome"],"picked":"Black Star"}],"items_purged_floors":[21,37],"is_endless":false,"potions_floor_spawned":[1,5,7,14,16,18,24,29,33],"killed_by":"Reptomancer","ascension_level":20}