{"path_per_floor":["M","T","M","M","$","E","M","R","T","M","M","?","E","M","R","B",null,"M","M","$","M","M","R","?","R","T","M","T","M","E","M","R"],"character_chosen":"IRONCLAD","items_purchased":["Jack Of All Trades","Paper Frog","Dodecahedron"],"gold_per_floor":[116,139,152,166,75,106,123,123,150,162,176,351,385,400,400,504,504,516,528,43,56,70,70,70,70,93,109,136,150,175,186,186],"floor_reached":33,"campfire_rested":2,"playtime":2500,"current_hp_per_floor":[80,80,79,70,70,83,70,70,70,59,52,52,51,40,40,17,87,80,69,69,59,46,87,87,87,87,70,70,61,21,49,87],"items_purged":[],"gold":186,"score":308,"play_id":"4f7053ea-d3a1-4b5f-8cae-a6b6e56f8739","local_time":"20180303173103","is_prod":false,"is_daily":false,"is_ascension_mode":false,"campfire_upgraded":3,"timestamp":1520116263,"path_taken":["M","?","M","M","$","E","?","R","T","M","M","?","E","?","R","BOSS","M","M","$","M","?","R","?","R","T","?","?","M","E","M","R","BOSS"],"build_version":"2018-03-01-PROD1","purchased_purges":1,"victory":false,"master_deck":["Strike_R","Strike_R","Strike_R","Strike_R","Strike_R","Defend_R","Defend_R","Defend_R","Bash","Impervious+1","Juggernaut","Body Slam","Feel No Pain","Jack Of All Trades+1","Combust","Armaments+1","Armaments+1","Impervious","Fiend Fire","Ghostly Armor","Juggernaut","Searing Blow+1","Flex+1","Metallicize","Searing Blow","Searing Blow+1","Rampage+1","Berserk"],"max_hp_per_floor":[80,80,80,80,80,87,87,87,87,87,87,87,87,87,87,87,87,87,87,87,87,87,87,87,87,87,87,87,87,87,87,87],"relics":["Burning Blood","Bronze Scales","Strawberry","Omamori","Regal Pillow","Lizard Tail","Paper Frog","Dodecahedron","Bag of Marbles","Orichalcum","Ancient Tea Set","War Paint"],"card_choices":[{"not_picked":["Ghostly Armor","Rupture"],"picked":"Juggernaut"},{"not_picked":["Rupture","Sever Soul"],"picked":"Body Slam"},{"not_picked":["Intimidate","Fire Breathing"],"picked":"Feel No Pain"},{"not_picked":["Cleave","Rage"],"picked":"Combust"},{"not_picked":["Dropkick","Hemokinesis"],"picked":"Armaments"},{"not_picked":["Pommel Strike","Combust"],"picked":"Armaments"},{"not_picked":["Anger","Bloodletting"],"picked":"Impervious"},{"not_picked":["True Grit","Whirlwind"],"picked":"Fiend Fire"},{"not_picked":["Havoc","Fire Breathing"],"picked":"Ghostly Armor"},{"not_picked":["Feed","Impervious"],"picked":"Juggernaut"},{"not_picked":["Rampage","Dropkick"],"picked":"Searing Blow"},{"not_picked":["Wild Strike","Thunderclap"],"picked":"Flex"},{"not_picked":["Burning Pact","Body Slam"],"picked":"Metallicize"},{"not_picked":["Wild Strike","Uppercut"],"picked":"Searing Blow"},{"not_picked":["Combust","Warcry"],"picked":"Searing Blow"},{"not_picked":["Pummel","Warcry"],"picked":"Rampage"},{"not_picked":["Clothesline","True Grit"],"picked":"Berserk"}],"player_experience":70893,"potions_floor_usage":[6,7,16,21,21,22,22,30,30],"damage_taken":[{"damage":6,"enemies":"Cultist","floor":1,"turns":3},{"damage":7,"enemies":"2 Louse","floor":3,"turns":2},{"damage":15,"enemies":"Jaw Worm","floor":4,"turns":4},{"damage":0,"enemies":"Gremlin Nob","floor":6,"turns":3},{"damage":19,"enemies":"Lots of Slimes","floor":7,"turns":3},{"damage":17,"enemies":"Exordium Wildlife","floor":10,"turns":5},{"damage":13,"enemies":"Exordium Thugs","floor":11,"turns":5},{"damage":7,"enemies":"3 Sentries","floor":13,"turns":7},{"damage":17,"enemies":"2 Fungi Beasts","floor":14,"turns":4},{"damage":29,"enemies":"The Guardian","floor":16,"turns":12},{"damage":13,"enemies":"3 Byrds","floor":18,"turns":3},{"damage":17,"enemies":"Shell Parasite","floor":19,"turns":6},{"damage":16,"enemies":"Snake Plant","floor":21,"turns":5},{"damage":34,"enemies":"Sentry and Sphere","floor":22,"turns":9},{"damage":23,"enemies":"Centurion and Healer","floor":27,"turns":9},{"damage":15,"enemies":"Snecko","floor":29,"turns":6},{"damage":58,"enemies":"Slavers","floor":30,"turns":6},{"damage":27,"enemies":"Snake Plant","floor":31,"turns":5},{"damage":94,"enemies":"Automaton","floor":33,"turns":8}],"event_choices":[{"event_name":"Liars Game","player_choice":"agreed","floor":12,"damage_taken":0},{"event_name":"The Mausoleum","player_choice":"Yes","floor":24,"damage_taken":0}],"boss_relics":[{"not_picked":["Sozu","Black Star"],"picked":"Lizard Tail"}],"potions_floor_spawned":[1,3,6,10,16,19,21,27,29,30,31],"seed_played":"1911937678388657078","killed_by":"Automaton","ascension_level":0,"is_trial":false}