{"gold_per_floor":[114,114,127,127,127,127,147,147,147,186,186,186,181,201,201,332,332,355,378,378,399,74,74,89,125,125,125,140,140,163,202,202,202],"floor_reached":33,"playtime":3133,"items_purged":[],"score":564,"play_id":"a00e77c9-c659-4f01-9ede-3caa5b9bcb37","local_time":"20190217153203","is_ascension_mode":true,"campfire_choices":[{"floor":6,"key":"REST"},{"floor":8,"key":"REST"},{"floor":11,"key":"REST"},{"data":"Footwork","floor":15,"key":"SMITH"},{"floor":23,"key":"REST"},{"floor":27,"key":"REST"},{"floor":29,"key":"REST"},{"floor":32,"key":"REST"}],"neow_cost":"NONE","seed_source_timestamp":277286645221700,"circlet_count":0,"master_deck":["AscendersBane","Defend_G","Defend_G","Defend_G","Defend_G","Defend_G","Strike_G","Strike_G","Strike_G","Survivor","Neutralize","Well Laid Plans","Noxious Fumes","Footwork+1","Cloak And Dagger","Catalyst","Tools of the Trade","PiercingWail","Backflip","Bane","Noxious Fumes","Deadly Poison","Infinite Blades","Malaise"],"relics":["Ring of the Snake","Juzu Bracelet","Ornamental Fan","Golden Idol","Pear","Singing Bowl","Fusion Hammer","Bottled Lightning","Happy Flower","Bottled Flame","Art of War"],"potions_floor_usage":[16,19,19,24,28],"damage_taken":[{"damage":4,"enemies":"Small Slimes","floor":1,"turns":4},{"damage":2,"enemies":"Jaw Worm","floor":3,"turns":6},{"damage":3,"enemies":"2 Louse","floor":7,"turns":5},{"damage":28,"enemies":"Lagavulin","floor":10,"turns":8},{"damage":10,"enemies":"Exordium Thugs","floor":13,"turns":5},{"damage":6,"enemies":"2 Fungi Beasts","floor":14,"turns":4},{"damage":0,"enemies":"The Guardian","floor":16,"turns":14},{"damage":8,"enemies":"3 Byrds","floor":18,"turns":7},{"damage":1,"enemies":"Chosen","floor":19,"turns":8},{"damage":19,"enemies":"Snecko","floor":21,"turns":10},{"damage":5,"enemies":"Snake Plant","floor":24,"turns":7},{"damage":26,"enemies":"Book of Stabbing","floor":25,"turns":7},{"damage":17,"enemies":"Cultist and Chosen","floor":28,"turns":7},{"damage":33,"enemies":"3 Cultists","floor":30,"turns":5},{"damage":14,"enemies":"Gremlin Leader","floor":31,"turns":8},{"damage":55,"enemies":"Collector","floor":33,"turns":7}],"seed_played":"-392796493565725045","potions_obtained":[{"floor":13,"key":"GamblersBrew"},{"floor":14,"key":"Fire Potion"},{"floor":16,"key":"Fire Potion"},{"floor":21,"key":"EssenceOfSteel"},{"floor":24,"key":"GamblersBrew"},{"floor":30,"key":"LiquidBronze"}],"is_trial":false,"path_per_floor":["M","?","M","?","?","R","M","R","T","E","R","?","M","M","R","B",null,"M","M","?","M","$","R","M","E","T","R","M","R","M","E","R","B"],"character_chosen":"THE_SILENT","items_purchased":["Noxious Fumes","Bottled Lightning"],"campfire_rested":7,"item_purchase_floors":[22,22],"current_hp_per_floor":[59,17,15,15,15,36,33,54,64,36,60,60,50,44,44,44,71,63,62,62,45,45,69,64,40,40,65,48,73,40,28,53,0],"gold":202,"neow_bonus":"RANDOM_COMMON_RELIC","is_prod":false,"is_daily":false,"chose_seed":false,"campfire_upgraded":1,"win_rate":0,"timestamp":1550435523,"path_taken":["M","?","M","?","?","R","M","R","T","E","R","?","M","M","R","BOSS","M","M","?","M","?","R","M","E","T","R","M","R","M","E","R","BOSS"],"build_version":"2019-01-23","purchased_purges":0,"victory":false,"max_hp_per_floor":[70,70,70,70,70,70,70,70,80,80,80,80,80,80,80,80,80,80,80,80,82,82,82,82,84,84,84,84,84,84,86,86,86],"card_choices":[{"not_picked":["Flying Knee","Quick Slash","Bane"],"picked":"SKIP","floor":1},{"not_picked":["Bane","Flying Knee"],"picked":"Well Laid Plans","floor":3},{"not_picked":["Acrobatics","Slice"],"picked":"Noxious Fumes","floor":7},{"not_picked":["Blade Dance","Riddle With Holes"],"picked":"Footwork","floor":10},{"not_picked":["Underhanded Strike","Quick Slash"],"picked":"Cloak And Dagger","floor":13},{"not_picked":["Riddle With Holes","Skewer"],"picked":"Catalyst","floor":14},{"not_picked":["Adrenaline","Die Die Die"],"picked":"Tools of the Trade","floor":16},{"not_picked":["Bane","Setup"],"picked":"PiercingWail","floor":18},{"not_picked":["Dagger Throw","Deflect"],"picked":"Backflip","floor":19},{"not_picked":["Dagger Throw","Prepared","Unload"],"picked":"Singing Bowl","floor":21},{"not_picked":["Dagger Throw","Bane"],"picked":"Deadly Poison","floor":24},{"not_picked":["Dagger Throw","Deflect","Flying Knee+1"],"picked":"Singing Bowl","floor":25},{"not_picked":["Prepared","Setup"],"picked":"Infinite Blades","floor":28},{"not_picked":["Dodge and Roll","Backflip"],"picked":"Malaise","floor":30},{"not_picked":["Sucker Punch","Dodge and Roll","Slice"],"picked":"Singing Bowl","floor":31}],"player_experience":1216563,"relics_obtained":[{"floor":9,"key":"Pear"},{"floor":10,"key":"Singing Bowl"},{"floor":25,"key":"Happy Flower"},{"floor":26,"key":"Bottled Flame"},{"floor":31,"key":"Art of War"}],"event_choices":[{"damage_healed":0,"gold_gain":0,"player_choice":"Success","damage_taken":42,"relics_obtained":["Ornamental Fan"],"max_hp_gain":0,"max_hp_loss":0,"event_name":"Scrap Ooze","floor":2,"gold_loss":0},{"damage_healed":0,"gold_gain":0,"player_choice":"Take Wound","damage_taken":0,"relics_obtained":["Golden Idol"],"max_hp_gain":0,"max_hp_loss":0,"event_name":"Golden Idol","floor":4,"gold_loss":0,"cards_obtained":["Injury"]},{"cards_removed":["Injury"],"damage_healed":0,"gold_gain":0,"player_choice":"Card Removal","damage_taken":0,"max_hp_gain":0,"max_hp_loss":0,"event_name":"Wheel of Change","floor":5,"gold_loss":0},{"cards_removed":["Strike_G"],"damage_healed":0,"gold_gain":0,"player_choice":"Offered Basic","damage_taken":0,"max_hp_gain":0,"max_hp_loss":0,"event_name":"Bonfire Elementals","floor":12,"gold_loss":0},{"damage_healed":0,"gold_gain":0,"cards_transformed":["Strike_G"],"player_choice":"Transformed","damage_taken":0,"max_hp_gain":0,"max_hp_loss":0,"event_name":"Transmorgrifier","floor":20,"gold_loss":0,"cards_obtained":["Bane"]}],"is_beta":false,"boss_relics":[{"not_picked":["Coffee Dripper","Pandora\u0027s Box"],"picked":"Fusion Hammer"}],"items_purged_floors":[],"is_endless":false,"potions_floor_spawned":[13,14,16,21,24,30],"killed_by":"Collector","ascension_level":12}