{"gold_per_floor":[111,261,261,261,23,56,56,81,104,104,140,158,201,216,216,312,312,330,330,346,346,364,364,68,68,68,102,117,128,128,148,148,225,225,237,337,337,355,366,398,259,292,292,71,105,105,105,55,55,55,55,55,55,0,29,29],"floor_reached":57,"playtime":5780,"items_purged":["Doubt","Pain","Strike_B","Dualcast","Zap+1"],"score":2958,"play_id":"6cf68c95-fbc3-4c6f-93b8-24b7f5413bb4","local_time":"20181229114436","is_ascension_mode":true,"campfire_choices":[{"data":"Ball Lightning","floor":7,"key":"SMITH"},{"floor":10,"key":"REST"},{"data":"Doom and Gloom","floor":15,"key":"SMITH"},{"data":"Electrodynamics","floor":23,"key":"SMITH"},{"data":"Storm","floor":25,"key":"SMITH"},{"data":"Hologram","floor":32,"key":"SMITH"},{"floor":49,"key":"RECALL"},{"floor":53,"key":"REST"}],"neow_cost":"NONE","seed_source_timestamp":659801316887858,"circlet_count":0,"master_deck":["AscendersBane","Defend_B","Defend_B","Defend_B","Defend_B","Coolheaded","Ball Lightning+1","BootSequence","Doom and Gloom+1","FTL","Recycle","Hologram+1","Electrodynamics+1","Heatsinks+1","Darkness+1","Recycle+1","Force Field+1","Storm+1","Finesse","Storm","Coolheaded","Seek","Static Discharge","Defragment","Creative AI+1","Loop+1"],"relics":["Cracked Core","Regal Pillow","Bloody Idol","Bronze Scales","Centennial Puzzle","Smiling Mask","Matryoshka","Sundial","Astrolabe","WarpedTongs","Art of War","Mummified Hand","Cables","PreservedInsect","Fusion Hammer","FossilizedHelix","Frozen Egg 2","Ginger","Turnip","DataDisk","Emotion Chip","Pantograph"],"potions_floor_usage":[6,6,13,16,27,27,50,56],"damage_taken":[{"damage":1,"enemies":"Small Slimes","floor":1,"turns":3},{"damage":10,"enemies":"3 Sentries","floor":6,"turns":5},{"damage":11,"enemies":"Lagavulin","floor":11,"turns":7},{"damage":0,"enemies":"Jaw Worm","floor":12,"turns":3},{"damage":5,"enemies":"3 Sentries","floor":13,"turns":5},{"damage":0,"enemies":"2 Louse","floor":14,"turns":2},{"damage":24,"enemies":"Hexaghost","floor":16,"turns":7},{"damage":3,"enemies":"Spheric Guardian","floor":18,"turns":3},{"damage":2,"enemies":"2 Thieves","floor":20,"turns":3},{"damage":24,"enemies":"Cultist and Chosen","floor":22,"turns":5},{"damage":20,"enemies":"Slavers","floor":27,"turns":3},{"damage":3,"enemies":"Centurion and Healer","floor":28,"turns":5},{"damage":14,"enemies":"Snake Plant","floor":29,"turns":3},{"damage":0,"enemies":"Snecko","floor":31,"turns":3},{"damage":2,"enemies":"Champ","floor":33,"turns":8},{"damage":0,"enemies":"3 Darklings","floor":35,"turns":1},{"damage":2,"enemies":"Mind Bloom Boss Battle","floor":36,"turns":7},{"damage":0,"enemies":"Orb Walker","floor":38,"turns":2},{"damage":13,"enemies":"Transient","floor":39,"turns":6},{"damage":7,"enemies":"Nemesis","floor":40,"turns":4},{"damage":0,"enemies":"Giant Head","floor":42,"turns":5},{"damage":23,"enemies":"Nemesis","floor":45,"turns":5},{"damage":2,"enemies":"Time Eater","floor":50,"turns":10},{"damage":0,"enemies":"Donu and Deca","floor":51,"turns":9},{"damage":0,"enemies":"Shield and Spear","floor":55,"turns":2},{"damage":4,"enemies":"The Heart","floor":56,"turns":8}],"seed_played":"-2079877851685559401","potions_obtained":[{"floor":6,"key":"Fire Potion"},{"floor":11,"key":"Swift Potion"},{"floor":20,"key":"Poison Potion"},{"floor":28,"key":"Block Potion"},{"floor":31,"key":"Energy Potion"},{"floor":45,"key":"EssenceOfSteel"}],"is_trial":false,"path_per_floor":["M","?","?","?","$","E","R","T","T","R","E","M","E","M","R","B",null,"M","?","M","?","M","R","$","R","T","E","M","M","T","M","R","B",null,"M","?","?","M","M","E","$","E","T","$","E","?","?","$","R","B","B",null,"R","$","E","B",null],"character_chosen":"DEFECT","items_purchased":["Ball Lightning","Fire Potion","AttackPotion","Storm","Finesse","AttackPotion","Loop+1","DataDisk","Block Potion"],"campfire_rested":2,"item_purchase_floors":[5,5,5,24,24,24,41,44,54],"current_hp_per_floor":[63,63,45,45,45,35,35,35,35,64,53,53,48,48,48,24,54,51,51,59,59,40,40,40,40,40,25,27,18,18,23,23,26,55,60,63,63,64,56,54,54,59,59,59,41,41,41,41,41,39,39,56,61,61,61,57],"gold":29,"neow_bonus":"UPGRADE_CARD","is_prod":false,"is_daily":false,"chose_seed":false,"campfire_upgraded":5,"win_rate":0,"timestamp":1546112676,"path_taken":["M","?","?","?","$","E","R","?","T","R","E","?","E","M","R","BOSS","M","?","M","?","M","R","$","R","T","E","?","M","?","M","R","BOSS","M","?","?","M","M","E","$","E","T","$","E","?","?","$","R","BOSS","BOSS","R","$","E","BOSS"],"build_version":"2018-12-25","purchased_purges":5,"victory":true,"max_hp_per_floor":[71,71,71,64,64,64,64,64,64,64,64,64,64,64,64,64,64,64,64,64,64,64,64,64,64,64,64,64,64,64,64,64,64,64,64,64,64,64,64,64,64,64,64,64,64,64,61,61,61,61,61,61,61,61,61,61],"card_choices":[{"not_picked":["Streamline","Hologram"],"picked":"Coolheaded","floor":1},{"not_picked":["Hologram","White Noise"],"picked":"BootSequence","floor":6},{"not_picked":["Leap","Chill"],"picked":"Doom and Gloom","floor":11},{"not_picked":["Auto Shields","Aggregate"],"picked":"FTL","floor":12},{"not_picked":["Reboot","Conserve Battery"],"picked":"Recycle","floor":13},{"not_picked":["Sweeping Beam","Self Repair"],"picked":"Hologram","floor":14},{"not_picked":["Echo Form","Fission"],"picked":"Electrodynamics","floor":16},{"not_picked":["Go for the Eyes","Aggregate"],"picked":"Force Field+1","floor":18},{"not_picked":["Rebound","Tempest","Aggregate"],"picked":"SKIP","floor":20},{"not_picked":["Barrage","Sweeping Beam","Rebound"],"picked":"SKIP","floor":22},{"not_picked":["Barrage","Rebound"],"picked":"Sweeping Beam","floor":22},{"not_picked":["Hologram","Rainbow","Compile Driver"],"picked":"SKIP","floor":27},{"not_picked":["Go for the Eyes","Conserve Battery","Lockon"],"picked":"SKIP","floor":28},{"not_picked":["Go for the Eyes","Conserve Battery","Lockon"],"picked":"SKIP","floor":28},{"not_picked":["Darkness","Barrage"],"picked":"Storm","floor":29},{"not_picked":["Rebound","Chaos"],"picked":"Coolheaded","floor":31},{"not_picked":["Meteor Strike","Rainbow"],"picked":"Seek","floor":33},{"not_picked":["Static Discharge","Turbo","Go for the Eyes"],"picked":"SKIP","floor":35},{"not_picked":["Go for the Eyes","Lockon"],"picked":"Static Discharge","floor":36},{"not_picked":["Beam Cell","Stack","Leap"],"picked":"SKIP","floor":38},{"not_picked":["Lockon","Coolheaded"],"picked":"Defragment","floor":39},{"not_picked":["Redo","Cold Snap"],"picked":"Creative AI","floor":40},{"not_picked":["Turbo+1","Lockon","Stack"],"picked":"SKIP","floor":42},{"not_picked":["Conserve Battery","Sweeping Beam+1","FTL"],"picked":"SKIP","floor":45},{"not_picked":["Steam","Stack","Sweeping Beam"],"picked":"SKIP","floor":55}],"player_experience":4101678,"relics_obtained":[{"floor":6,"key":"Bronze Scales"},{"floor":8,"key":"Centennial Puzzle"},{"floor":9,"key":"Smiling Mask"},{"floor":11,"key":"Matryoshka"},{"floor":13,"key":"Sundial"},{"floor":26,"key":"Art of War"},{"floor":26,"key":"Mummified Hand"},{"floor":27,"key":"Cables"},{"floor":30,"key":"PreservedInsect"},{"floor":36,"key":"FossilizedHelix"},{"floor":40,"key":"Frozen Egg 2"},{"floor":42,"key":"Ginger"},{"floor":43,"key":"Turnip"},{"floor":45,"key":"Emotion Chip"},{"floor":55,"key":"Pantograph"}],"event_choices":[{"damage_healed":0,"gold_gain":150,"player_choice":"AGREE","damage_taken":0,"max_hp_gain":0,"max_hp_loss":0,"event_name":"Liars Game","floor":2,"gold_loss":0,"cards_obtained":["Doubt"]},{"damage_healed":0,"gold_gain":0,"player_choice":"Success","damage_taken":18,"relics_obtained":["Regal Pillow"],"max_hp_gain":0,"max_hp_loss":0,"event_name":"Scrap Ooze","floor":3,"gold_loss":0},{"damage_healed":0,"gold_gain":0,"player_choice":"Lose Max HP","damage_taken":0,"relics_obtained":["Golden Idol"],"max_hp_gain":0,"max_hp_loss":7,"event_name":"Golden Idol","floor":4,"gold_loss":0},{"damage_healed":0,"gold_gain":0,"player_choice":"Gave Idol","damage_taken":0,"relics_obtained":["Bloody Idol"],"max_hp_gain":0,"max_hp_loss":0,"event_name":"Forgotten Altar","floor":19,"relics_lost":["Golden Idol"],"gold_loss":0},{"damage_healed":0,"gold_gain":0,"player_choice":"Rummage","damage_taken":0,"relics_obtained":["WarpedTongs"],"max_hp_gain":0,"max_hp_loss":0,"event_name":"Accursed Blacksmith","floor":21,"gold_loss":0,"cards_obtained":["Pain"]},{"damage_healed":0,"gold_gain":0,"player_choice":"Fight","damage_taken":0,"max_hp_gain":0,"max_hp_loss":0,"event_name":"MindBloom","floor":36,"gold_loss":0},{"cards_removed":["Sweeping Beam"],"damage_healed":0,"gold_gain":0,"player_choice":"Removed Attack","damage_taken":0,"max_hp_gain":0,"max_hp_loss":0,"event_name":"Falling","floor":37,"gold_loss":0},{"damage_healed":0,"gold_gain":0,"player_choice":"Ignored","damage_taken":0,"max_hp_gain":0,"max_hp_loss":0,"event_name":"Tomb of Lord Red Mask","floor":46,"gold_loss":0},{"damage_healed":0,"gold_gain":0,"player_choice":"Max HP","damage_taken":0,"max_hp_gain":0,"max_hp_loss":3,"event_name":"Winding Halls","floor":47,"gold_loss":0}],"is_beta":true,"boss_relics":[{"not_picked":["Eternal Feather","Empty Cage"],"picked":"Astrolabe"},{"not_picked":["Snecko Eye","Orrery"],"picked":"Fusion Hammer"}],"items_purged_floors":[5,24,41,44,48],"is_endless":false,"potions_floor_spawned":[6,11,12,20,28,31,36,38,39,45],"ascension_level":20}