{"path_per_floor":["M","$","M","?","?","R","M","?","T","?","M","E","M","M","R","B",null,"M","M","?","?","$"],"character_chosen":"IRONCLAD","items_purchased":["Metallicize","Flex","Fire Breathing","Flex","Pommel Strike"],"gold_per_floor":[115,7,22,22,22,22,40,40,89,89,103,139,154,178,178,298,298,323,348,348,273,50],"floor_reached":23,"campfire_rested":1,"playtime":2355,"current_hp_per_floor":[80,80,78,26,26,50,56,56,56,40,48,36,54,51,51,37,80,58,52,52,52,52],"items_purged":["Injury"],"gold":50,"play_id":"cf56a398-f5ed-46c2-9367-36ed3a804584","is_prod":false,"is_daily":false,"is_ascension_mode":false,"campfire_upgraded":1,"path_taken":["M","$","M","?","?","R","M","?","T","?","M","E","M","?","R","BOSS","M","M","?","?","$","M"],"build_version":"2018-02-01-PROD1","purchased_purges":1,"victory":false,"master_deck":["Strike_R","Strike_R+1","Strike_R","Strike_R","Strike_R","Defend_R","Defend_R","Defend_R","Defend_R","Bash","Flame Barrier+1","Metallicize","Flex","Dropkick+1","Shrug It Off","Iron Wave","Shrug It Off","Rage","Headbutt","Demon Form","Parasite","Parasite","Armaments+1","Armaments","Clash","Fire Breathing","Flex","Pommel Strike"],"max_hp_per_floor":[80,80,80,80,80,80,80,80,80,80,80,80,80,80,80,80,80,80,80,80,80,80],"relics":["Burning Blood","Red Skull","Golden Idol","Blood Vial","Meat on the Bone","Calling Bell","Dream Catcher","Bag of Preparation","Torii"],"card_choices":[{"not_picked":["Clash","Pommel Strike"],"picked":"Flame Barrier"},{"not_picked":["Bloodletting","Pummel"],"picked":"Dropkick"},{"not_picked":["Bloodletting","Warcry"],"picked":"Shrug It Off"},{"not_picked":["Perfected Strike","Clothesline"],"picked":"Iron Wave"},{"not_picked":["Corruption","Seeing Red"],"picked":"Shrug It Off"},{"not_picked":["Inflame","Burning Pact"],"picked":"Rage"},{"not_picked":["True Grit","Burning Pact"],"picked":"Headbutt"},{"not_picked":["Dark Embrace","Impervious"],"picked":"Demon Form"},{"not_picked":["Twin Strike","Anger"],"picked":"Armaments"},{"not_picked":["Anger","Blood for Blood"],"picked":"Armaments"}],"player_experience":0,"potions_floor_usage":[12],"damage_taken":[{"damage":0.0,"enemies":"Small Slimes","floor":1.0,"turns":3.0},{"damage":8.0,"enemies":"Jaw Worm","floor":3.0,"turns":4.0},{"damage":0.0,"enemies":"2 Louse","floor":7.0,"turns":4.0},{"damage":0,"enemies":"2 Fungi Beasts","floor":11,"turns":4},{"damage":20,"enemies":"Lagavulin","floor":12,"turns":11},{"damage":2,"enemies":"3 Louse","floor":13,"turns":5},{"damage":11,"enemies":"Large Slime","floor":14,"turns":9},{"damage":34,"enemies":"The Guardian","floor":16,"turns":13},{"damage":28,"enemies":"Spheric Guardian","floor":18,"turns":6},{"damage":26,"enemies":"Shell Parasite","floor":19,"turns":10},{"damage":63,"enemies":"Cultist and Chosen","floor":23,"turns":6}],"event_choices":[{"event_name":"Scrap Ooze","player_choice":"success","floor":4.0,"damage_taken":52.0},{"event_name":"Golden Wing","player_choice":"Ignored","floor":5.0,"damage_taken":0.0},{"event_name":"Golden Idol","player_choice":"Take Wound","floor":8.0,"damage_taken":0.0},{"event_name":"Shining Light","player_choice":"Entered Light","floor":10.0,"damage_taken":0.0},{"event_name":"The Library","player_choice":"Read","floor":20,"damage_taken":0},{"event_name":"Beggar","player_choice":"Gave Gold","floor":21,"damage_taken":0}],"boss_relics":[{"not_picked":["Lizard Tail","Tiny House"],"picked":"Calling Bell"}],"potions_floor_spawned":[3,11,14],"seed_played":"5251439825988295460","killed_by":"Cultist and Chosen","ascension_level":0,"is_trial":false}