{"gold_per_floor":[368,318,318,342,357,357,371,371,397,409,445,457,469,481,493,600,612,643,670,698,710,742,754,789,801,813,740,752,764],"floor_reached":29,"playtime":1327,"items_purged":[],"score":391,"play_id":"61c24d01-363e-41da-a5d1-0863a8774bbd","local_time":"20180804131637","is_ascension_mode":true,"campfire_choices":[{"data":"Dagger Spray","floor":6,"key":"SMITH"},{"data":"Leg Sweep","floor":10,"key":"SMITH"},{"data":"All Out Attack","floor":13,"key":"SMITH"},{"floor":15,"key":"REST"},{"data":"Noxious Fumes","floor":23,"key":"SMITH"},{"data":"Deadly Poison","floor":25,"key":"SMITH"},{"data":"Neutralize","floor":28,"key":"SMITH"}],"neow_cost":"CURSE","seed_source_timestamp":1819616234315,"circlet_count":0,"master_deck":["Defend_G+1","Defend_G","Strike_G","Strike_G","Strike_G","Strike_G","Strike_G","Survivor","Neutralize+1","AscendersBane","Leg Sweep+1","Sucker Punch","Dagger Spray+1","Blade Dance+1","All Out Attack+1","Adrenaline","Finisher+1","Dodge and Roll+1","Distraction+1","Noxious Fumes+1","Deflect+1","Ghostly","Ghostly","Ghostly","Ghostly","Ghostly","Dagger Spray","Deadly Poison+1"],"relics":["Ring of the Snake","Golden Idol","MawBank","Astrolabe","Frozen Egg 2","Boot"],"potions_floor_usage":[16,16,19,20,22,29],"damage_taken":[{"damage":0,"enemies":"2 Louse","floor":1,"turns":5},{"damage":0,"enemies":"Small Slimes","floor":4,"turns":5},{"damage":0,"enemies":"Jaw Worm","floor":5,"turns":6},{"damage":1,"enemies":"3 Louse","floor":7,"turns":2},{"damage":1,"enemies":"Blue Slaver","floor":11,"turns":4},{"damage":44,"enemies":"Slime Boss","floor":16,"turns":11},{"damage":9,"enemies":"Chosen","floor":18,"turns":4},{"damage":6,"enemies":"2 Thieves","floor":19,"turns":2},{"damage":19,"enemies":"Snake Plant","floor":20,"turns":4},{"damage":2,"enemies":"Cultist and Chosen","floor":22,"turns":6},{"damage":3,"enemies":"3 Cultists","floor":24,"turns":5},{"damage":17,"enemies":"Slavers","floor":29,"turns":1}],"seed_played":"-3915486153985658454","potions_obtained":[{"floor":5,"key":"SpeedPotion"},{"floor":7,"key":"Ancient Potion"},{"floor":18,"key":"SteroidPotion"},{"floor":19,"key":"SkillPotion"},{"floor":24,"key":"SteroidPotion"}],"is_trial":false,"path_per_floor":["M","?","?","M","M","R","M","?","T","R","M","$","R","$","R","B",null,"M","M","M","?","M","R","M","R","T","?","R"],"character_chosen":"THE_SILENT","items_purchased":[],"campfire_rested":1,"item_purchase_floors":[],"current_hp_per_floor":[59,59,43,43,43,43,42,29,29,29,28,28,28,28,47,3,50,41,35,16,16,14,14,11,11,11,11,11,0],"gold":764,"neow_bonus":"TWO_FIFTY_GOLD","is_prod":false,"is_daily":false,"chose_seed":false,"campfire_upgraded":6,"win_rate":0,"timestamp":1533356197,"path_taken":["M","?","?","M","M","R","M","?","T","R","M","$","R","$","R","BOSS","M","M","M","?","M","R","M","R","T","?","R","E"],"build_version":"2018-08-02","purchased_purges":0,"victory":false,"max_hp_per_floor":[66,66,66,66,66,66,66,66,66,66,66,66,66,66,66,66,66,66,66,66,33,33,33,33,33,33,33,33,33],"card_choices":[{"not_picked":["Tactician","Outmaneuver"],"picked":"Leg Sweep","floor":1},{"not_picked":["Quick Slash","Dash"],"picked":"Sucker Punch","floor":4},{"not_picked":["Prepared","Outmaneuver"],"picked":"Dagger Spray","floor":5},{"not_picked":["Leg Sweep","Finisher"],"picked":"Blade Dance","floor":7},{"not_picked":["Choke","Flying Knee"],"picked":"All Out Attack","floor":11},{"not_picked":["Phantasmal Killer","Glass Knife"],"picked":"Adrenaline","floor":16},{"not_picked":["Finisher","Poisoned Stab"],"picked":"Noxious Fumes","floor":18},{"not_picked":["Dash","Deflect","Poisoned Stab"],"picked":"SKIP","floor":19},{"not_picked":["Prepared","Backflip"],"picked":"Deflect+1","floor":20},{"not_picked":["Dagger Throw","Blade Dance"],"picked":"Dagger Spray","floor":22},{"not_picked":["Outmaneuver+1","Sucker Punch+1"],"picked":"Deadly Poison","floor":24}],"player_experience":802986,"relics_obtained":[{"floor":9,"key":"MawBank"},{"floor":26,"key":"Frozen Egg 2"}],"event_choices":[{"event_name":"The Cleric","player_choice":"Card Removal","floor":2,"damage_taken":0},{"event_name":"Golden Idol","player_choice":"Take Damage","floor":3,"damage_taken":0},{"event_name":"Shining Light","player_choice":"Entered Light","floor":8,"damage_taken":0},{"event_name":"Ghosts","player_choice":"Became a Ghost","floor":21,"damage_taken":0},{"event_name":"Addict","player_choice":"Obtained Relic","floor":27,"damage_taken":0}],"is_beta":false,"boss_relics":[{"not_picked":["Empty Cage","Velvet Choker"],"picked":"Astrolabe"}],"items_purged_floors":[],"is_endless":false,"potions_floor_spawned":[5,7,18,19,24],"killed_by":"Slavers","ascension_level":14}