{"gold_per_floor":[109,109,109,121,121,121,140,65,65,91,104,119,119],"floor_reached":13,"playtime":478,"items_purged":["Regret"],"score":119,"play_id":"a8527785-53bd-45b6-9661-8461df5f34a0","local_time":"20181223121342","is_ascension_mode":true,"campfire_choices":[{"data":"Neutralize","floor":6,"key":"SMITH"}],"neow_cost":"NONE","seed_source_timestamp":238876262881432,"circlet_count":0,"master_deck":["Defend_G","Defend_G","Defend_G","Defend_G","Defend_G","Strike_G","Strike_G","Strike_G","Strike_G","Strike_G","Survivor","Neutralize+1","Riddle With Holes","Decay","Endless Agony","Neutralize","Setup","Sucker Punch","Predator","Blur"],"relics":["Ring of the Snake","NeowsBlessing","Ninja Scroll","Darkstone Periapt","Snake Skull"],"potions_floor_usage":[10,13],"damage_taken":[{"damage":0,"enemies":"Small Slimes","floor":1,"turns":1},{"damage":0,"enemies":"Jaw Worm","floor":4,"turns":1},{"damage":0,"enemies":"Cultist","floor":7,"turns":1},{"damage":28,"enemies":"Lagavulin","floor":10,"turns":7},{"damage":10,"enemies":"Large Slime","floor":11,"turns":5},{"damage":18,"enemies":"Exordium Thugs","floor":12,"turns":4},{"damage":8,"enemies":"3 Sentries","floor":13,"turns":2}],"seed_played":"-4409584370331705300","potions_obtained":[{"floor":1,"key":"Fire Potion"},{"floor":10,"key":"Dexterity Potion"}],"is_trial":false,"path_per_floor":["M","?","?","M","?","R","M","$","T","E","M","M","E"],"character_chosen":"THE_SILENT","items_purchased":[],"campfire_rested":0,"item_purchase_floors":[],"current_hp_per_floor":[63,63,63,63,63,63,63,63,63,35,25,7,0],"gold":119,"neow_bonus":"THREE_ENEMY_KILL","is_prod":false,"is_daily":false,"chose_seed":false,"campfire_upgraded":1,"win_rate":0,"timestamp":1545585222,"path_taken":["M","?","?","?","?","R","M","$","T","E","?","M","E"],"build_version":"2018-12-20","purchased_purges":1,"victory":false,"max_hp_per_floor":[70,70,70,70,70,70,70,70,70,70,70,70,70],"card_choices":[{"not_picked":["Catalyst","Bane"],"picked":"Riddle With Holes","floor":1},{"not_picked":["Concentrate","Crippling Poison"],"picked":"Endless Agony","floor":4},{"not_picked":["Deflect","Outmaneuver"],"picked":"Setup","floor":7},{"not_picked":["Bane","Underhanded Strike"],"picked":"Sucker Punch","floor":10},{"not_picked":["Catalyst","Deadly Poison"],"picked":"Predator","floor":11},{"not_picked":["Slice","Blade Dance"],"picked":"Blur","floor":12}],"player_experience":361430,"relics_obtained":[{"floor":9,"key":"Darkstone Periapt"},{"floor":10,"key":"Snake Skull"}],"event_choices":[{"damage_healed":0,"gold_gain":0,"player_choice":"Box","damage_taken":0,"relics_obtained":["Ninja Scroll"],"max_hp_gain":0,"max_hp_loss":0,"event_name":"Big Fish","floor":2,"gold_loss":0,"cards_obtained":["Regret"]},{"damage_healed":0,"gold_gain":0,"player_choice":"Cursed","damage_taken":0,"max_hp_gain":0,"max_hp_loss":0,"event_name":"Wheel of Change","floor":3,"gold_loss":0,"cards_obtained":["Decay"]},{"damage_healed":0,"gold_gain":0,"player_choice":"1 cards matched","damage_taken":0,"max_hp_gain":0,"max_hp_loss":0,"event_name":"Match and Keep!","floor":5,"gold_loss":0,"cards_obtained":["Neutralize"]}],"is_beta":false,"boss_relics":[],"items_purged_floors":[8],"is_endless":false,"potions_floor_spawned":[1,10],"killed_by":"3 Sentries","ascension_level":8}