{"path_per_floor":["M","M","$","?","M","R","E","M","T","T","?","R","M","M","R","B",null,"M","M","M","M","?","R","?","$","T","E","M","M","R","$","R","B",null,"M","?","$","T","M","R","M","M","T","?","?","M","M","?","R","B"],"character_chosen":"IRONCLAD","items_purchased":["Flex","Whirlwind","Bag of Marbles","Demon Form","Metallicize","War Paint"],"gold_per_floor":[109,128,103,103,115,115,142,158,158,212,212,212,231,255,255,375,375,390,403,422,445,445,445,445,9,9,42,67,83,83,3,3,132,132,153,153,9,9,29,29,54,78,105,105,105,129,154,487,487,487],"floor_reached":51,"campfire_rested":4,"playtime":3729,"current_hp_per_floor":[61,59,59,43,41,65,60,60,60,60,60,60,62,64,64,41,80,51,47,33,18,18,42,68,68,82,94,81,63,63,63,91,74,94,86,86,86,86,68,94,82,74,74,74,64,91,94,94,94,64],"items_purged":["Strike_R"],"gold":487,"play_id":"9a4dbc34-3b57-46fc-9734-4ac6fe84e53c","is_prod":false,"is_daily":false,"campfire_rituals":0,"campfire_upgraded":4,"is_hardmode":false,"path_taken":["M","?","?","?","M","R","E","M","T","?","?","R","M","M","R","BOSS","M","?","M","M","?","R","?","$","T","E","M","?","R","$","R","BOSS","M","?","$","?","?","R","?","M","T","?","?","M","?","?","R","BOSS"],"build_version":"2018-01-11-PROD2","purchased_purges":1,"victory":true,"master_deck":["Strike_R","Strike_R","Defend_R","Defend_R","Defend_R","Defend_R","Bash","Headbutt","Shrug It Off","Flex","Reaper","Headbutt","Spot Weakness","Injury","Heavy Blade","Cleave","Double Tap","Pummel","Burning Pact","Bloodletting","Shrug It Off","Shrug It Off","Whirlwind","Demon Form","Clash","Havoc","Shockwave","Clothesline","Metallicize","Offering","Intimidate","Heavy Blade","Intimidate","Offering","Madness","Madness","Warcry","Battle Trance"],"max_hp_per_floor":[80,80,80,80,80,80,80,80,80,80,80,80,80,80,80,80,80,80,80,80,80,80,80,80,80,94,94,94,94,94,94,94,94,94,94,94,94,94,94,94,94,94,94,94,94,94,94,94,94,94],"relics":["Runic Dome","Lantern","Blood Vial","Prayer Wheel","Question Card","Bag of Marbles","Mango","Self Forming Clay","Mark of Pain","War Paint","Regal Pillow","Singing Bowl"],"campfire_meditates":0,"card_choices":[{"not_picked":["Second Wind","Heavy Blade"],"picked":"Headbutt"},{"not_picked":["Whirlwind","Iron Wave"],"picked":"Shrug It Off"},{"not_picked":["Rampage","Wild Strike"],"picked":"Reaper"},{"not_picked":["Clash","Berserk"],"picked":"Headbutt"},{"not_picked":["Flame Barrier","Dropkick"],"picked":"Spot Weakness"},{"not_picked":["Disarm","Clash"],"picked":"Heavy Blade"},{"not_picked":["Warcry","Twin Strike"],"picked":"Cleave"},{"not_picked":["Juggernaut","Bludgeon"],"picked":"Double Tap"},{"not_picked":["Body Slam","Havoc","Headbutt"],"picked":"Pummel"},{"not_picked":["Sword Boomerang","Body Slam","Perfected Strike"],"picked":"Burning Pact"},{"not_picked":["Infernal Blade","Combust","Heavy Blade"],"picked":"Bloodletting"},{"not_picked":["Inflame","Dual Wield","True Grit"],"picked":"Shrug It Off"},{"not_picked":["Hemokinesis","Immolate","Pommel Strike"],"picked":"Clash"},{"not_picked":["Rupture","Double Tap","Sword Boomerang"],"picked":"Havoc"},{"not_picked":["Clash","Flex","Reckless Charge"],"picked":"Shockwave"},{"not_picked":["Inflame","Body Slam","Whirlwind"],"picked":"Clothesline"},{"not_picked":["Bludgeon","Juggernaut","Barricade"],"picked":"Offering"},{"not_picked":["Uppercut","Body Slam","Anger"],"picked":"Intimidate"},{"not_picked":["Dropkick","True Grit","Power Through"],"picked":"Heavy Blade"},{"not_picked":["Sword Boomerang","Shockwave","Twin Strike"],"picked":"Intimidate"},{"not_picked":["Heavy Blade","Headbutt","Seeing Red"],"picked":"Offering"},{"not_picked":["Perfected Strike","Fire Breathing","Anger"],"picked":"Warcry"},{"not_picked":["Metallicize","Bloodletting","Warcry"],"picked":"Battle Trance"}],"player_experience":63255,"potions_floor_usage":[8,16,21,27,33,42,46,50],"damage_taken":[{"damage":19,"enemies":"Blue Slaver","floor":1,"turns":3},{"damage":2,"enemies":"2 Louse","floor":2,"turns":2},{"damage":2,"enemies":"Small Slimes","floor":5,"turns":2},{"damage":11,"enemies":"Gremlin Nob","floor":7,"turns":3},{"damage":0,"enemies":"Exordium Thugs","floor":8,"turns":2},{"damage":0,"enemies":"Looter","floor":13,"turns":2},{"damage":9,"enemies":"3 Louse","floor":14,"turns":3},{"damage":25,"enemies":"Slime Boss","floor":16,"turns":7},{"damage":31,"enemies":"3 Byrds","floor":18,"turns":6},{"damage":14,"enemies":"2 Thieves","floor":19,"turns":3},{"damage":23,"enemies":"Snecko","floor":20,"turns":5},{"damage":17,"enemies":"Centurion and Healer","floor":21,"turns":6},{"damage":20,"enemies":"Gremlin Leader","floor":27,"turns":5},{"damage":13,"enemies":"Snake Plant","floor":28,"turns":3},{"damage":20,"enemies":"Sentry and Sphere","floor":29,"turns":4},{"damage":20,"enemies":"Collector","floor":33,"turns":10},{"damage":8,"enemies":"Orb Walker","floor":35,"turns":3},{"damage":20,"enemies":"3 Darklings","floor":39,"turns":5},{"damage":14,"enemies":"Sphere and 2 Shapes","floor":41,"turns":5},{"damage":30,"enemies":"4 Shapes","floor":42,"turns":5},{"damage":18,"enemies":"3 Darklings","floor":46,"turns":5},{"damage":11,"enemies":"Maw","floor":47,"turns":6},{"damage":58,"enemies":"Donu and Deca","floor":50,"turns":6}],"event_choices":[{"event_name":"Shining Light","player_choice":"Entered Light","floor":4,"damage_taken":0},{"event_name":"Golden Idol","player_choice":"Take Wound","floor":11,"damage_taken":0},{"event_name":"Duplicator","player_choice":"One dupe","floor":22,"damage_taken":0},{"event_name":"The Library","player_choice":"Heal","floor":24,"damage_taken":0},{"event_name":"Purifier","player_choice":"One Purge","floor":36,"damage_taken":0},{"event_name":"Winding Halls","player_choice":"Embrace Madness","floor":45,"damage_taken":0},{"event_name":"The Moai Head","player_choice":"Gave Idol","floor":48,"damage_taken":0}],"boss_relics":[{"not_picked":["Philosopher\u0027s Stone","White Beast Statue"],"picked":"Question Card"},{"not_picked":["Runic Pyramid","Runic Cube"],"picked":"Mark of Pain"}],"potions_floor_spawned":[1,5,8,14,16,19,20,28,29,41,46],"seed_played":"-3278719135474020889","is_trial":false}