{"path_per_floor":["M","M","T","M","$","R","?","R","T","R","M","?","$","M","R","B",null,"M","M","$","?","?","R","?","M","T","?","R","M","?","M","R","B",null,"M","M","M","?","$","R","?"],"character_chosen":"IRONCLAD","items_purchased":["Twin Strike","Pummel","Flex","Wild Strike","Flex"],"gold_per_floor":[119,137,137,154,33,33,33,33,33,33,52,52,14,34,34,134,134,148,164,71,71,71,71,71,91,91,91,91,103,18,34,34,130,130,145,157,169,169,18,18,18],"floor_reached":42,"campfire_rested":2,"playtime":1294,"current_hp_per_floor":[80,80,80,80,80,80,80,80,80,80,77,77,77,80,80,24,80,59,46,46,46,38,38,23,15,15,15,55,61,61,39,79,42,85,40,42,31,31,31,31,20],"items_purged":["Defend_R","Writhe"],"gold":18,"score":489,"play_id":"e7a03ada-b597-40b4-a13f-8685c02bb20e","local_time":"20180320184151","is_prod":false,"is_daily":false,"is_ascension_mode":true,"campfire_upgraded":4,"timestamp":1521585711,"path_taken":["M","M","?","M","$","R","?","R","T","R","M","?","?","M","R","BOSS","M","M","$","?","?","R","?","M","T","?","R","M","?","M","R","BOSS","M","M","M","?","?","R","?","M"],"build_version":"2018-03-15v3","purchased_purges":3,"victory":false,"master_deck":["Strike_R+1","Strike_R+1","Strike_R+1","Strike_R+1","Strike_R+1","Defend_R+1","Defend_R+1","Defend_R+1","Bash","Perfected Strike+1","Heavy Blade+1","Offering+1","Twin Strike","Offering","Bash","Pummel","Heavy Blade+1","Demon Form","Flex","Flex","Wild Strike+1","Limit Break+1","Pommel Strike+1","Shrug It Off","Heavy Blade+1","Heavy Blade+1","Flex","Madness","Madness"],"max_hp_per_floor":[80,80,80,80,80,80,80,80,80,80,80,80,80,80,80,80,80,80,80,80,80,80,80,85,85,85,85,85,85,85,85,85,85,85,85,85,85,85,85,85,85],"relics":["Burning Blood","NeowsBlessing","Juzu Bracelet","Shovel","Regal Pillow","Molten Egg 2","Cursed Key","Letter Opener","Bag of Preparation","Runic Cube"],"card_choices":[{"not_picked":["Twin Strike","Pommel Strike"],"picked":"Perfected Strike"},{"not_picked":["Shrug It Off","Inflame"],"picked":"Heavy Blade"},{"not_picked":["Iron Wave","Twin Strike"],"picked":"Offering"},{"not_picked":["Sentinel","Armaments"],"picked":"Heavy Blade"},{"not_picked":["Impervious","Exhume"],"picked":"Demon Form"},{"not_picked":["Dual Wield","Pommel Strike"],"picked":"Flex"},{"not_picked":["Impervious","Berserk"],"picked":"Limit Break"},{"not_picked":["Sword Boomerang","Pummel"],"picked":"Pommel Strike"},{"not_picked":["Clothesline","Twin Strike"],"picked":"Shrug It Off"},{"not_picked":["Shrug It Off","True Grit"],"picked":"Heavy Blade"}],"player_experience":296587,"potions_floor_usage":[29,33,33,33,42],"damage_taken":[{"damage":0,"enemies":"Cultist","floor":1,"turns":1},{"damage":0,"enemies":"2 Louse","floor":2,"turns":1},{"damage":0,"enemies":"Small Slimes","floor":4,"turns":1},{"damage":9,"enemies":"3 Louse","floor":11,"turns":2},{"damage":0,"enemies":"2 Fungi Beasts","floor":14,"turns":2},{"damage":62,"enemies":"Slime Boss","floor":16,"turns":8},{"damage":27,"enemies":"Shell Parasite","floor":18,"turns":3},{"damage":19,"enemies":"Spheric Guardian","floor":19,"turns":3},{"damage":14,"enemies":"Centurion and Healer","floor":25,"turns":2},{"damage":0,"enemies":"Snecko","floor":29,"turns":2},{"damage":28,"enemies":"Snake Plant","floor":31,"turns":2},{"damage":43,"enemies":"Collector","floor":33,"turns":3},{"damage":51,"enemies":"3 Darklings","floor":35,"turns":3},{"damage":4,"enemies":"Orb Walker","floor":36,"turns":1},{"damage":17,"enemies":"4 Shapes","floor":37,"turns":4},{"damage":38,"enemies":"Maw","floor":42,"turns":2}],"event_choices":[{"event_name":"Match and Keep!","player_choice":"2 cards matched","floor":7,"damage_taken":0},{"event_name":"Upgrade Shrine","player_choice":"Upgraded","floor":12,"damage_taken":0},{"event_name":"Back to Basics","player_choice":"Simplicity","floor":21,"damage_taken":0},{"event_name":"Knowing Skull","player_choice":"","floor":22,"damage_taken":0},{"event_name":"Forgotten Altar","player_choice":"Shed Blood","floor":24,"damage_taken":0},{"event_name":"Drug Dealer","player_choice":"Ignored","floor":27,"damage_taken":0},{"event_name":"Addict","player_choice":"Obtained Relic","floor":30,"damage_taken":0},{"event_name":"Duplicator","player_choice":"One dupe","floor":38,"damage_taken":0},{"event_name":"Winding Halls","player_choice":"Embrace Madness","floor":41,"damage_taken":0}],"boss_relics":[{"not_picked":["Philosopher\u0027s Stone","Runic Pyramid"],"picked":"Cursed Key"},{"not_picked":["Black Blood","Orrery"],"picked":"Runic Cube"}],"potions_floor_spawned":[16,19,25,31,35],"seed_played":"-7674374297997767464","killed_by":"Maw","ascension_level":4,"is_trial":false}