{"gold_per_floor":[118,293,293,311,332,332,332,348,429,429,452,452,57,73,73,204,242,263,33,33,57,57,57,95,44,44,44,44,63,83,83],"floor_reached":31,"playtime":1931,"items_purged":["Doubt"],"score":270,"play_id":"3f940c75-01de-43db-a10d-1f405ac98f0f","local_time":"20180626225226","is_ascension_mode":false,"campfire_choices":[{"data":"Go for the Eyes","floor":6,"key":"SMITH"},{"data":"Go for the Eyes","floor":10,"key":"SMITH"},{"data":"Defragment","floor":15,"key":"SMITH"},{"data":"Injury","floor":23,"key":"PURGE"},{"data":"Defend_B","floor":28,"key":"PURGE"}],"neow_cost":"NONE","seed_source_timestamp":1140392434232976,"circlet_count":0,"master_deck":["Strike_B","Strike_B+1","Defend_B+1","Defend_B","Defend_B","Zap+1","Dualcast","Go for the Eyes+1","Go for the Eyes+1","Cold Snap+1","Blizzard","Gash","Capacitor","Cold Snap","FTL","Defragment+1","Echo Form","Redo","Gash","Defragment","White Noise","Coolheaded+1","Redo+1","Barrage","Core Surge","Cold Snap+1"],"relics":["Cracked Core","Golden Idol","Meat on the Bone","Strawberry","Tiny House","Tiny Chest","Peace Pipe","Dream Catcher","War Paint"],"potions_floor_usage":[24,24,24,31],"damage_taken":[{"damage":1,"enemies":"Jaw Worm","floor":1,"turns":3},{"damage":0,"enemies":"Small Slimes","floor":4,"turns":3},{"damage":5,"enemies":"2 Louse","floor":5,"turns":3},{"damage":0,"enemies":"Large Slime","floor":8,"turns":4},{"damage":6,"enemies":"Blue Slaver","floor":11,"turns":4},{"damage":3,"enemies":"2 Fungi Beasts","floor":14,"turns":3},{"damage":5,"enemies":"The Guardian","floor":16,"turns":12},{"damage":25,"enemies":"3 Byrds","floor":18,"turns":6},{"damage":0,"enemies":"Chosen","floor":21,"turns":6},{"damage":22,"enemies":"Book of Stabbing","floor":24,"turns":5},{"damage":38,"enemies":"Centurion and Healer","floor":29,"turns":7},{"damage":34,"enemies":"Sentry and Sphere","floor":30,"turns":6},{"damage":17,"enemies":"Chosen and Byrds","floor":31,"turns":4}],"seed_played":"-3367874040016681228","potions_obtained":[{"floor":5,"key":"EssenceOfSteel"},{"floor":8,"key":"Block Potion"},{"floor":14,"key":"Poison Potion"},{"floor":17,"key":"LiquidBronze"},{"floor":29,"key":"PowerPotion"},{"floor":30,"key":"EssenceOfSteel"}],"is_trial":false,"path_per_floor":["M","?","?","M","M","R","?","M","T","R","M","?","$","M","R","B",null,"M","$","?","M","T","R","E","$","T","?","R","M","M"],"character_chosen":"DEFECT","items_purchased":["Capacitor","Strawberry","Cold Snap","FTL","Defragment","Tiny Chest","White Noise","Barrage"],"campfire_rested":0,"item_purchase_floors":[13,13,13,13,19,19,19,25],"current_hp_per_floor":[74,74,74,74,69,69,54,54,54,54,48,53,60,57,57,52,92,67,67,67,67,67,67,57,57,57,57,57,38,16,0],"gold":83,"neow_bonus":"REMOVE_CARD","is_prod":false,"is_daily":false,"chose_seed":false,"campfire_upgraded":3,"win_rate":0,"timestamp":1530067946,"path_taken":["M","?","?","M","M","R","?","M","T","R","M","?","$","M","R","BOSS","M","$","?","M","?","R","E","?","T","?","R","M","M","M"],"build_version":"2018-06-21v2","purchased_purges":1,"victory":false,"max_hp_per_floor":[75,75,75,75,75,75,75,75,75,75,75,80,87,87,87,87,92,92,92,92,92,92,92,92,92,92,92,92,92,92,92],"card_choices":[{"not_picked":["Steam","BootSequence"],"picked":"Go for the Eyes","floor":1},{"not_picked":["Turbo","Static Discharge"],"picked":"Go for the Eyes","floor":4},{"not_picked":["Scrape","Chill"],"picked":"Cold Snap","floor":5},{"not_picked":["Redo","Turbo"],"picked":"Blizzard","floor":8},{"not_picked":["Consume","Storm"],"picked":"Gash","floor":11},{"not_picked":["Chaos","Undo"],"picked":"Defragment","floor":14},{"not_picked":["Thunder Strike","Electrodynamics"],"picked":"Echo Form","floor":16},{"not_picked":["Leap","Rebound"],"picked":"Redo","floor":17},{"not_picked":["Ball Lightning","Darkness"],"picked":"Gash","floor":18},{"not_picked":["Beam Cell","Chaos"],"picked":"Coolheaded+1","floor":21},{"not_picked":["Streamline","Compile Driver"],"picked":"Redo","floor":24},{"not_picked":["Cold Snap","Recycle+1"],"picked":"Core Surge","floor":29},{"not_picked":["Steam","Redo+1"],"picked":"Cold Snap+1","floor":30}],"player_experience":529609,"relics_obtained":[{"floor":9,"key":"Meat on the Bone"},{"floor":22,"key":"Peace Pipe"},{"floor":24,"key":"Dream Catcher"},{"floor":26,"key":"War Paint"}],"event_choices":[{"event_name":"Liars Game","player_choice":"agreed","floor":2,"damage_taken":0},{"event_name":"Golden Idol","player_choice":"Take Wound","floor":3,"damage_taken":0},{"event_name":"Shining Light","player_choice":"Entered Light","floor":7,"damage_taken":0},{"event_name":"Big Fish","player_choice":"Donut","floor":12,"damage_taken":0},{"event_name":"Drug Dealer","player_choice":"Ignored","floor":20,"damage_taken":0},{"event_name":"Back to Basics","player_choice":"Elegance","floor":27,"damage_taken":0}],"boss_relics":[{"not_picked":["White Beast Statue","Philosopher\u0027s Stone"],"picked":"Tiny House"}],"items_purged_floors":[13],"is_endless":false,"potions_floor_spawned":[5,8,14,16,29,30],"killed_by":"Chosen and Byrds","ascension_level":0}