{"gold_per_floor":[119,119,132,132,132,170,170,170,196,196,216,70,94,107,107,235,235,250,250,250,268,291,334,334,121,176,32,32,55,55,99,99,219,219,240,240,365,698,713,742,742,742,766,326,351,121,121,139,139,139],"floor_reached":50,"playtime":2662,"items_purged":[],"score":690,"play_id":"43b78f0a-b170-4d47-b3bb-0aeac52cdc5a","local_time":"20181230084502","is_ascension_mode":true,"campfire_choices":[{"floor":8,"key":"REST"},{"data":"Armaments","floor":15,"key":"SMITH"},{"floor":24,"key":"REST"},{"floor":30,"key":"REST"},{"data":"Limit Break","floor":32,"key":"SMITH"},{"floor":41,"key":"REST"},{"data":"Discovery","floor":47,"key":"SMITH"},{"data":"Juggernaut","floor":49,"key":"SMITH"}],"neow_cost":"NONE","seed_source_timestamp":828983899566942,"circlet_count":0,"master_deck":["Defend_R","Defend_R+1","Defend_R","Bash+1","Fiend Fire","Thunderclap","Armaments+1","Clothesline","Inflame","Heavy Blade","Flex+1","Feed","Heavy Blade","Bite","Bite","Bite","Bite","Bite","Headbutt","Shrug It Off+1","Reckless Charge","Inflame","Limit Break+1","Armaments+1","Juggernaut+1","Carnage+1","Flex+1","Immolate","Spot Weakness+1","Discovery+1"],"relics":["Burning Blood","Red Skull","Boot","Oddly Smooth Stone","Lantern","Pen Nib","Busted Crown","Anchor","PreservedInsect","Tiny Chest","Shuriken","Lizard Tail","Bag of Marbles","Bird Faced Urn","Art of War","Blue Candle","Centennial Puzzle","Bronze Scales","Happy Flower","Pocketwatch","War Paint"],"potions_floor_usage":[6,11,16,21,23,23,33,37,39,39,50],"damage_taken":[{"damage":8,"enemies":"Jaw Worm","floor":1,"turns":5},{"damage":0,"enemies":"2 Louse","floor":3,"turns":2},{"damage":22,"enemies":"3 Sentries","floor":6,"turns":6},{"damage":2,"enemies":"Small Slimes","floor":11,"turns":4},{"damage":10,"enemies":"Looter","floor":13,"turns":3},{"damage":0,"enemies":"2 Fungi Beasts","floor":14,"turns":2},{"damage":40,"enemies":"Hexaghost","floor":16,"turns":6},{"damage":12,"enemies":"Shell Parasite","floor":18,"turns":4},{"damage":13,"enemies":"2 Thieves","floor":21,"turns":3},{"damage":27,"enemies":"Snake Plant","floor":22,"turns":3},{"damage":40,"enemies":"Gremlin Leader","floor":23,"turns":5},{"damage":20,"enemies":"3 Cultists","floor":29,"turns":5},{"damage":12,"enemies":"Book of Stabbing","floor":31,"turns":3},{"damage":43,"enemies":"Champ","floor":33,"turns":6},{"damage":8,"enemies":"Orb Walker","floor":35,"turns":3},{"damage":0,"enemies":"Mind Bloom Boss Battle","floor":37,"turns":3},{"damage":9,"enemies":"3 Darklings","floor":39,"turns":5},{"damage":49,"enemies":"Reptomancer","floor":40,"turns":5},{"damage":14,"enemies":"Nemesis","floor":45,"turns":3},{"damage":19,"enemies":"Maw","floor":48,"turns":6},{"damage":128,"enemies":"Awakened One","floor":50,"turns":8}],"seed_played":"-1190849414838118614","potions_obtained":[{"floor":1,"key":"AttackPotion"},{"floor":6,"key":"Dexterity Potion"},{"floor":10,"key":"Block Potion"},{"floor":10,"key":"SpeedPotion"},{"floor":10,"key":"PowerPotion"},{"floor":16,"key":"SteroidPotion"},{"floor":18,"key":"SteroidPotion"},{"floor":22,"key":"Ancient Potion"},{"floor":31,"key":"Strength Potion"},{"floor":33,"key":"FearPotion"},{"floor":35,"key":"Fire Potion"},{"floor":37,"key":"Block Potion"},{"floor":45,"key":"EssenceOfSteel"}],"is_trial":false,"path_per_floor":["M","?","M","?","?","E","T","R","T","?","M","$","M","M","R","B",null,"M","?","?","M","M","E","R","$","T","$","?","M","R","E","R","B",null,"M","T","?","?","M","E","R","T","T","$","E","$","R","M","R","B"],"character_chosen":"IRONCLAD","items_purchased":["Pen Nib","Inflame","PreservedInsect","Limit Break","Bronze Scales","Immolate","Happy Flower","War Paint","Discovery"],"campfire_rested":4,"item_purchase_floors":[12,25,25,27,44,44,44,46,46],"current_hp_per_floor":[78,78,80,60,57,41,41,65,65,65,69,69,65,71,71,37,80,77,58,58,56,42,18,37,37,37,37,37,39,58,56,56,34,64,62,62,68,68,68,35,55,55,55,55,58,58,58,62,62,0],"gold":139,"neow_bonus":"ONE_RANDOM_RARE_CARD","is_prod":false,"is_daily":false,"chose_seed":false,"campfire_upgraded":4,"win_rate":0,"timestamp":1546177502,"path_taken":["M","?","M","?","?","E","?","R","T","?","M","$","?","M","R","BOSS","M","?","?","M","?","E","R","$","T","$","?","M","R","E","R","BOSS","M","?","?","?","?","E","R","?","T","$","E","?","R","M","R","BOSS"],"build_version":"2018-12-20","purchased_purges":0,"victory":false,"max_hp_per_floor":[80,80,80,80,80,80,80,80,80,80,80,80,80,80,80,80,80,83,58,58,61,64,64,64,64,64,64,64,64,64,64,64,64,64,64,64,68,68,68,68,68,68,68,68,68,68,68,68,68,68],"card_choices":[{"not_picked":["Sentinel","Warcry"],"picked":"Thunderclap","floor":1},{"not_picked":["Intimidate","Body Slam"],"picked":"Armaments","floor":3},{"not_picked":["Burning Pact","Dropkick"],"picked":"Clothesline","floor":6},{"not_picked":["Uppercut","Sword Boomerang"],"picked":"Inflame","floor":11},{"not_picked":["Cleave","Wild Strike"],"picked":"Heavy Blade","floor":13},{"not_picked":["Fire Breathing","Warcry"],"picked":"Flex","floor":14},{"not_picked":["Double Tap","Bludgeon"],"picked":"Feed","floor":16},{"not_picked":[],"picked":"Heavy Blade","floor":18},{"not_picked":[],"picked":"Headbutt","floor":21},{"not_picked":[],"picked":"Shrug It Off+1","floor":22},{"not_picked":[],"picked":"Reckless Charge","floor":23},{"not_picked":["Perfected Strike+1"],"picked":"SKIP","floor":29},{"not_picked":[],"picked":"Armaments+1","floor":31},{"not_picked":[],"picked":"Juggernaut","floor":33},{"not_picked":["Warcry"],"picked":"SKIP","floor":35},{"not_picked":[],"picked":"Carnage+1","floor":39},{"not_picked":[],"picked":"Flex+1","floor":40},{"not_picked":[],"picked":"Spot Weakness+1","floor":45},{"not_picked":["Entrench+1"],"picked":"SKIP","floor":48}],"player_experience":390928,"relics_obtained":[{"floor":6,"key":"Boot"},{"floor":7,"key":"Oddly Smooth Stone"},{"floor":9,"key":"Lantern"},{"floor":23,"key":"Anchor"},{"floor":26,"key":"Tiny Chest"},{"floor":31,"key":"Shuriken"},{"floor":36,"key":"Bag of Marbles"},{"floor":37,"key":"Bird Faced Urn"},{"floor":40,"key":"Art of War"},{"floor":42,"key":"Blue Candle"},{"floor":43,"key":"Centennial Puzzle"},{"floor":45,"key":"Pocketwatch"}],"event_choices":[{"damage_healed":0,"gold_gain":0,"player_choice":"Grow","damage_taken":0,"max_hp_gain":0,"max_hp_loss":0,"event_name":"Living Wall","floor":2,"gold_loss":0,"cards_upgraded":["Bash"]},{"damage_healed":0,"gold_gain":0,"player_choice":"Take Damage","damage_taken":20,"relics_obtained":["Golden Idol"],"max_hp_gain":0,"max_hp_loss":0,"event_name":"Golden Idol","floor":4,"gold_loss":0},{"damage_healed":0,"gold_gain":0,"player_choice":"Success","damage_taken":3,"relics_obtained":["Red Skull"],"max_hp_gain":0,"max_hp_loss":0,"event_name":"Scrap Ooze","floor":5,"gold_loss":0},{"damage_healed":0,"gold_gain":0,"player_choice":"Got Potions","damage_taken":0,"max_hp_gain":0,"max_hp_loss":0,"event_name":"Lab","floor":10,"gold_loss":0},{"damage_healed":0,"gold_gain":0,"player_choice":"Became a vampire","damage_taken":0,"max_hp_gain":0,"max_hp_loss":25,"event_name":"Vampires","floor":19,"gold_loss":0,"cards_obtained":["Bite","Bite","Bite","Bite","Bite"]},{"damage_healed":0,"gold_gain":0,"player_choice":"Ignored","damage_taken":0,"max_hp_gain":0,"max_hp_loss":0,"event_name":"Purifier","floor":20,"gold_loss":0},{"cards_removed":["Defend_R"],"damage_healed":0,"gold_gain":0,"player_choice":"Card Removal","damage_taken":0,"max_hp_gain":0,"max_hp_loss":0,"event_name":"Wheel of Change","floor":28,"gold_loss":0},{"damage_healed":0,"gold_gain":0,"player_choice":"Fight","damage_taken":0,"max_hp_gain":0,"max_hp_loss":0,"event_name":"MindBloom","floor":37,"gold_loss":0},{"damage_healed":0,"gold_gain":333,"player_choice":"Gave Idol","damage_taken":0,"max_hp_gain":0,"max_hp_loss":0,"event_name":"The Moai Head","floor":38,"relics_lost":["Golden Idol"],"gold_loss":0}],"is_beta":false,"boss_relics":[{"not_picked":["Velvet Choker","Runic Cube"],"picked":"Busted Crown"},{"not_picked":["Runic Pyramid","Eternal Feather"],"picked":"Lizard Tail"}],"items_purged_floors":[],"is_endless":false,"potions_floor_spawned":[1,6,16,18,22,31,33,35,37,45],"killed_by":"Awakened One","ascension_level":2}