{"gold_per_floor":[115,127,139,104,120,120,150,0,0,30,30,30,30,30,30,107,107,107,107,107,107,107,107,107,107,107,107,107,107,107,107,107,107],"floor_reached":33,"playtime":2609,"items_purged":[],"score":502,"play_id":"32b6492f-0e0a-4487-848e-1eaa43c9a2ab","local_time":"20190225104916","is_ascension_mode":true,"campfire_choices":[{"data":"Fission","floor":6,"key":"SMITH"},{"floor":13,"key":"REST"},{"data":"Zap","floor":15,"key":"SMITH"},{"floor":23,"key":"REST"},{"floor":27,"key":"REST"},{"floor":30,"key":"REST"},{"floor":32,"key":"REST"}],"neow_cost":"NONE","seed_source_timestamp":237761686100,"circlet_count":0,"master_deck":["AscendersBane","Strike_B","Strike_B","Strike_B","Strike_B","Defend_B","Defend_B","Defend_B","Defend_B","Zap+1","Dualcast","Loop","Doom and Gloom","Sweeping Beam","Fission+1","Ball Lightning","Conserve Battery","Core Surge","Glacier","Thunder Strike","Leap","Multi-Cast","Go for the Eyes"],"relics":["Cracked Core","Lantern","Anchor","PreservedInsect","Boot","Letter Opener","Smiling Mask","Ectoplasm","GremlinMask","Mercury Hourglass","The Courier","Blood Vial"],"potions_floor_usage":[7,7,24,24,29,33,33],"damage_taken":[{"damage":1,"enemies":"Cultist","floor":1,"turns":4},{"damage":10,"enemies":"2 Louse","floor":2,"turns":3},{"damage":7,"enemies":"Jaw Worm","floor":3,"turns":4},{"damage":0,"enemies":"Large Slime","floor":5,"turns":3},{"damage":12,"enemies":"Gremlin Nob","floor":7,"turns":4},{"damage":30,"enemies":"Lagavulin","floor":10,"turns":5},{"damage":31,"enemies":"The Guardian","floor":16,"turns":11},{"damage":18,"enemies":"Spheric Guardian","floor":18,"turns":4},{"damage":0,"enemies":"3 Byrds","floor":20,"turns":3},{"damage":18,"enemies":"3 Cultists","floor":21,"turns":6},{"damage":20,"enemies":"Book of Stabbing","floor":24,"turns":5},{"damage":18,"enemies":"Snecko","floor":25,"turns":4},{"damage":2,"enemies":"Chosen and Byrds","floor":28,"turns":4},{"damage":13,"enemies":"Slavers","floor":29,"turns":5},{"damage":25,"enemies":"Cultist and Chosen","floor":31,"turns":6},{"damage":55,"enemies":"Collector","floor":33,"turns":6}],"seed_played":"-7787642756602565092","potions_obtained":[{"floor":1,"key":"FocusPotion"},{"floor":2,"key":"SpeedPotion"},{"floor":5,"key":"Weak Potion"},{"floor":22,"key":"LiquidBronze"},{"floor":22,"key":"Regen Potion"},{"floor":25,"key":"SneckoOil"},{"floor":28,"key":"SneckoOil"},{"floor":31,"key":"GamblersBrew"}],"is_trial":false,"path_per_floor":["M","M","M","?","M","R","E","$","T","E","?","$","R","?","R","B",null,"M","?","M","M","?","R","E","M","T","R","M","E","R","M","R","B"],"character_chosen":"DEFECT","items_purchased":["PreservedInsect"],"campfire_rested":5,"item_purchase_floors":[8],"current_hp_per_floor":[63,53,46,63,63,63,51,51,51,21,21,21,42,39,39,8,55,37,37,37,19,19,40,34,16,16,37,35,22,43,20,41,0],"gold":107,"neow_bonus":"RANDOM_COMMON_RELIC","is_prod":false,"is_daily":false,"chose_seed":false,"campfire_upgraded":2,"win_rate":0,"timestamp":1551109756,"path_taken":["M","M","M","?","M","R","E","$","T","E","?","?","R","?","R","BOSS","M","?","?","M","?","R","E","M","T","R","M","E","R","M","R","BOSS"],"build_version":"2019-01-23","purchased_purges":0,"victory":false,"max_hp_per_floor":[71,71,71,71,71,71,71,71,71,71,71,71,71,71,71,71,71,71,71,71,71,71,71,71,71,71,71,71,71,71,71,71,71],"card_choices":[{"not_picked":["Steam","Cold Snap"],"picked":"Loop","floor":1},{"not_picked":["Darkness","Storm"],"picked":"Doom and Gloom","floor":2},{"not_picked":["Force Field","Barrage"],"picked":"Sweeping Beam","floor":3},{"not_picked":["Turbo","Barrage"],"picked":"Fission","floor":5},{"not_picked":["Cold Snap","Stack"],"picked":"Ball Lightning","floor":7},{"not_picked":["Coolheaded","Steam"],"picked":"Conserve Battery","floor":10},{"not_picked":["Buffer","Reboot"],"picked":"Core Surge","floor":16},{"not_picked":["Double Energy","Compile Driver"],"picked":"Glacier","floor":18},{"not_picked":["Aggregate","Scrape","Turbo"],"picked":"SKIP","floor":20},{"not_picked":["Storm+1","Gash","Auto Shields+1"],"picked":"SKIP","floor":21},{"not_picked":["Tempest","Turbo"],"picked":"Thunder Strike","floor":24},{"not_picked":["Sweeping Beam","Cold Snap","BootSequence"],"picked":"SKIP","floor":25},{"not_picked":["Streamline","Beam Cell"],"picked":"Leap","floor":28},{"not_picked":["Sweeping Beam","Beam Cell"],"picked":"Multi-Cast","floor":29},{"not_picked":["Aggregate","Cold Snap"],"picked":"Go for the Eyes","floor":31}],"player_experience":1333098,"relics_obtained":[{"floor":7,"key":"Anchor"},{"floor":9,"key":"Boot"},{"floor":10,"key":"Letter Opener"},{"floor":24,"key":"Mercury Hourglass"},{"floor":26,"key":"The Courier"},{"floor":29,"key":"Blood Vial"}],"event_choices":[{"damage_healed":17,"gold_gain":0,"player_choice":"Healed","damage_taken":0,"max_hp_gain":0,"max_hp_loss":0,"event_name":"The Cleric","floor":4,"gold_loss":35},{"damage_healed":0,"gold_gain":0,"player_choice":"Ignored","damage_taken":0,"max_hp_gain":0,"max_hp_loss":0,"event_name":"Liars Game","floor":11,"gold_loss":0},{"damage_healed":0,"gold_gain":0,"player_choice":"Success","damage_taken":3,"relics_obtained":["Smiling Mask"],"max_hp_gain":0,"max_hp_loss":0,"event_name":"Scrap Ooze","floor":14,"gold_loss":0},{"damage_healed":0,"gold_gain":0,"player_choice":"Trade","damage_taken":0,"relics_obtained":["GremlinMask"],"max_hp_gain":0,"max_hp_loss":0,"event_name":"FaceTrader","floor":19,"gold_loss":0},{"damage_healed":0,"gold_gain":0,"player_choice":"Got Potions","damage_taken":0,"max_hp_gain":0,"max_hp_loss":0,"event_name":"Lab","floor":22,"gold_loss":0}],"is_beta":false,"boss_relics":[{"not_picked":["Tiny House","Astrolabe"],"picked":"Ectoplasm"}],"items_purged_floors":[],"is_endless":false,"potions_floor_spawned":[1,2,5,25,28,31],"killed_by":"Collector","ascension_level":14}