{"gold_per_floor":[119,131,150,163,96,123,136,161,185,185,185,214,229,249,249,349,349,304,304,304,304,304,304,304,304,304,304,304,304,304,304,304,304,304,304,304,304,304,304,304,304,304,304,304,304,99,99,99,99,99],"floor_reached":51,"playtime":7695,"items_purged":["Writhe"],"score":797,"play_id":"d0731b4e-f6c8-4371-b308-bd9dd7e66be8","local_time":"20190301045405","is_ascension_mode":false,"campfire_choices":[{"data":"Noxious Fumes","floor":10.0,"key":"SMITH"},{"data":"Neutralize","floor":15.0,"key":"SMITH"},{"floor":32.0,"key":"REST"},{"data":"Malaise","floor":49,"key":"SMITH"}],"neow_cost":"NONE","seed_source_timestamp":45782094870200,"circlet_count":0,"master_deck":["Defend_G","Defend_G","Defend_G","Defend_G+1","Defend_G","Strike_G","Strike_G","Strike_G","Strike_G","Survivor","Neutralize+1","Cloak And Dagger","Predator","Dash","Dagger Spray","Noxious Fumes+1","Infinite Blades","Cloak And Dagger+1","Dodge and Roll","PiercingWail","Malaise+1","Blur","Finisher+1","Leg Sweep","Dash+1","PiercingWail+1","Malaise","Backflip+1","Deflect+1","Noxious Fumes+1","Crippling Poison+1","Noxious Fumes+1","Backflip+1","Purity","Noxious Fumes","Backflip+1"],"special_seed":0,"relics":["Ring of the Snake","Oddly Smooth Stone","Snake Skull","War Paint","PreservedInsect","Ectoplasm","Bronze Scales","Gremlin Horn","Art of War","StoneCalendar","Enchiridion","Coffee Dripper","Orichalcum","Lantern","Anchor"],"potions_floor_usage":[47,50,50],"damage_taken":[{"damage":2.0,"enemies":"Small Slimes","floor":1.0,"turns":5.0},{"damage":0.0,"enemies":"Cultist","floor":2.0,"turns":4.0},{"damage":0.0,"enemies":"Jaw Worm","floor":3.0,"turns":3.0},{"damage":2.0,"enemies":"Looter","floor":4.0,"turns":3.0},{"damage":11.0,"enemies":"Lagavulin","floor":6.0,"turns":9.0},{"damage":1.0,"enemies":"Gremlin Gang","floor":7.0,"turns":4.0},{"damage":3.0,"enemies":"3 Sentries","floor":8.0,"turns":6.0},{"damage":2.0,"enemies":"Lagavulin","floor":12.0,"turns":5.0},{"damage":0.0,"enemies":"Blue Slaver","floor":13.0,"turns":4.0},{"damage":2.0,"enemies":"Exordium Wildlife","floor":14.0,"turns":5.0},{"damage":4.0,"enemies":"The Guardian","floor":16.0,"turns":10.0},{"damage":4.0,"enemies":"2 Thieves","floor":18.0,"turns":4.0},{"damage":0.0,"enemies":"3 Byrds","floor":19.0,"turns":5.0},{"damage":2.0,"enemies":"Centurion and Healer","floor":20.0,"turns":7.0},{"damage":7.0,"enemies":"3 Cultists","floor":21.0,"turns":6.0},{"damage":5.0,"enemies":"Slavers","floor":23.0,"turns":4.0},{"damage":6.0,"enemies":"Snake Plant","floor":24.0,"turns":5.0},{"damage":4.0,"enemies":"Gremlin Leader","floor":25.0,"turns":5.0},{"damage":0.0,"enemies":"Snecko","floor":27.0,"turns":6.0},{"damage":12.0,"enemies":"Slavers","floor":29.0,"turns":5.0},{"damage":0.0,"enemies":"Centurion and Healer","floor":30.0,"turns":6.0},{"damage":14.0,"enemies":"Collector","floor":33.0,"turns":12.0},{"damage":6.0,"enemies":"Orb Walker","floor":35.0,"turns":3.0},{"damage":1.0,"enemies":"3 Shapes","floor":36.0,"turns":5.0},{"damage":10.0,"enemies":"Sphere and 2 Shapes","floor":37.0,"turns":6.0},{"damage":10.0,"enemies":"Giant Head","floor":40.0,"turns":8.0},{"damage":0.0,"enemies":"3 Darklings","floor":41.0,"turns":6.0},{"damage":0,"enemies":"Maw","floor":42,"turns":8},{"damage":5,"enemies":"Spire Growth","floor":44,"turns":5},{"damage":0,"enemies":"3 Darklings","floor":45,"turns":4},{"damage":16,"enemies":"Nemesis","floor":47,"turns":6},{"damage":5,"enemies":"Awakened One","floor":50,"turns":13}],"seed_played":"-7415139572415849482","potions_obtained":[{"floor":3.0,"key":"FearPotion"},{"floor":4.0,"key":"SkillPotion"},{"floor":6.0,"key":"Explosive Potion"},{"floor":12.0,"key":"Strength Potion"},{"floor":14.0,"key":"AttackPotion"},{"floor":19.0,"key":"SkillPotion"},{"floor":20.0,"key":"SkillPotion"},{"floor":21.0,"key":"Block Potion"},{"floor":29.0,"key":"Energy Potion"},{"floor":30.0,"key":"FearPotion"},{"floor":33.0,"key":"Fruit Juice"},{"floor":37.0,"key":"Ancient Potion"},{"floor":40.0,"key":"Weak Potion"},{"floor":41.0,"key":"Weak Potion"},{"floor":47,"key":"Explosive Potion"}],"is_trial":false,"path_per_floor":["M","M","M","M","$","E","M","E","T","R","?","E","M","M","R","B",null,"M","M","M","M","?","E","M","E","T","M","?","E","M","?","R","B",null,"M","M","M","?","?","E","M","M","T","M","M","$","E","$","R","B",null],"character_chosen":"THE_SILENT","items_purchased":["Noxious Fumes","Purity","Noxious Fumes"],"campfire_rested":1,"item_purchase_floors":[5,46,46],"current_hp_per_floor":[75,75,75,73,73,62,61,58,58,58,58,56,56,54,54,50,77,73,73,71,64,64,59,53,49,49,49,49,37,37,21,44,30,77,71,70,65,82,82,72,72,72,72,67,67,67,51,51,51,46],"gold":99,"neow_bonus":"TEN_PERCENT_HP_BONUS","is_prod":false,"is_daily":false,"chose_seed":false,"campfire_upgraded":3,"win_rate":0,"timestamp":1551444845,"path_taken":["M","M","M","M","$","E","M","E","T","R","?","E","M","?","R","BOSS","M","M","M","M","?","E","M","E","T","M","?","E","?","?","R","BOSS","M","M","M","?","?","E","M","?","T","M","M","$","E","?","R","BOSS"],"build_version":"2019-01-23","purchased_purges":1,"victory":true,"max_hp_per_floor":[77,77,77,77,77,77,77,77,77,77,77,77,77,77,77,77,77,77,77,77,77,77,77,77,77,77,77,77,77,77,77,77,77,77,77,77,82,82,82,82,82,82,82,82,82,82,82,82,82,82],"card_choices":[{"not_picked":["Dodge and Roll","Blade Dance"],"picked":"Cloak And Dagger","floor":1.0},{"not_picked":["Deflect","Catalyst"],"picked":"Predator","floor":2.0},{"not_picked":["Sucker Punch","Poisoned Stab"],"picked":"Dash","floor":3.0},{"not_picked":["Tools of the Trade","Outmaneuver"],"picked":"Dagger Spray","floor":4.0},{"not_picked":["Escape Plan","Sucker Punch"],"picked":"Infinite Blades","floor":6.0},{"not_picked":["Poisoned Stab","Deadly Poison","Predator"],"picked":"SKIP","floor":7.0},{"not_picked":["Outmaneuver","Dagger Spray"],"picked":"Cloak And Dagger","floor":8.0},{"not_picked":["Tactician","Slice"],"picked":"Dodge and Roll","floor":12.0},{"not_picked":["Bouncing Flask","Escape Plan"],"picked":"PiercingWail","floor":13.0},{"not_picked":["Dagger Spray","Sucker Punch","Slice"],"picked":"SKIP","floor":14.0},{"not_picked":["Night Terror","Bullet Time"],"picked":"Malaise","floor":16.0},{"not_picked":["Dodge and Roll","Crippling Poison"],"picked":"Blur","floor":18.0},{"not_picked":["Dagger Spray+1","Distraction+1","Sucker Punch"],"picked":"SKIP","floor":19.0},{"not_picked":["Dodge and Roll","Blade Dance","Calculated Gamble"],"picked":"SKIP","floor":20.0},{"not_picked":["Choke","Backflip"],"picked":"Finisher+1","floor":21.0},{"not_picked":["Outmaneuver","Acrobatics+1"],"picked":"Dash+1","floor":23.0},{"not_picked":["Poisoned Stab","Finisher","Underhanded Strike+1"],"picked":"SKIP","floor":24.0},{"not_picked":["Deadly Poison","Dodge and Roll","Sucker Punch+1"],"picked":"SKIP","floor":25.0},{"not_picked":["Underhanded Strike","Expertise","Dagger Throw"],"picked":"SKIP","floor":27.0},{"not_picked":["Terror","Tactician"],"picked":"PiercingWail+1","floor":29.0},{"not_picked":["Flechettes","Endless Agony","Phantasmal Killer"],"picked":"SKIP","floor":30.0},{"not_picked":["Wraith Form v2","Tools of the Trade"],"picked":"Malaise","floor":33.0},{"not_picked":["Sucker Punch+1","Crippling Poison","Accuracy+1"],"picked":"SKIP","floor":35.0},{"not_picked":["Dagger Throw+1","Crippling Poison+1"],"picked":"Backflip+1","floor":36.0},{"not_picked":["Slice+1","Distraction+1"],"picked":"Deflect+1","floor":37.0},{"not_picked":["Wraith Form v2","Backflip"],"picked":"Crippling Poison+1","floor":40.0},{"not_picked":["Underhanded Strike+1","Dagger Spray+1"],"picked":"Noxious Fumes+1","floor":41.0},{"not_picked":["All Out Attack+1","Backstab","Cloak And Dagger"],"picked":"SKIP","floor":42},{"not_picked":["Prepared","All Out Attack+1"],"picked":"Backflip+1","floor":44},{"not_picked":["Outmaneuver+1","Bane","Flying Knee+1"],"picked":"SKIP","floor":45},{"not_picked":["Riddle With Holes","Tactician"],"picked":"Backflip+1","floor":47}],"player_experience":79399,"relics_obtained":[{"floor":6.0,"key":"Oddly Smooth Stone"},{"floor":8.0,"key":"Snake Skull"},{"floor":9.0,"key":"War Paint"},{"floor":12.0,"key":"PreservedInsect"},{"floor":23.0,"key":"Bronze Scales"},{"floor":25.0,"key":"Gremlin Horn"},{"floor":26.0,"key":"Art of War"},{"floor":29.0,"key":"StoneCalendar"},{"floor":31.0,"key":"Enchiridion"},{"floor":40.0,"key":"Orichalcum"},{"floor":43,"key":"Lantern"},{"floor":47,"key":"Anchor"}],"event_choices":[{"damage_healed":0.0,"max_hp_gain":0.0,"max_hp_loss":0.0,"gold_gain":0.0,"event_name":"NoteForYourself","player_choice":"Ignored","floor":11.0,"gold_loss":0.0,"damage_taken":0.0},{"damage_healed":0.0,"max_hp_gain":0.0,"max_hp_loss":0.0,"gold_gain":0.0,"event_name":"The Library","player_choice":"Read","floor":22.0,"gold_loss":0.0,"damage_taken":0.0,"cards_obtained":["Leg Sweep"]},{"cards_removed":["Strike_G"],"damage_healed":0.0,"max_hp_gain":0.0,"max_hp_loss":0.0,"gold_gain":0.0,"event_name":"Purifier","player_choice":"Purged","floor":28.0,"gold_loss":0.0,"damage_taken":0.0},{"damage_healed":0.0,"max_hp_gain":0.0,"max_hp_loss":0.0,"gold_gain":0.0,"event_name":"Cursed Tome","player_choice":"Obtained Book","floor":31.0,"gold_loss":0.0,"damage_taken":16.0},{"damage_healed":21.0,"max_hp_gain":0.0,"max_hp_loss":0.0,"gold_gain":0.0,"event_name":"Winding Halls","player_choice":"Writhe","floor":38.0,"gold_loss":0.0,"damage_taken":0.0,"cards_obtained":["Writhe"]},{"damage_healed":0.0,"max_hp_gain":0.0,"max_hp_loss":0.0,"gold_gain":0.0,"event_name":"Duplicator","player_choice":"Copied","floor":39.0,"gold_loss":0.0,"damage_taken":0.0,"cards_obtained":["Noxious Fumes"]}],"is_beta":false,"boss_relics":[{"not_picked":["HoveringKite","White Beast Statue"],"picked":"Ectoplasm"},{"not_picked":["Orrery","Snecko Eye"],"picked":"Coffee Dripper"}],"items_purged_floors":[46],"is_endless":false,"potions_floor_spawned":[3,4,6,12,14,19,20,21,29,30,33,37,40,41,47],"ascension_level":0}