{"gold_per_floor":[409,424,444,444,45,70,70,70,70,94,269,288,288,306,306,430,430,444,460,0,23,48,48,68,88,166,166,166,179,179,204,204,204],"floor_reached":33,"playtime":1520,"items_purged":["Injury"],"score":295,"play_id":"d3367b6d-ec2d-4e3a-b4a1-3802ccc307fb","local_time":"20180704232820","is_ascension_mode":false,"campfire_choices":[{"floor":7,"key":"REST"},{"floor":13,"key":"REST"},{"floor":15,"key":"REST"},{"data":"Tempest","floor":23,"key":"SMITH"},{"floor":27,"key":"REST"},{"floor":32,"key":"REST"}],"neow_cost":"FIFTY_PERCENT_DAMAGE","seed_source_timestamp":1834164068264430,"circlet_count":0,"master_deck":["Strike_B","Strike_B","Strike_B","Strike_B","Defend_B","Defend_B","Defend_B","Defend_B","Zap","Dualcast","Ball Lightning","Genetic Algorithm","Ball Lightning","Capacitor","Core Surge+1","Tempest+1","Turbo","Blizzard+1","Biased Cognition","Stack","Redo","Sunder+1","Redo","Self Repair","Barrage+1","Self Repair","Defragment","Barrage+1","Barrage+1"],"relics":["Cracked Core","Old Coin","Golden Idol","Molten Egg 2","Mummified Hand","Question Card","Nuclear Battery","Bottled Tornado","Shuriken"],"potions_floor_usage":[16,16,25,25,31,33,33],"damage_taken":[{"damage":1,"enemies":"Jaw Worm","floor":1,"turns":4},{"damage":1,"enemies":"Cultist","floor":2,"turns":3},{"damage":4,"enemies":"2 Louse","floor":3,"turns":2},{"damage":4,"enemies":"Blue Slaver","floor":6,"turns":4},{"damage":5,"enemies":"3 Louse","floor":10,"turns":4},{"damage":18,"enemies":"Exordium Wildlife","floor":12,"turns":5},{"damage":13,"enemies":"Gremlin Gang","floor":14,"turns":3},{"damage":0,"enemies":"Slime Boss","floor":16,"turns":5},{"damage":0,"enemies":"Spheric Guardian","floor":18,"turns":3},{"damage":9,"enemies":"Shell Parasite","floor":19,"turns":4},{"damage":12,"enemies":"Sentry and Sphere","floor":21,"turns":5},{"damage":27,"enemies":"3 Cultists","floor":22,"turns":5},{"damage":32,"enemies":"Snake Plant","floor":24,"turns":4},{"damage":19,"enemies":"Cultist and Chosen","floor":25,"turns":6},{"damage":40,"enemies":"Slaver and Parasite","floor":29,"turns":5},{"damage":6,"enemies":"Sentry and Sphere","floor":31,"turns":4},{"damage":53,"enemies":"Collector","floor":33,"turns":5}],"seed_played":"4871086502097501997","potions_obtained":[{"floor":1,"key":"Fire Potion"},{"floor":6,"key":"FearPotion"},{"floor":14,"key":"FocusPotion"},{"floor":16,"key":"Regen Potion"},{"floor":19,"key":"PowerPotion"},{"floor":25,"key":"Block Potion"},{"floor":29,"key":"SkillPotion"},{"floor":31,"key":"FearPotion"}],"is_trial":false,"path_per_floor":["M","M","M","?","$","M","R","?","T","M","?","M","R","M","R","B",null,"M","M","$","M","M","R","M","M","T","R","?","M","?","M","R"],"character_chosen":"DEFECT","items_purchased":["Capacitor","Molten Egg 2","Sunder+1","Bottled Tornado","Redo","Self Repair"],"campfire_rested":5,"item_purchase_floors":[5,5,20,20,20,20],"current_hp_per_floor":[37,36,32,32,32,28,50,47,47,42,42,24,46,33,55,55,75,75,66,66,61,41,41,16,26,26,48,48,22,22,30,52,0],"gold":204,"neow_bonus":"ONE_RARE_RELIC","is_prod":false,"is_daily":false,"chose_seed":false,"campfire_upgraded":1,"win_rate":0,"timestamp":1530761300,"path_taken":["M","M","M","?","$","M","R","?","T","M","?","M","R","M","R","BOSS","M","M","$","?","M","R","M","M","T","R","?","M","?","?","R","BOSS"],"build_version":"2018-06-28","purchased_purges":1,"victory":false,"max_hp_per_floor":[75,75,75,75,75,75,75,75,75,75,75,75,75,75,75,75,75,75,75,75,75,75,75,75,75,75,75,75,75,75,75,75,75],"card_choices":[{"not_picked":["Leap","Conserve Battery"],"picked":"Ball Lightning","floor":1},{"not_picked":["Coolheaded","Hologram"],"picked":"Genetic Algorithm","floor":2},{"not_picked":["Go for the Eyes","Blizzard"],"picked":"Ball Lightning","floor":3},{"not_picked":["Turbo","Auto Shields"],"picked":"Core Surge+1","floor":6},{"not_picked":["Doom and Gloom+1","Ball Lightning+1","Turbo"],"picked":"Tempest","floor":10},{"not_picked":["Beam Cell+1","Steam","Rainbow"],"picked":"Turbo","floor":12},{"not_picked":["Ball Lightning+1","Turbo","Lockon+1"],"picked":"Blizzard+1","floor":14},{"not_picked":["Buffer","Reboot","Rainbow"],"picked":"Biased Cognition","floor":16},{"not_picked":["Coolheaded","Steam+1","Aggregate"],"picked":"Stack","floor":18},{"not_picked":["Gash+1","Compile Driver+1","Sweeping Beam+1"],"picked":"Redo","floor":19},{"not_picked":["Streamline+1","Gash+1","Hologram","Go for the Eyes+1"],"picked":"SKIP","floor":21},{"not_picked":["Leap","Skim","Amplify"],"picked":"Barrage+1","floor":22},{"not_picked":["Coolheaded","Go for the Eyes+1","Compile Driver+1"],"picked":"Self Repair","floor":24},{"not_picked":["Turbo","Rebound+1","White Noise"],"picked":"Defragment","floor":25},{"not_picked":["Redo","Force Field+1","Recycle"],"picked":"Barrage+1","floor":29},{"not_picked":["Sunder+1","Turbo+1","Redo"],"picked":"Barrage+1","floor":31}],"player_experience":553469,"relics_obtained":[{"floor":9,"key":"Question Card"},{"floor":26,"key":"Shuriken"}],"event_choices":[{"event_name":"Golden Idol","player_choice":"Take Wound","floor":4,"damage_taken":0},{"event_name":"Scrap Ooze","player_choice":"success","floor":8,"damage_taken":3},{"event_name":"Liars Game","player_choice":"agreed","floor":11,"damage_taken":0},{"event_name":"Back to Basics","player_choice":"Elegance","floor":28,"damage_taken":0},{"event_name":"Drug Dealer","player_choice":"Ignored","floor":30,"damage_taken":0}],"boss_relics":[{"not_picked":["Velvet Choker","Black Star"],"picked":"Nuclear Battery"}],"items_purged_floors":[5],"is_endless":false,"potions_floor_spawned":[1,6,14,16,19,25,29,31],"killed_by":"Collector","ascension_level":0}