{"gold_per_floor":[113,123,73,348,227,227,253,89,112,124,137,137,137,153,153,153],"floor_reached":16,"playtime":638,"items_purged":["Regret"],"score":100,"play_id":"01db553a-e843-4755-8034-d6289ecc3857","local_time":"20190113201113","is_ascension_mode":false,"campfire_choices":[{"data":"Sword Boomerang","floor":6,"key":"SMITH"},{"data":"Limit Break","floor":15,"key":"SMITH"}],"neow_cost":"NONE","seed_source_timestamp":399224503641966,"circlet_count":0,"master_deck":["Strike_R","Strike_R","Defend_R","Defend_R","Defend_R","Defend_R","Bash","Intimidate","Heavy Blade","Sword Boomerang+1","Shrug It Off","Limit Break+1","Cleave","Sword Boomerang","True Grit"],"relics":["Burning Blood","Darkstone Periapt","PreservedInsect","Dream Catcher"],"potions_floor_usage":[16,16],"damage_taken":[{"damage":0,"enemies":"Cultist","floor":1,"turns":3},{"damage":0,"enemies":"Small Slimes","floor":2,"turns":3},{"damage":27,"enemies":"Gremlin Nob","floor":7,"turns":4},{"damage":1,"enemies":"2 Louse","floor":10,"turns":3},{"damage":1,"enemies":"Exordium Wildlife","floor":11,"turns":3},{"damage":11,"enemies":"Lots of Slimes","floor":14,"turns":3},{"damage":52,"enemies":"The Guardian","floor":16,"turns":15}],"seed_played":"1204712137331865298","potions_obtained":[{"floor":1,"key":"LiquidBronze"},{"floor":11,"key":"Block Potion"},{"floor":14,"key":"Ancient Potion"}],"is_trial":false,"path_per_floor":["M","M","?","?","$","R","E","$","T","M","M","?","?","M","R","B"],"character_chosen":"IRONCLAD","items_purchased":["Shrug It Off","Limit Break"],"campfire_rested":0,"item_purchase_floors":[5,8],"current_hp_per_floor":[80,80,80,80,80,80,59,59,59,64,69,57,57,52,52,0],"gold":153,"neow_bonus":"TRANSFORM_CARD","is_prod":false,"is_daily":false,"chose_seed":false,"campfire_upgraded":2,"win_rate":0,"timestamp":1547428273,"path_taken":["M","M","?","?","$","R","E","$","T","?","M","?","?","M","R","BOSS"],"build_version":"2019-01-10","purchased_purges":1,"victory":false,"max_hp_per_floor":[80,80,80,80,80,80,80,80,80,80,80,80,80,80,80,80],"card_choices":[{"not_picked":["Corruption","Clash"],"picked":"Heavy Blade","floor":1},{"not_picked":["Anger","Clothesline"],"picked":"Sword Boomerang","floor":2},{"not_picked":["Anger","Fiend Fire","Perfected Strike"],"picked":"SKIP","floor":7},{"not_picked":["Iron Wave","Flame Barrier"],"picked":"Cleave","floor":10},{"not_picked":["Pummel","Evolve"],"picked":"Sword Boomerang","floor":11},{"not_picked":["Feel No Pain","Perfected Strike"],"picked":"True Grit","floor":14}],"player_experience":932376,"relics_obtained":[{"floor":7,"key":"Darkstone Periapt"},{"floor":9,"key":"PreservedInsect"}],"event_choices":[{"cards_removed":["Strike_R"],"damage_healed":0,"gold_gain":0,"player_choice":"Card Removal","damage_taken":0,"max_hp_gain":0,"max_hp_loss":0,"event_name":"The Cleric","floor":3,"gold_loss":50},{"damage_healed":0,"gold_gain":275,"player_choice":"Desecrate","damage_taken":0,"max_hp_gain":0,"max_hp_loss":0,"event_name":"Golden Shrine","floor":4,"gold_loss":0,"cards_obtained":["Regret"]},{"damage_healed":0,"gold_gain":0,"player_choice":"Success","damage_taken":12,"relics_obtained":["Dream Catcher"],"max_hp_gain":0,"max_hp_loss":0,"event_name":"Scrap Ooze","floor":12,"gold_loss":0},{"cards_removed":["Strike_R"],"damage_healed":0,"gold_gain":0,"player_choice":"Offered Basic","damage_taken":0,"max_hp_gain":0,"max_hp_loss":0,"event_name":"Bonfire Elementals","floor":13,"gold_loss":0}],"is_beta":false,"boss_relics":[],"items_purged_floors":[5],"is_endless":false,"potions_floor_spawned":[1,11,14],"killed_by":"The Guardian","ascension_level":0}