{"path_per_floor":["M","M","?","?","M","E","M","M","T","M","M","M","?","$","R"],"character_chosen":"THE_SILENT","items_purchased":["Apotheosis","Bandage Up"],"gold_per_floor":[110,128,128,128,146,171,189,205,231,249,268,278,307,5,5],"floor_reached":16,"campfire_rested":1,"playtime":892,"current_hp_per_floor":[68,68,68,68,67,57,56,40,40,40,33,14,5,5,26],"items_purged":[],"gold":5,"score":106,"play_id":"4e778424-c0af-42a7-a96c-24769522850f","local_time":"20180304191954","is_prod":false,"is_daily":false,"is_ascension_mode":false,"campfire_upgraded":0,"timestamp":1520209194,"path_taken":["M","M","?","?","M","E","M","M","T","M","M","M","?","?","R","BOSS"],"build_version":"2018-03-01-PROD1","purchased_purges":0,"victory":false,"master_deck":["Defend_G","Defend_G","Defend_G","Strike_G","Strike_G","Strike_G","Strike_G","Strike_G","Survivor","Neutralize","After Image","A Thousand Cuts","Backflip","Dodge and Roll","Calculated Gamble","Noxious Fumes","After Image","Noxious Fumes","Noxious Fumes","Blade Dance","Deadly Poison","Blur","Apotheosis","Bandage Up"],"max_hp_per_floor":[70,70,70,70,70,70,70,70,70,70,70,70,70,70,70],"relics":["Ring of the Snake","Happy Flower","Anchor","Odd Mushroom"],"card_choices":[{"not_picked":["Calculated Gamble","Poisoned Stab"],"picked":"A Thousand Cuts"},{"not_picked":["Deflect","All Out Attack"],"picked":"Backflip"},{"not_picked":["Backflip","Poisoned Stab"],"picked":"Calculated Gamble"},{"not_picked":["Deadly Poison","Outmaneuver"],"picked":"Noxious Fumes"},{"not_picked":["Acrobatics","Predator"],"picked":"After Image"},{"not_picked":["Eviscerate","Poisoned Stab"],"picked":"Noxious Fumes"},{"not_picked":["Deadly Poison","Dagger Throw"],"picked":"Noxious Fumes"},{"not_picked":["Deflect","Dagger Spray"],"picked":"Blade Dance"},{"not_picked":["Riddle With Holes","Underhanded Strike"],"picked":"Deadly Poison"},{"not_picked":["Poisoned Stab","Deadly Poison"],"picked":"Blur"}],"player_experience":106890,"potions_floor_usage":[6,6,8,13],"damage_taken":[{"damage":2,"enemies":"2 Louse","floor":1,"turns":4},{"damage":0,"enemies":"Cultist","floor":2,"turns":4},{"damage":1,"enemies":"Small Slimes","floor":5,"turns":4},{"damage":19,"enemies":"Gremlin Nob","floor":6,"turns":5},{"damage":1,"enemies":"2 Fungi Beasts","floor":7,"turns":5},{"damage":16,"enemies":"Exordium Thugs","floor":8,"turns":5},{"damage":0,"enemies":"Looter","floor":10,"turns":4},{"damage":7,"enemies":"Blue Slaver","floor":11,"turns":4},{"damage":19,"enemies":"Gremlin Gang","floor":12,"turns":4},{"damage":9,"enemies":"The Mushroom Lair","floor":13,"turns":4},{"damage":32,"enemies":"The Guardian","floor":16,"turns":2}],"event_choices":[{"event_name":"Transmorgrifier","player_choice":"Transform","floor":3,"damage_taken":0},{"event_name":"Purifier","player_choice":"One Purge","floor":4,"damage_taken":0},{"event_name":"Mushrooms","player_choice":"Fought Mushrooms","floor":13,"damage_taken":0}],"boss_relics":[],"potions_floor_spawned":[1,2,7,11],"seed_played":"-1104419162346507192","killed_by":"The Guardian","ascension_level":0,"is_trial":false}