{"path_per_floor":["M","?","$","?","M","R","M","E","T","E","?","R","M","$","R","B",null,"M","?","$","?","?","R","M","E","T","R","M","E","M","M","R","B",null,"M","?","?","$","?","R","M","R","T","M","?","R","M","M","R"],"character_chosen":"IRONCLAD","items_purchased":["Uppercut","Metallicize","Dropkick","Omamori","Energy Potion"],"gold_per_floor":[114,189,73,23,38,38,50,83,83,109,284,284,301,4,4,101,101,101,101,101,51,51,51,51,51,51,51,51,51,51,51,51,51,51,51,51,51,2,2,2,2,2,2,2,2,2,2,2,2],"floor_reached":50,"campfire_rested":2,"playtime":1911,"current_hp_per_floor":[78,67,67,67,73,73,79,69,69,65,65,65,59,59,59,40,70,74,74,74,74,74,74,72,54,54,78,80,74,72,72,72,36,69,78,78,78,78,80,80,80,80,80,78,80,80,70,70,80],"items_purged":["Doubt"],"gold":2,"score":683,"play_id":"772e510a-3bf6-44fc-a99d-f5d871febd2f","local_time":"20180319211043","is_prod":false,"is_daily":false,"is_ascension_mode":true,"campfire_upgraded":8,"timestamp":1521511843,"path_taken":["BOSS","M","?","$","?","?","R","M","E","T","E","?","R","?","$","R","BOSS","M","?","$","?","?","R","M","E","T","R","M","E","M","M","R","BOSS","M","?","?","$","?","R","M","R","T","M","?","R","?","M","R","BOSS"],"build_version":"2018-03-15v3","purchased_purges":1,"victory":false,"master_deck":["Strike_R","Strike_R","Strike_R","Strike_R","Defend_R","Defend_R","Defend_R","Defend_R","Bash+1","Dropkick","Uppercut+1","Metallicize+1","Seeing Red+1","Limit Break+1","Thunderclap","Dropkick","Bludgeon+1","Whirlwind+1","Armaments+1","Dropkick","Clash+1","Ghostly Armor+1","Thunderclap","Rampage+1","Flex+1","Pommel Strike+1","Shrug It Off+1"],"max_hp_per_floor":[80,80,80,80,80,80,80,80,80,80,80,80,80,80,80,80,80,80,80,80,80,80,80,80,80,80,80,80,80,80,80,80,80,80,80,80,80,80,80,80,80,80,80,80,80,80,80,80,80],"relics":["Burning Blood","Torii","Bag of Preparation","Orichalcum","Omamori","Ectoplasm","Champion Belt","Magic Flower","Bronze Scales","Cursed Key","Frozen Eye","Sundial"],"card_choices":[{"not_picked":["Twin Strike","Inflame"],"picked":"Dropkick"},{"not_picked":["Infernal Blade","Warcry"],"picked":"Seeing Red"},{"not_picked":["Pummel","Pommel Strike"],"picked":"Limit Break"},{"not_picked":["Iron Wave","Sword Boomerang"],"picked":"Thunderclap"},{"not_picked":["Limit Break","Dark Embrace"],"picked":"Bludgeon"},{"not_picked":["Twin Strike","Pommel Strike"],"picked":"Armaments"},{"not_picked":["Infernal Blade","Sword Boomerang"],"picked":"Dropkick"},{"not_picked":["True Grit","Bloodletting"],"picked":"Battle Trance"},{"not_picked":["Cleave","Corruption"],"picked":"Clash"},{"not_picked":["Clash","Burning Pact"],"picked":"Ghostly Armor"},{"not_picked":["Headbutt","Sword Boomerang"],"picked":"Rampage"},{"not_picked":["Wild Strike","Armaments"],"picked":"Flex"},{"not_picked":["Twin Strike","Heavy Blade"],"picked":"Pommel Strike"},{"not_picked":["Havoc","Heavy Blade"],"picked":"Shrug It Off"}],"player_experience":319521,"potions_floor_usage":[8,24,25,29,31,39,47,50,50],"damage_taken":[{"damage":0,"enemies":"Small Slimes","floor":1,"turns":3},{"damage":0,"enemies":"2 Louse","floor":5,"turns":2},{"damage":0,"enemies":"Cultist","floor":7,"turns":2},{"damage":16,"enemies":"3 Sentries","floor":8,"turns":7},{"damage":10,"enemies":"Gremlin Nob","floor":10,"turns":4},{"damage":12,"enemies":"Gremlin Gang","floor":13,"turns":6},{"damage":25,"enemies":"The Guardian","floor":16,"turns":13},{"damage":2,"enemies":"Shell Parasite","floor":18,"turns":4},{"damage":8,"enemies":"Spheric Guardian","floor":24,"turns":4},{"damage":24,"enemies":"Book of Stabbing","floor":25,"turns":6},{"damage":0,"enemies":"3 Cultists","floor":28,"turns":2},{"damage":15,"enemies":"Slavers","floor":29,"turns":4},{"damage":11,"enemies":"Sentry and Sphere","floor":30,"turns":4},{"damage":9,"enemies":"Slaver and Parasite","floor":31,"turns":5},{"damage":45,"enemies":"Automaton","floor":33,"turns":8},{"damage":0,"enemies":"Orb Walker","floor":35,"turns":2},{"damage":0,"enemies":"Mysterious Sphere","floor":39,"turns":3},{"damage":1,"enemies":"3 Darklings","floor":41,"turns":4},{"damage":11,"enemies":"4 Shapes","floor":44,"turns":5},{"damage":19,"enemies":"Maw","floor":47,"turns":5},{"damage":9,"enemies":"3 Darklings","floor":48,"turns":5},{"damage":92,"enemies":"Time Eater","floor":50,"turns":10}],"event_choices":[{"event_name":"World of Goop","player_choice":"Gather Gold","floor":2,"damage_taken":0},{"event_name":"The Cleric","player_choice":"Card Removal","floor":4,"damage_taken":0},{"event_name":"Liars Game","player_choice":"agreed","floor":11,"damage_taken":0},{"event_name":"The Library","player_choice":"Read","floor":19,"damage_taken":0},{"event_name":"The Joust","player_choice":"Bet on Owner","floor":21,"damage_taken":0},{"event_name":"N\u0027loth","player_choice":"Ignored","floor":22,"damage_taken":0},{"event_name":"Match and Keep!","player_choice":"1 cards matched","floor":37,"damage_taken":0},{"event_name":"Mysterious Sphere","player_choice":"Fight","floor":39,"damage_taken":0},{"event_name":"Winding Halls","player_choice":"Writhe","floor":45,"damage_taken":0}],"boss_relics":[{"not_picked":["Philosopher\u0027s Stone","Question Card"],"picked":"Ectoplasm"},{"not_picked":["Mark of Pain","Black Blood"],"picked":"Cursed Key"}],"potions_floor_spawned":[1,7,8,16,18,25,30,35,41,48],"seed_played":"-6220779444158271420","killed_by":"Time Eater","ascension_level":8,"is_trial":false}