{"gold_per_floor":[117,117,42,56,131,131,146,146,146,146,146,146,162,181,181,286,286,302,313,68,68,168,168,168],"floor_reached":24,"playtime":1960,"items_purged":["Defend_G","Strike_G"],"score":184,"play_id":"8abd6585-d12c-4dee-89e1-334b2990153c","local_time":"20190224140458","is_ascension_mode":false,"campfire_choices":[{"data":"Neutralize","floor":6.0,"key":"SMITH"},{"data":"Defend_G","floor":8.0,"key":"SMITH"},{"data":"Strike_G","floor":12.0,"key":"SMITH"},{"data":"Strike_G","floor":15.0,"key":"SMITH"},{"data":"Defend_G","floor":23,"key":"SMITH"}],"neow_cost":"PERCENT_DAMAGE","seed_source_timestamp":0,"circlet_count":0,"master_deck":["Defend_G+1","Defend_G+1","Strike_G+1","Strike_G+1","Strike_G+1","Survivor+1","Neutralize+1"],"special_seed":0,"relics":["Ring of the Snake","Pantograph","Orichalcum","Runic Pyramid","Membership Card","Pocketwatch","Matryoshka"],"potions_floor_usage":[16,16,22,22],"damage_taken":[{"damage":2.0,"enemies":"2 Louse","floor":1.0,"turns":3.0},{"damage":0.0,"enemies":"Small Slimes","floor":4.0,"turns":4.0},{"damage":0.0,"enemies":"Cultist","floor":7.0,"turns":3.0},{"damage":0.0,"enemies":"3 Louse","floor":13.0,"turns":3.0},{"damage":0.0,"enemies":"Large Slime","floor":14.0,"turns":4.0},{"damage":17,"enemies":"Slime Boss","floor":16,"turns":10},{"damage":2,"enemies":"3 Byrds","floor":18,"turns":6},{"damage":0,"enemies":"Chosen","floor":19,"turns":4},{"damage":10,"enemies":"Colosseum Slavers","floor":22,"turns":5},{"damage":19,"enemies":"Colosseum Nobs","floor":22,"turns":6},{"damage":41,"enemies":"Slavers","floor":24,"turns":6}],"seed_played":"-5482974502404181345","potions_obtained":[{"floor":1.0,"key":"SkillPotion"},{"floor":4.0,"key":"Strength Potion"},{"floor":7.0,"key":"GhostInAJar"},{"floor":18,"key":"Explosive Potion"}],"is_trial":false,"path_per_floor":["M","?","$","M","?","R","M","R","T","?","?","R","M","M","R","B",null,"M","M","$","?","?","R","E"],"character_chosen":"THE_SILENT","items_purchased":["Membership Card"],"campfire_rested":0,"item_purchase_floors":[20],"current_hp_per_floor":[47,33,33,33,22,22,22,22,22,22,10,10,10,10,10,18,70,68,68,68,68,39,39,0],"gold":168,"neow_bonus":"REMOVE_TWO","is_prod":false,"is_daily":false,"chose_seed":false,"campfire_upgraded":5,"win_rate":0,"timestamp":1550984698,"path_taken":["M","?","$","M","?","R","M","R","T","?","?","R","M","M","R","BOSS","M","M","$","?","?","R","E"],"build_version":"2019-01-23","purchased_purges":2,"victory":false,"max_hp_per_floor":[70,70,70,70,70,70,70,70,70,70,70,70,70,70,70,70,70,70,70,70,70,70,70,70],"card_choices":[{"not_picked":["Flechettes","Backflip","Dagger Throw"],"picked":"SKIP","floor":1.0},{"not_picked":["Crippling Poison","Escape Plan","Prepared"],"picked":"SKIP","floor":4.0},{"not_picked":["Deflect","Skewer","Deadly Poison"],"picked":"SKIP","floor":7.0},{"not_picked":["Dagger Spray","Dagger Throw","Sucker Punch"],"picked":"SKIP","floor":13.0},{"not_picked":["Flechettes","Cloak And Dagger","Crippling Poison"],"picked":"SKIP","floor":14.0},{"not_picked":["Prepared","Backflip","Reflex"],"picked":"SKIP","floor":18},{"not_picked":["Acrobatics+1","Dodge and Roll+1","Footwork+1"],"picked":"SKIP","floor":19}],"player_experience":902437,"relics_obtained":[{"floor":9.0,"key":"Pantograph"},{"floor":22,"key":"Pocketwatch"},{"floor":22,"key":"Matryoshka"}],"event_choices":[{"damage_healed":0.0,"max_hp_gain":0.0,"max_hp_loss":0.0,"gold_gain":0.0,"event_name":"Shining Light","player_choice":"Entered Light","floor":2.0,"gold_loss":0.0,"damage_taken":14.0,"cards_upgraded":["Strike_G","Survivor"]},{"damage_healed":0.0,"max_hp_gain":0.0,"max_hp_loss":0.0,"gold_gain":75.0,"event_name":"World of Goop","player_choice":"Gather Gold","floor":5.0,"gold_loss":0.0,"damage_taken":11.0},{"cards_removed":["Defend_G"],"damage_healed":0.0,"max_hp_gain":0.0,"max_hp_loss":0.0,"gold_gain":0.0,"event_name":"Living Wall","player_choice":"Forget","floor":10.0,"gold_loss":0.0,"damage_taken":0.0},{"damage_healed":0.0,"max_hp_gain":0.0,"max_hp_loss":0.0,"gold_gain":0.0,"event_name":"Scrap Ooze","player_choice":"Success","floor":11.0,"gold_loss":0.0,"damage_taken":12.0,"relics_obtained":["Orichalcum"]},{"damage_healed":0,"gold_gain":0,"player_choice":"Fight","damage_taken":0,"max_hp_gain":0,"max_hp_loss":0,"event_name":"Colosseum","floor":22,"gold_loss":0},{"damage_healed":0,"gold_gain":0,"player_choice":"Fought Nobs","damage_taken":0,"max_hp_gain":0,"max_hp_loss":0,"event_name":"Colosseum","floor":22,"gold_loss":0}],"is_beta":false,"boss_relics":[{"not_picked":["Velvet Choker","Fusion Hammer"],"picked":"Runic Pyramid"}],"items_purged_floors":[3,20],"is_endless":false,"potions_floor_spawned":[1,4,7,14,18,22],"killed_by":"Slavers","ascension_level":0}