{"path_per_floor":["M","M","M","$","M","R","?","?","T","M","M","M","M","T","R","B",null,"M","$","M","?","?","R","M","R","T","R","E","T","?","M","R","B",null,"M","?","?","M","?","R","M","M","T","M","R","?","?","M","R","B"],"character_chosen":"THE_SILENT","items_purchased":["Letter Opener","Deflect"],"gold_per_floor":[112,123,143,68,85,85,185,260,260,230,244,260,277,304,304,406,406,425,33,48,48,48,48,64,64,64,64,90,90,90,104,104,204,204,215,215,215,234,214,214,226,239,292,304,304,0,0,19,19,19],"floor_reached":51,"campfire_rested":5,"playtime":4943,"current_hp_per_floor":[70,67,67,67,65,65,65,54,54,54,52,53,51,51,51,42,70,56,56,56,56,56,56,56,56,56,70,58,58,58,54,70,50,70,39,39,39,29,29,50,50,50,50,16,37,37,37,34,55,31],"items_purged":["Strike_G","Finisher"],"gold":19,"score":484,"play_id":"6b27215f-cd17-4f39-ad7a-e4e71ac519bb","is_prod":false,"is_daily":false,"is_ascension_mode":false,"campfire_upgraded":4,"path_taken":["M","M","M","$","M","R","?","?","T","M","M","M","M","?","R","BOSS","M","$","M","?","?","R","?","R","T","R","E","?","?","M","R","BOSS","M","?","?","M","?","R","?","M","T","?","R","?","?","M","R","BOSS"],"build_version":"2018-02-08-PROD1","purchased_purges":2,"victory":true,"master_deck":["Defend_G","Defend_G","Defend_G","Strike_G+1","Survivor","Neutralize","Deflect","Footwork+1","Leg Sweep+1","Footwork+1","Infinite Blades","Doppelganger+1","A Thousand Cuts+1","Acrobatics+1","Quick Slash+1","Dodge and Roll+1","Deflect","Backflip","Flechettes","Dagger Throw","Backstab+1","Backstab","Slice","Adrenaline","Noxious Fumes+1","Terror+1","Footwork+1","Cloak And Dagger","Cloak And Dagger","Tools of the Trade+1","Cloak And Dagger+1","Outmaneuver"],"max_hp_per_floor":[70,70,70,70,70,70,70,70,70,70,70,70,70,70,70,70,70,70,70,70,70,70,70,70,70,70,70,70,70,70,70,70,70,70,70,70,70,70,70,70,70,70,70,70,70,70,70,70,70,70],"relics":["Ring of the Snake","Snake Skull","Whetstone","Prayer Wheel","Astrolabe","Letter Opener","Frozen Egg 2","Frozen Eye","Bag of Marbles","Dream Catcher","Lizard Tail","Lantern","Red Mask"],"card_choices":[{"not_picked":["Finisher","Riddle With Holes"],"picked":"Deflect"},{"not_picked":["Doppelganger","Flying Knee"],"picked":"Footwork"},{"not_picked":["Bane","Blur"],"picked":"Leg Sweep"},{"not_picked":["Outmaneuver","PiercingWail"],"picked":"Footwork"},{"not_picked":["Bouncing Flask","Underhanded Strike"],"picked":"Infinite Blades"},{"not_picked":["Terror","Dodge and Roll"],"picked":"Doppelganger"},{"not_picked":["Adrenaline","Unload"],"picked":"A Thousand Cuts"},{"not_picked":["Poisoned Stab","Distraction"],"picked":"Finisher"},{"not_picked":["Dagger Throw","Underhanded Strike"],"picked":"Backflip"},{"not_picked":["Eviscerate","Footwork"],"picked":"Flechettes"},{"not_picked":["Flying Knee","Die Die Die"],"picked":"Dagger Throw"},{"not_picked":["Heel Hook","Backflip"],"picked":"Backstab"},{"not_picked":["Underhanded Strike","Poisoned Stab"],"picked":"Slice"},{"not_picked":["Doppelganger","Wraith Form"],"picked":"Adrenaline"},{"not_picked":["Flying Knee","Malaise"],"picked":"Noxious Fumes"},{"not_picked":["Dagger Throw","Prepared"],"picked":"Terror"},{"not_picked":["Bane","Underhanded Strike"],"picked":"Footwork"},{"not_picked":["Flying Knee","Deadly Poison"],"picked":"Cloak And Dagger"},{"not_picked":["Quick Slash","Crippling Poison"],"picked":"Cloak And Dagger"},{"not_picked":["Bane","Outmaneuver"],"picked":"Tools of the Trade"},{"not_picked":["Infinite Blades","Acrobatics"],"picked":"Cloak And Dagger"},{"not_picked":["Cloak And Dagger","Crippling Poison"],"picked":"Outmaneuver"}],"player_experience":72987,"potions_floor_usage":[12,16,16,24,33,33,41,42,50],"damage_taken":[{"damage":0,"enemies":"2 Louse","floor":1,"turns":3},{"damage":3,"enemies":"Blue Slaver","floor":2,"turns":5},{"damage":0,"enemies":"Small Slimes","floor":3,"turns":5},{"damage":2,"enemies":"3 Louse","floor":5,"turns":7},{"damage":0,"enemies":"Looter","floor":10,"turns":4},{"damage":2,"enemies":"Large Slime","floor":11,"turns":10},{"damage":11,"enemies":"3 Louse","floor":12,"turns":5},{"damage":2,"enemies":"2 Fungi Beasts","floor":13,"turns":5},{"damage":9,"enemies":"Slime Boss","floor":16,"turns":15},{"damage":14,"enemies":"Spheric Guardian","floor":18,"turns":6},{"damage":0,"enemies":"Shell Parasite","floor":20,"turns":9},{"damage":0,"enemies":"Cultist and Chosen","floor":24,"turns":7},{"damage":12,"enemies":"Gremlin Leader","floor":28,"turns":10},{"damage":4,"enemies":"Centurion and Healer","floor":31,"turns":6},{"damage":20,"enemies":"Collector","floor":33,"turns":13},{"damage":31,"enemies":"3 Darklings","floor":35,"turns":5},{"damage":10,"enemies":"Orb Walker","floor":38,"turns":3},{"damage":0,"enemies":"Sphere and 2 Shapes","floor":41,"turns":4},{"damage":0,"enemies":"4 Shapes","floor":42,"turns":6},{"damage":34,"enemies":"3 Darklings","floor":44,"turns":5},{"damage":3,"enemies":"Maw","floor":48,"turns":8},{"damage":71,"enemies":"Time Eater","floor":50,"turns":16}],"event_choices":[{"event_name":"Wheel of Change","player_choice":"Gold","floor":7,"damage_taken":0},{"event_name":"World of Goop","player_choice":"Gather Gold","floor":8,"damage_taken":0},{"event_name":"Back to Basics","player_choice":"Elegance","floor":21,"damage_taken":0},{"event_name":"The Mausoleum","player_choice":"Yes","floor":22,"damage_taken":0},{"event_name":"The Library","player_choice":"Read","floor":30,"damage_taken":0},{"event_name":"Accursed Blacksmith","player_choice":"Forge","floor":36,"damage_taken":0},{"event_name":"Mysterious Sphere","player_choice":"Ignore","floor":37,"damage_taken":0},{"event_name":"The Woman in Blue","player_choice":"Bought 1 Potion","floor":39,"damage_taken":0},{"event_name":"Tomb of Lord Red Mask","player_choice":"Paid","floor":46,"damage_taken":0},{"event_name":"Purifier","player_choice":"One Purge","floor":47,"damage_taken":0}],"boss_relics":[{"not_picked":["The Specimen","Eternal Feather"],"picked":"Astrolabe"},{"not_picked":["White Beast Statue","Runic Pyramid"],"picked":"Lizard Tail"}],"potions_floor_spawned":[1,2,11,13,20,31,33,35,42],"seed_played":"-1757574074843455516","ascension_level":0,"is_trial":false}