{"gold_per_floor":[219,369,388,44,58,58,90,15,15,47,61,73,73,103,103,177,177,197,211,211,229,18,18,68,68,68,102,102,102,132,152,152,227,227,246,264,275,275,61,92,92,120,120,130,142,142,142,162,162,162,162,162,162,37,66,66],"floor_reached":56,"playtime":10551,"items_purged":["Doubt","Strike_R","Blood for Blood+1"],"score":2115,"play_id":"e04a939e-10a3-43cf-af94-8e80747adca4","local_time":"20181223070401","is_ascension_mode":true,"campfire_choices":[{"data":"Clothesline","floor":6,"key":"SMITH"},{"data":"Flex","floor":15,"key":"SMITH"},{"data":"Fiend Fire","floor":23,"key":"SMITH"},{"data":"Ghostly","floor":28,"key":"SMITH"},{"data":"Ghostly","floor":32,"key":"SMITH"},{"data":"Disarm","floor":41,"key":"SMITH"},{"data":"Juggernaut","floor":46,"key":"SMITH"},{"floor":49,"key":"RECALL"},{"data":"Whirlwind","floor":53,"key":"SMITH"}],"neow_cost":"NONE","seed_source_timestamp":119796859893342,"circlet_count":0,"master_deck":["AscendersBane","Defend_R","Defend_R","Defend_R","Defend_R","Bash","Metallicize","Clothesline+1","Pommel Strike","Battle Trance","Sword Boomerang","Flex+1","Fiend Fire+1","Spot Weakness","Disarm+1","Corruption","Battle Trance","Ghostly+1","Ghostly+1","Ghostly","Burning Pact+1","Necronomicurse","Whirlwind+1","Juggernaut+1","Clothesline+1","Rampage+1","Spot Weakness+1","Headbutt","Reaper","Reaper","Spot Weakness+1","Feel No Pain+1","Inflame"],"relics":["Burning Blood","Thread and Needle","Orichalcum","Ginger","Ancient Tea Set","Philosopher\u0027s Stone","PreservedInsect","Torii","Bronze Scales","Necronomicon","Question Card","Astrolabe","Prayer Wheel","Pear","Shuriken","Pocketwatch"],"potions_floor_usage":[7,16,21,27,33,33,35,37,56],"damage_taken":[{"damage":9,"enemies":"Jaw Worm","floor":1,"turns":5},{"damage":1,"enemies":"2 Louse","floor":3,"turns":3},{"damage":3,"enemies":"Small Slimes","floor":5,"turns":4},{"damage":24,"enemies":"Gremlin Nob","floor":7,"turns":5},{"damage":19,"enemies":"Lagavulin","floor":10,"turns":9},{"damage":3,"enemies":"2 Fungi Beasts","floor":11,"turns":3},{"damage":0,"enemies":"Looter","floor":12,"turns":3},{"damage":4,"enemies":"3 Sentries","floor":14,"turns":8},{"damage":27,"enemies":"Hexaghost","floor":16,"turns":8},{"damage":8,"enemies":"2 Thieves","floor":18,"turns":4},{"damage":7,"enemies":"Chosen","floor":19,"turns":4},{"damage":33,"enemies":"Shelled Parasite and Fungi","floor":21,"turns":5},{"damage":1,"enemies":"Gremlin Leader","floor":27,"turns":3},{"damage":0,"enemies":"Book of Stabbing","floor":30,"turns":2},{"damage":7,"enemies":"Snecko","floor":31,"turns":5},{"damage":9,"enemies":"Automaton","floor":33,"turns":7},{"damage":1,"enemies":"3 Darklings","floor":35,"turns":5},{"damage":1,"enemies":"3 Shapes","floor":36,"turns":6},{"damage":31,"enemies":"Spire Growth","floor":37,"turns":4},{"damage":0,"enemies":"Reptomancer","floor":40,"turns":4},{"damage":0,"enemies":"Giant Head","floor":42,"turns":4},{"damage":0,"enemies":"Maw","floor":44,"turns":6},{"damage":2,"enemies":"4 Shapes","floor":45,"turns":10},{"damage":25,"enemies":"3 Darklings","floor":48,"turns":3},{"damage":14,"enemies":"Time Eater","floor":50,"turns":9},{"damage":36,"enemies":"Donu and Deca","floor":51,"turns":7},{"damage":39,"enemies":"Shield and Spear","floor":55,"turns":6},{"damage":80,"enemies":"The Heart","floor":56,"turns":3}],"seed_played":"-6478863879524781497","potions_obtained":[{"floor":1,"key":"FearPotion"},{"floor":10,"key":"Explosive Potion"},{"floor":12,"key":"Ancient Potion"},{"floor":16,"key":"GamblersBrew"},{"floor":18,"key":"EssenceOfSteel"},{"floor":31,"key":"Swift Potion"},{"floor":33,"key":"Block Potion"},{"floor":35,"key":"Regen Potion"},{"floor":47,"key":"PowerPotion"}],"is_trial":false,"path_per_floor":["M","?","M","$","M","R","E","$","T","E","M","M","$","E","R","B",null,"M","M","?","M","$","R","?","?","T","E","R","?","E","M","R","B",null,"M","M","M","?","$","E","R","E","T","M","M","R","?","M","R","B","B",null,"R","$","E","B"],"character_chosen":"IRONCLAD","items_purchased":["Thread and Needle","PreservedInsect","Swift Potion","Block Potion","Strength Potion"],"campfire_rested":0,"item_purchase_floors":[4,22,22,39,39],"current_hp_per_floor":[65,65,70,70,73,73,55,55,55,42,45,51,51,53,53,32,64,62,61,61,34,34,34,34,34,34,37,37,16,22,21,21,18,32,37,37,17,17,17,37,37,47,47,47,47,47,47,47,47,47,47,47,47,47,45,0],"gold":66,"neow_bonus":"HUNDRED_GOLD","is_prod":false,"is_daily":false,"chose_seed":false,"campfire_upgraded":8,"win_rate":0,"timestamp":1545577441,"path_taken":["M","?","M","$","M","R","E","$","T","E","M","M","?","E","R","BOSS","M","M","?","M","$","R","?","?","T","E","R","?","E","M","R","BOSS","M","M","M","?","?","E","R","E","T","M","M","R","?","M","R","BOSS","BOSS","R","$","E","BOSS"],"build_version":"2018-12-20","purchased_purges":3,"victory":false,"max_hp_per_floor":[75,75,75,75,75,75,75,75,75,75,75,75,75,75,75,75,75,75,75,75,75,75,75,75,37,37,37,37,37,37,37,37,37,37,37,37,37,37,37,37,37,47,47,47,47,47,47,47,47,47,47,47,47,47,47,47],"card_choices":[{"not_picked":["Ghostly Armor","Body Slam"],"picked":"Metallicize","floor":1},{"not_picked":["True Grit","Heavy Blade"],"picked":"Clothesline","floor":3},{"not_picked":["Intimidate","Clash"],"picked":"Pommel Strike","floor":5},{"not_picked":["Entrench","Sever Soul","Berserk"],"picked":"SKIP","floor":7},{"not_picked":["Clothesline","Warcry"],"picked":"Battle Trance","floor":10},{"not_picked":["Flex","Iron Wave"],"picked":"Sword Boomerang","floor":11},{"not_picked":["Body Slam","Dual Wield"],"picked":"Flex","floor":12},{"not_picked":["Wild Strike","Rupture","Sentinel"],"picked":"SKIP","floor":14},{"not_picked":["Exhume","Impervious"],"picked":"Fiend Fire","floor":16},{"not_picked":["Second Wind","Twin Strike"],"picked":"Spot Weakness","floor":18},{"not_picked":["Rage","Sever Soul"],"picked":"Disarm","floor":19},{"not_picked":["Sword Boomerang","Flex"],"picked":"Battle Trance","floor":21},{"not_picked":["Inflame","Bloodletting"],"picked":"Burning Pact+1","floor":27},{"not_picked":["Sentinel","Thunderclap"],"picked":"Whirlwind","floor":30},{"not_picked":["Wild Strike","Body Slam","Sever Soul","Flex"],"picked":"SKIP","floor":31},{"not_picked":["Feed","Brutality","Double Tap"],"picked":"Juggernaut","floor":33},{"not_picked":["Sword Boomerang","Havoc","Warcry"],"picked":"Spot Weakness+1","floor":35},{"not_picked":["Havoc","Rampage","Hemokinesis","Infernal Blade+1"],"picked":"SKIP","floor":36},{"not_picked":["Flex","Heavy Blade","Anger"],"picked":"Headbutt","floor":37},{"not_picked":["Sever Soul","Uppercut","Berserk","Wild Strike"],"picked":"SKIP","floor":40},{"not_picked":["Fire Breathing","Sword Boomerang","Intimidate","Dual Wield"],"picked":"SKIP","floor":42},{"not_picked":["Clash","Iron Wave","Thunderclap+1","Heavy Blade"],"picked":"SKIP","floor":44},{"not_picked":["Sever Soul","Body Slam+1","Iron Wave","Searing Blow"],"picked":"SKIP","floor":44},{"not_picked":["Clash","Iron Wave","Thunderclap+1","Heavy Blade"],"picked":"SKIP","floor":44},{"not_picked":["Sever Soul","Body Slam+1","Iron Wave","Searing Blow"],"picked":"SKIP","floor":44},{"not_picked":["Anger","Warcry","Hemokinesis"],"picked":"Reaper","floor":45},{"not_picked":["Pommel Strike","Cleave+1","Heavy Blade"],"picked":"Spot Weakness+1","floor":45},{"not_picked":["Sever Soul","Demon Form","Warcry"],"picked":"Feel No Pain+1","floor":48},{"not_picked":["Pommel Strike","Headbutt","Whirlwind+1","Immolate"],"picked":"SKIP","floor":48},{"not_picked":["Iron Wave","Sword Boomerang","Immolate"],"picked":"Inflame","floor":55}],"player_experience":3986359,"relics_obtained":[{"floor":7,"key":"Orichalcum"},{"floor":10,"key":"Ginger"},{"floor":14,"key":"Ancient Tea Set"},{"floor":26,"key":"Torii"},{"floor":27,"key":"Bronze Scales"},{"floor":29,"key":"Necronomicon"},{"floor":30,"key":"Question Card"},{"floor":40,"key":"Prayer Wheel"},{"floor":42,"key":"Pear"},{"floor":43,"key":"Shuriken"},{"floor":55,"key":"Pocketwatch"}],"event_choices":[{"damage_healed":0,"gold_gain":150,"player_choice":"AGREE","damage_taken":0,"max_hp_gain":0,"max_hp_loss":0,"event_name":"Liars Game","floor":2,"gold_loss":0,"cards_obtained":["Doubt"]},{"damage_healed":0,"gold_gain":0,"player_choice":"Read","damage_taken":0,"max_hp_gain":0,"max_hp_loss":0,"event_name":"The Library","floor":20,"gold_loss":0,"cards_obtained":["Corruption"]},{"damage_healed":0,"gold_gain":50,"player_choice":"Stole From Cult","damage_taken":0,"max_hp_gain":0,"max_hp_loss":0,"event_name":"Nest","floor":24,"gold_loss":0},{"damage_healed":0,"gold_gain":0,"player_choice":"Became a Ghost","damage_taken":0,"max_hp_gain":0,"max_hp_loss":38,"event_name":"Ghosts","floor":25,"gold_loss":0,"cards_obtained":["Ghostly","Ghostly","Ghostly"]},{"damage_healed":0,"gold_gain":0,"player_choice":"Obtained Book","damage_taken":21,"max_hp_gain":0,"max_hp_loss":0,"event_name":"Cursed Tome","floor":29,"gold_loss":0},{"damage_healed":0,"gold_gain":0,"cards_transformed":["Strike_R"],"player_choice":"Transformed","damage_taken":0,"max_hp_gain":0,"max_hp_loss":0,"event_name":"Transmorgrifier","floor":38,"gold_loss":0,"cards_obtained":["Reaper"]},{"damage_healed":0,"gold_gain":0,"player_choice":"Got Potions","damage_taken":0,"max_hp_gain":0,"max_hp_loss":0,"event_name":"Lab","floor":47,"gold_loss":0}],"is_beta":true,"boss_relics":[{"not_picked":["Calling Bell","Fusion Hammer"],"picked":"Philosopher\u0027s Stone"},{"not_picked":["White Beast Statue","Runic Cube"],"picked":"Astrolabe"}],"items_purged_floors":[8,39,54],"is_endless":false,"potions_floor_spawned":[1,10,12,16,18,31,33,35,40,55],"killed_by":"The Heart","ascension_level":20}