{"path_per_floor":["M","?","?","$","M","E","R","M","T","$","M","M","T","M","R","B",null,"M","M","$","?"],"character_chosen":"THE_SILENT","items_purchased":["Frozen Egg 2","Accuracy+1","Infinite Blades+1","Infinite Blades+1","Footwork+1","Accuracy+1"],"gold_per_floor":[113,288,288,30,47,80,80,95,95,39,57,76,76,91,91,187,187,207,220,1,1,1],"floor_reached":22,"campfire_rested":1,"playtime":1127,"item_purchase_floors":[4,10,20,20,20,20],"current_hp_per_floor":[70,70,37,37,37,37,37,36,36,36,30,26,26,27,48,8,72,68,34,34,34,0],"items_purged":["Doubt"],"gold":1,"score":211,"play_id":"bad4664e-f6de-46f5-b359-7d9da8ee1f8d","local_time":"20180610213623","is_prod":false,"is_daily":false,"chose_seed":false,"is_ascension_mode":false,"campfire_upgraded":1,"win_rate":0,"timestamp":1528680983,"campfire_choices":[{"data":"Cloak And Dagger","floor":7,"key":"SMITH"},{"floor":15,"key":"REST"}],"path_taken":["M","?","?","$","M","E","R","?","T","$","M","M","?","M","R","BOSS","M","M","?","?","M"],"build_version":"2018-06-07v3","seed_source_timestamp":200312377963457,"purchased_purges":1,"victory":false,"master_deck":["Defend_G","Defend_G","Defend_G","Defend_G","Defend_G","Strike_G","Strike_G","Strike_G","Strike_G","Strike_G","Survivor","Neutralize","Prepared","Caltrops+1","Cloak And Dagger+1","Cloak And Dagger","Accuracy+1","Choke","Noxious Fumes+1","Envenom+1","Backflip","PiercingWail","Infinite Blades+1","Infinite Blades+1","Footwork+1","Accuracy+1"],"max_hp_per_floor":[70,70,70,70,70,70,70,70,70,70,70,70,70,72,72,72,72,72,72,72,72,72],"relics":["Ring of the Snake","NeowsBlessing","The Courier","Frozen Egg 2","Singing Bowl","Smiling Mask","Ornamental Fan","Black Star"],"card_choices":[{"not_picked":["Dagger Spray","Acrobatics"],"picked":"Prepared","floor":1},{"not_picked":["Prepared","Setup"],"picked":"Caltrops+1","floor":5},{"not_picked":["Choke","Outmaneuver"],"picked":"Cloak And Dagger","floor":6},{"not_picked":["Bane","Poisoned Stab"],"picked":"Cloak And Dagger","floor":8},{"not_picked":["Reflex","PiercingWail"],"picked":"Choke","floor":11},{"not_picked":["Catalyst","Acrobatics"],"picked":"Noxious Fumes+1","floor":12},{"not_picked":["Choke","Expertise","Dagger Spray"],"picked":"Singing Bowl","floor":14},{"not_picked":["Unload","Burst"],"picked":"Envenom+1","floor":16},{"not_picked":["Underhanded Strike","Expertise"],"picked":"Backflip","floor":18},{"not_picked":["Masterful Stab","Underhanded Strike"],"picked":"PiercingWail","floor":19}],"player_experience":508706,"potions_floor_usage":[16,16,16,22],"damage_taken":[{"damage":0,"enemies":"Jaw Worm","floor":1,"turns":1},{"damage":0,"enemies":"2 Louse","floor":5,"turns":1},{"damage":0,"enemies":"Lagavulin","floor":6,"turns":2},{"damage":1,"enemies":"Small Slimes","floor":8,"turns":3},{"damage":6,"enemies":"3 Louse","floor":11,"turns":4},{"damage":4,"enemies":"Looter","floor":12,"turns":4},{"damage":1,"enemies":"Red Slaver","floor":14,"turns":4},{"damage":40,"enemies":"Slime Boss","floor":16,"turns":9},{"damage":4,"enemies":"3 Byrds","floor":18,"turns":4},{"damage":34,"enemies":"Chosen","floor":19,"turns":6},{"damage":36,"enemies":"Slaver and Parasite","floor":22,"turns":5}],"relics_obtained":[{"floor":6,"key":"Singing Bowl"},{"floor":9,"key":"Smiling Mask"},{"floor":13,"key":"Ornamental Fan"}],"event_choices":[{"event_name":"Liars Game","player_choice":"agreed","floor":2,"damage_taken":0},{"event_name":"Scrap Ooze","player_choice":"success","floor":3,"damage_taken":33},{"event_name":"Beggar","player_choice":"Ignored","floor":21,"damage_taken":0}],"boss_relics":[{"not_picked":["Runic Dome","Snecko Eye"],"picked":"Black Star"}],"items_purged_floors":[4],"potions_floor_spawned":[5,8,12,14,19],"seed_played":"1084124349086420388","killed_by":"Slaver and Parasite","ascension_level":0,"potions_obtained":[{"floor":5,"key":"SneckoOil"},{"floor":8,"key":"Explosive Potion"},{"floor":12,"key":"FearPotion"},{"floor":14,"key":"SteroidPotion"},{"floor":19,"key":"Energy Potion"}],"is_trial":false}