{"gold_per_floor":[112,187,187,187,205,205,56,56,105,5,60,60,71,84,84,187,187,198,198,217,92,92,92,3,3,78,39,39,51,66,66,66,163,163,175,175,29,29,43,43,68,68,68,68,68,68,79,52,52,52],"floor_reached":51,"playtime":2707,"items_purged":["Strike_G","Strike_G","Eviscerate"],"score":652,"play_id":"a2d5c824-3498-4a7d-a49f-5b141fad2a63","local_time":"20181015205008","is_ascension_mode":false,"campfire_choices":[{"floor":6,"key":"REST"},{"data":"Noxious Fumes","floor":8,"key":"SMITH"},{"data":"Dodge and Roll","floor":12,"key":"SMITH"},{"floor":15,"key":"REST"},{"data":"Noxious Fumes","floor":23,"key":"SMITH"},{"data":"After Image","floor":25,"key":"SMITH"},{"floor":32,"key":"REST"},{"data":"Footwork","floor":40,"key":"SMITH"},{"data":"Bouncing Flask","floor":42,"key":"SMITH"},{"data":"Backflip","floor":44,"key":"SMITH"},{"data":"Backflip","floor":45,"key":"SMITH"},{"floor":49,"key":"REST"}],"neow_cost":"NONE","seed_source_timestamp":0,"circlet_count":0,"master_deck":["Survivor","Neutralize","Sucker Punch","Noxious Fumes+1","Dodge and Roll+1","Backflip+1","After Image+1","Backflip","Sucker Punch","Deflect","Bouncing Flask+1","Dash","Noxious Fumes+1","Backflip+1","Well Laid Plans","Footwork+1","Noxious Fumes+1","PiercingWail","Prepared","Decay","Madness","Madness","Backflip+1","Cloak And Dagger"],"special_seed":0,"relics":["Ring of the Snake","WingedGreaves","Blood Vial","Ginger","Pandora\u0027s Box","Ninja Scroll","Empty Cage","Oddly Smooth Stone","Anchor","Gremlin Horn"],"potions_floor_usage":[50,50],"damage_taken":[{"damage":0.0,"enemies":"2 Louse","floor":1.0,"turns":3.0},{"damage":0.0,"enemies":"Small Slimes","floor":5.0,"turns":4.0},{"damage":23,"enemies":"Lagavulin Event","floor":11,"turns":7},{"damage":0,"enemies":"Cultist","floor":13,"turns":4},{"damage":0,"enemies":"Blue Slaver","floor":14,"turns":5},{"damage":17,"enemies":"The Guardian","floor":16,"turns":14},{"damage":8,"enemies":"Chosen","floor":18,"turns":6},{"damage":2,"enemies":"Shell Parasite","floor":20,"turns":6},{"damage":18,"enemies":"3 Cultists","floor":29,"turns":5},{"damage":7,"enemies":"Snake Plant","floor":30,"turns":5},{"damage":25,"enemies":"Automaton","floor":33,"turns":11},{"damage":7,"enemies":"3 Shapes","floor":35,"turns":5},{"damage":8,"enemies":"3 Darklings","floor":39,"turns":5},{"damage":2,"enemies":"4 Shapes","floor":47,"turns":7},{"damage":37,"enemies":"Donu and Deca","floor":50,"turns":11}],"seed_played":"-7845678840362236412","potions_obtained":[{"floor":5,"key":"SpeedPotion"},{"floor":11,"key":"Ancient Potion"},{"floor":16,"key":"Regen Potion"}],"is_trial":false,"path_per_floor":["M","?","?","?","M","R","$","R","T","$","?","R","M","M","R","B",null,"M","?","M","$","?","R","$","R","T","$","?","M","M","?","R","B",null,"M","?","$","$","M","R","T","R","T","R","R","?","M","$","R","B"],"character_chosen":"THE_SILENT","items_purchased":["Noxious Fumes","Backflip","Well Laid Plans","Footwork","Oddly Smooth Stone","Cloak And Dagger"],"campfire_rested":4,"item_purchase_floors":[7,24,24,27,37,48],"current_hp_per_floor":[70,59,45,20,20,41,41,41,41,41,20,20,22,24,45,30,70,62,62,62,62,62,62,62,62,62,62,62,46,41,41,62,39,70,63,63,63,63,57,57,57,57,57,57,57,48,48,48,69,48],"gold":52,"neow_bonus":"REMOVE_CARD","is_prod":false,"is_daily":false,"chose_seed":false,"campfire_upgraded":8,"win_rate":0,"timestamp":1539651008,"path_taken":["M","?","?","?","M","R","$","R","T","?","?","R","?","M","R","BOSS","M","?","M","$","?","R","$","R","T","$","?","M","M","?","R","BOSS","M","?","?","$","M","R","?","R","T","R","R","?","?","?","R","BOSS"],"build_version":"2018-10-11","purchased_purges":3,"victory":true,"max_hp_per_floor":[70,70,70,70,70,70,70,70,70,70,70,70,70,70,70,70,70,70,70,70,70,70,70,70,70,70,70,70,70,70,70,70,70,70,70,70,70,70,70,70,70,70,70,70,70,70,70,70,70,70],"card_choices":[{"not_picked":["Flying Knee","PiercingWail"],"picked":"Sucker Punch","floor":1.0},{"not_picked":["Dagger Spray","Blade Dance"],"picked":"Underhanded Strike","floor":5},{"not_picked":["Underhanded Strike","Blade Dance"],"picked":"Dodge and Roll","floor":11},{"not_picked":["Blade Dance","Skewer","Deflect"],"picked":"SKIP","floor":13},{"not_picked":["Flechettes","Prepared"],"picked":"Backflip","floor":14},{"not_picked":["Venomology","Adrenaline"],"picked":"After Image","floor":16},{"not_picked":["Deflect","Prepared"],"picked":"Dash","floor":18},{"not_picked":["Cloak And Dagger","Acrobatics+1"],"picked":"Noxious Fumes","floor":20},{"not_picked":["Tactician+1","Well Laid Plans"],"picked":"PiercingWail","floor":29},{"not_picked":["Deadly Poison","Concentrate","Terror+1"],"picked":"SKIP","floor":30},{"not_picked":["Quick Slash","Slice+1"],"picked":"Prepared","floor":35},{"not_picked":["Concentrate","Bane+1","PiercingWail+1"],"picked":"SKIP","floor":39},{"not_picked":["Underhanded Strike+1","Eviscerate"],"picked":"Backflip+1","floor":47}],"player_experience":612975,"relics_obtained":[{"floor":9,"key":"Blood Vial"},{"floor":11,"key":"Ginger"},{"floor":26,"key":"Ninja Scroll"},{"floor":41,"key":"Anchor"},{"floor":43,"key":"Gremlin Horn"}],"event_choices":[{"event_name":"World of Goop","player_choice":"Gather Gold","floor":2.0,"damage_taken":0.0},{"event_name":"Shining Light","player_choice":"Entered Light","floor":3.0,"damage_taken":0.0},{"event_name":"Scrap Ooze","player_choice":"success","floor":4.0,"damage_taken":25.0},{"event_name":"Dead Adventurer","player_choice":"Searched \u00272\u0027 times","floor":11,"damage_taken":0},{"event_name":"Cursed Tome","player_choice":"Ignored","floor":19,"damage_taken":0},{"event_name":"Purifier","player_choice":"One Purge","floor":22,"damage_taken":0},{"event_name":"Duplicator","player_choice":"One dupe","floor":28,"damage_taken":0},{"event_name":"Drug Dealer","player_choice":"Became Test Subject","floor":31,"damage_taken":0},{"event_name":"Wheel of Change","player_choice":"Curse","floor":36,"damage_taken":0},{"event_name":"Winding Halls","player_choice":"Embrace Madness","floor":46,"damage_taken":0}],"is_beta":false,"boss_relics":[{"not_picked":["Runic Dome","Tiny House"],"picked":"Pandora\u0027s Box"},{"not_picked":["White Beast Statue","HoveringKite"],"picked":"Empty Cage"}],"items_purged_floors":[7,10,21],"is_endless":false,"potions_floor_spawned":[5,11,16,30,33,35],"ascension_level":0}