{"gold_per_floor":[113,113,23,39,54,54,80,136,136,3,3,19,94,94,94,189,239,253,267,7,7,26,26,44,58,58,9,9,25,25,25],"floor_reached":31,"playtime":1552,"items_purged":[],"score":341,"play_id":"73e702c2-b9ce-4a03-846c-68aa661c62f6","local_time":"20181115213624","is_ascension_mode":true,"campfire_choices":[{"data":"Noxious Fumes","floor":6,"key":"SMITH"},{"floor":11,"key":"REST"},{"floor":15,"key":"REST"},{"floor":23,"key":"REST"}],"neow_cost":"NONE","seed_source_timestamp":151109570054215,"circlet_count":0,"master_deck":["Defend_G","Defend_G","Defend_G","Defend_G","Defend_G","Strike_G","Strike_G","Survivor","Neutralize","PiercingWail","Terror","Noxious Fumes+1","Prepared","Backstab","Backstab","Choke+1","Poisoned Stab","Noxious Fumes+1","Backflip","Quick Slash","Doppelganger","PiercingWail","Dodge and Roll","Deadly Poison+1","Caltrops+1","Backflip","Cloak And Dagger","Finesse","Noxious Fumes+1","Bouncing Flask+1","Backflip","Prepared"],"relics":["Ring of the Snake","Pen Nib","Blue Candle","Frozen Egg 2","Sundial","Tiny House","Bottled Lightning"],"potions_floor_usage":[24,25,29,29,31],"damage_taken":[{"damage":1,"enemies":"Small Slimes","floor":1,"turns":5},{"damage":0,"enemies":"2 Louse","floor":4,"turns":4},{"damage":2,"enemies":"Cultist","floor":5,"turns":4},{"damage":19,"enemies":"3 Sentries","floor":7,"turns":8},{"damage":8,"enemies":"Gremlin Nob","floor":8,"turns":3},{"damage":6,"enemies":"Looter","floor":12,"turns":3},{"damage":14,"enemies":"The Guardian","floor":16,"turns":8},{"damage":28,"enemies":"Spheric Guardian","floor":18,"turns":5},{"damage":7,"enemies":"Shell Parasite","floor":19,"turns":5},{"damage":28,"enemies":"Sentry and Sphere","floor":22,"turns":6},{"damage":16,"enemies":"Shelled Parasite and Fungi","floor":24,"turns":6},{"damage":11,"enemies":"Centurion and Healer","floor":25,"turns":7},{"damage":0,"enemies":"Snecko","floor":29,"turns":5},{"damage":13,"enemies":"Sentry and Sphere","floor":31,"turns":3}],"seed_played":"-3866203147776778962","potions_obtained":[{"floor":4,"key":"FairyPotion"},{"floor":5,"key":"Explosive Potion"},{"floor":7,"key":"EssenceOfSteel"},{"floor":24,"key":"AttackPotion"},{"floor":25,"key":"GhostInAJar"}],"is_trial":false,"path_per_floor":["M","?","$","M","M","R","E","?","T","$","R","M","?","?","R","B",null,"M","M","$","?","M","R","M","M","T","$","?","M","$","M"],"character_chosen":"THE_SILENT","items_purchased":["Noxious Fumes","Prepared","Noxious Fumes+1","Backflip","Caltrops+1","Backflip","Cloak And Dagger","Finesse","Block Potion"],"campfire_rested":3,"item_purchase_floors":[3,3,10,10,20,20,20,20,27],"current_hp_per_floor":[62,62,62,62,60,60,41,33,33,33,54,48,37,30,51,37,67,39,32,32,32,4,26,10,7,7,7,7,7,7,0],"gold":25,"neow_bonus":"RANDOM_COMMON_RELIC","is_prod":false,"is_daily":false,"chose_seed":false,"campfire_upgraded":1,"win_rate":0,"timestamp":1542335784,"path_taken":["M","?","$","M","M","R","E","?","T","$","R","M","?","?","R","BOSS","M","M","$","?","?","R","M","M","T","$","?","M","$","M"],"build_version":"2018-11-15","purchased_purges":0,"victory":false,"max_hp_per_floor":[70,70,70,70,70,70,70,70,70,70,70,70,70,70,70,70,75,75,75,75,75,75,75,75,75,75,75,75,75,75,75],"card_choices":[{"not_picked":["Prepared","Calculated Gamble"],"picked":"PiercingWail","floor":1},{"not_picked":["Tactician","Heel Hook"],"picked":"Backstab","floor":4},{"not_picked":["Dash","Outmaneuver"],"picked":"Backstab","floor":5},{"not_picked":["Bane","Sucker Punch"],"picked":"Choke","floor":7},{"not_picked":["Flying Knee","Blur"],"picked":"Poisoned Stab","floor":8},{"not_picked":["Eviscerate","Dagger Throw"],"picked":"Quick Slash","floor":12},{"not_picked":["Phantasmal Killer","Unload"],"picked":"Doppelganger","floor":16},{"not_picked":["Tactician","Sucker Punch"],"picked":"PiercingWail","floor":17},{"not_picked":["Acrobatics","Predator+1"],"picked":"Dodge and Roll","floor":18},{"not_picked":["Acrobatics","Dash+1"],"picked":"Deadly Poison+1","floor":19},{"not_picked":["Quick Slash","Slice+1"],"picked":"Noxious Fumes+1","floor":22},{"not_picked":["Acrobatics","Choke"],"picked":"Bouncing Flask+1","floor":24},{"not_picked":["Bane+1","Acrobatics"],"picked":"Backflip","floor":25},{"not_picked":["Terror","Setup"],"picked":"Prepared","floor":29}],"player_experience":814235,"relics_obtained":[{"floor":7,"key":"Blue Candle"},{"floor":8,"key":"Frozen Egg 2"},{"floor":9,"key":"Sundial"},{"floor":26,"key":"Bottled Lightning"}],"event_choices":[{"damage_healed":0,"gold_gain":0,"cards_transformed":["Strike_G"],"player_choice":"Change","damage_taken":0,"max_hp_gain":0,"max_hp_loss":0,"event_name":"Living Wall","floor":2,"gold_loss":0,"cards_obtained":["Terror"]},{"damage_healed":0,"gold_gain":0,"player_choice":"Searched \u00271\u0027 times","damage_taken":0,"max_hp_gain":0,"max_hp_loss":0,"event_name":"Dead Adventurer","floor":8,"gold_loss":0},{"damage_healed":0,"gold_gain":75,"player_choice":"Gather Gold","damage_taken":11,"max_hp_gain":0,"max_hp_loss":0,"event_name":"World of Goop","floor":13,"gold_loss":0},{"cards_removed":["Strike_G"],"damage_healed":0,"gold_gain":0,"player_choice":"Card Removal","damage_taken":7,"max_hp_gain":0,"max_hp_loss":0,"event_name":"Golden Wing","floor":14,"gold_loss":0},{"cards_removed":["Strike_G"],"damage_healed":0,"gold_gain":0,"player_choice":"Purged","damage_taken":0,"max_hp_gain":0,"max_hp_loss":0,"event_name":"Purifier","floor":21,"gold_loss":0}],"is_beta":false,"boss_relics":[{"not_picked":["Coffee Dripper","Fusion Hammer"],"picked":"Tiny House"}],"items_purged_floors":[],"is_endless":false,"potions_floor_spawned":[4,5,7,8,16,22,24,25],"killed_by":"Sentry and Sphere","ascension_level":9}