{"gold_per_floor":[109,9,20,20,33,33,33,33,33,48,60,60,60,84,84,210,210,231,32,32,45,45],"floor_reached":22,"playtime":1560,"items_purged":["Defend_R"],"score":176,"play_id":"894af628-62c2-4901-9233-5b3b0e9368dc","local_time":"20181007204641","is_ascension_mode":false,"campfire_choices":[{"data":"Armaments","floor":6,"key":"SMITH"},{"data":"Thunderclap","floor":8,"key":"SMITH"},{"data":"Exhume","floor":13,"key":"SMITH"},{"data":"Inflame","floor":15,"key":"SMITH"}],"neow_cost":"NONE","seed_source_timestamp":259670343666019,"circlet_count":0,"master_deck":["Strike_R","Strike_R","Strike_R","Strike_R","Defend_R","Defend_R","Defend_R","Bash","Reaper","Shrug It Off","Armaments+1","Ghostly Armor","Thunderclap+1","Exhume+1","Inflame+1","Demon Form","Cleave+1","Inflame+1","Flex"],"relics":["Burning Blood","Bottled Flame","Golden Idol","White Beast Statue","DollysMirror"],"potions_floor_usage":[16],"damage_taken":[{"damage":6,"enemies":"Jaw Worm","floor":1,"turns":4},{"damage":5,"enemies":"Small Slimes","floor":3,"turns":4},{"damage":0,"enemies":"2 Louse","floor":5,"turns":3},{"damage":12,"enemies":"Red Slaver","floor":10,"turns":5},{"damage":0,"enemies":"3 Louse","floor":11,"turns":3},{"damage":7,"enemies":"Exordium Wildlife","floor":14,"turns":5},{"damage":88,"enemies":"Hexaghost","floor":16,"turns":15},{"damage":44,"enemies":"Shell Parasite","floor":18,"turns":13},{"damage":36,"enemies":"Spheric Guardian","floor":21,"turns":11},{"damage":22,"enemies":"Snecko","floor":22,"turns":5}],"seed_played":"-1306404224256511930","potions_obtained":[{"floor":3,"key":"SpeedPotion"},{"floor":5,"key":"Regen Potion"},{"floor":14,"key":"Strength Potion"},{"floor":18,"key":"Fire Potion"}],"is_trial":false,"path_per_floor":["M","$","M","$","M","R","$","R","T","M","M","?","R","M","R","B",null,"M","$","?","M"],"character_chosen":"IRONCLAD","items_purchased":["Armaments","DollysMirror"],"campfire_rested":0,"item_purchase_floors":[2,19],"current_hp_per_floor":[80,80,80,80,80,80,80,80,80,74,80,60,60,75,75,16,80,49,49,49,19,0],"gold":45,"neow_bonus":"ONE_RANDOM_RARE_CARD","is_prod":false,"is_daily":false,"chose_seed":false,"campfire_upgraded":4,"win_rate":0,"timestamp":1538941601,"path_taken":["M","$","M","$","M","R","$","R","T","M","M","?","R","M","R","BOSS","M","?","?","?","M"],"build_version":"2018-10-04v2","purchased_purges":1,"victory":false,"max_hp_per_floor":[80,80,80,80,80,80,80,80,80,80,80,80,80,80,80,80,80,80,80,80,80,80],"card_choices":[{"not_picked":["Thunderclap","Headbutt"],"picked":"Shrug It Off","floor":1},{"not_picked":["Body Slam","Warcry"],"picked":"Ghostly Armor","floor":3},{"not_picked":["Havoc","Searing Blow"],"picked":"Thunderclap","floor":5},{"not_picked":["Evolve","Anger"],"picked":"Exhume","floor":10},{"not_picked":["Thunderclap","Shockwave","Twin Strike"],"picked":"SKIP","floor":11},{"not_picked":["Anger","Perfected Strike"],"picked":"Inflame","floor":14},{"not_picked":["Impervious","Berserk"],"picked":"Demon Form","floor":16},{"not_picked":["Pommel Strike","Body Slam"],"picked":"Cleave+1","floor":18},{"not_picked":["Twin Strike","Hemokinesis"],"picked":"Flex","floor":21}],"player_experience":179816,"relics_obtained":[{"floor":9,"key":"Bottled Flame"}],"event_choices":[{"event_name":"Golden Idol","player_choice":"Take Damage","floor":12,"damage_taken":0},{"event_name":"Back to Basics","player_choice":"Elegance","floor":20,"damage_taken":0}],"is_beta":false,"boss_relics":[{"not_picked":["Runic Pyramid","Mark of Pain"],"picked":"White Beast Statue"}],"items_purged_floors":[2],"is_endless":false,"potions_floor_spawned":[3,5,14,18,21],"killed_by":"Snecko","ascension_level":0}