{"gold_per_floor":[109,127,127,127,142,157,188,188,188,201,201,227,247,261,261,359,359,375,394,394,494,181,181,181],"floor_reached":24,"playtime":1398,"items_purged":["Strike_R"],"score":208,"play_id":"9d279656-0d45-4668-9a94-4224aaea84c0","local_time":"20190120211742","is_ascension_mode":false,"campfire_choices":[{"data":"Cleave","floor":8,"key":"SMITH"},{"data":"Rupture","floor":15,"key":"SMITH"},{"data":"Bash","floor":23,"key":"SMITH"}],"neow_cost":"NONE","seed_source_timestamp":788406257019055,"circlet_count":0,"master_deck":["Strike_R","Strike_R","Strike_R","Defend_R","Defend_R","Defend_R","Bash+1","Cleave+1","Ghostly Armor","Combust","Fire Breathing","Shrug It Off","Rupture+1","Metallicize","Brutality","True Grit","Battle Trance"],"relics":["Burning Blood","Oddly Smooth Stone","StoneCalendar","Vajra","Black Star","Pocketwatch","Gremlin Horn","Molten Egg 2"],"potions_floor_usage":[12,21,24],"damage_taken":[{"damage":6,"enemies":"2 Louse","floor":1,"turns":3},{"damage":6,"enemies":"Jaw Worm","floor":2,"turns":3},{"damage":0,"enemies":"Small Slimes","floor":5,"turns":3},{"damage":13,"enemies":"Red Slaver","floor":6,"turns":4},{"damage":32,"enemies":"Gremlin Nob","floor":7,"turns":5},{"damage":12,"enemies":"Exordium Thugs","floor":10,"turns":4},{"damage":18,"enemies":"Lagavulin","floor":12,"turns":6},{"damage":4,"enemies":"Looter","floor":13,"turns":4},{"damage":1,"enemies":"Exordium Wildlife","floor":14,"turns":3},{"damage":35,"enemies":"Hexaghost","floor":16,"turns":8},{"damage":15,"enemies":"Chosen","floor":18,"turns":6},{"damage":13,"enemies":"3 Byrds","floor":19,"turns":5},{"damage":20,"enemies":"Colosseum Slavers","floor":21,"turns":5},{"damage":36,"enemies":"Colosseum Nobs","floor":21,"turns":5},{"damage":11,"enemies":"Centurion and Healer","floor":24,"turns":5}],"seed_played":"2910956311792388932","potions_obtained":[{"floor":1,"key":"SkillPotion"},{"floor":6,"key":"Block Potion"},{"floor":16,"key":"FearPotion"},{"floor":21,"key":"Explosive Potion"}],"is_trial":false,"path_per_floor":["M","M","?","T","M","M","E","R","T","M","?","E","M","M","R","B",null,"M","M","?","?","$","R","M"],"character_chosen":"IRONCLAD","items_purchased":["Molten Egg 2"],"campfire_rested":0,"item_purchase_floors":[22],"current_hp_per_floor":[88,88,81,81,87,80,54,54,54,48,48,36,38,43,43,14,88,79,72,55,11,11,11,0],"gold":181,"neow_bonus":"TEN_PERCENT_HP_BONUS","is_prod":false,"is_daily":false,"chose_seed":false,"campfire_upgraded":3,"win_rate":0,"timestamp":1547986662,"path_taken":["M","M","?","?","M","M","E","R","T","M","?","E","?","M","R","BOSS","M","M","?","?","$","R","M"],"build_version":"2019-01-17v2","purchased_purges":1,"victory":false,"max_hp_per_floor":[88,88,88,88,88,88,88,88,88,88,88,88,88,88,88,88,88,88,88,93,93,93,93,93],"card_choices":[{"not_picked":["Entrench","Shrug It Off"],"picked":"Cleave","floor":1},{"not_picked":["Wild Strike","Iron Wave"],"picked":"Ghostly Armor","floor":2},{"not_picked":["Pummel","Flame Barrier"],"picked":"Combust","floor":5},{"not_picked":["Pommel Strike","Sever Soul","Clothesline"],"picked":"SKIP","floor":6},{"not_picked":["Second Wind","Sword Boomerang","Shockwave"],"picked":"SKIP","floor":7},{"not_picked":["Wild Strike","Armaments","Flex"],"picked":"SKIP","floor":10},{"not_picked":["Flex","Reckless Charge"],"picked":"Shrug It Off","floor":12},{"not_picked":["Clothesline","Dark Embrace"],"picked":"Rupture","floor":13},{"not_picked":["Seeing Red","Battle Trance"],"picked":"Metallicize","floor":14},{"not_picked":["Demon Form","Dark Embrace"],"picked":"Brutality","floor":16},{"not_picked":["Flex","Twin Strike"],"picked":"True Grit","floor":18},{"not_picked":["Carnage","Blood for Blood"],"picked":"Battle Trance","floor":19}],"player_experience":863129,"relics_obtained":[{"floor":7,"key":"Oddly Smooth Stone"},{"floor":9,"key":"StoneCalendar"},{"floor":12,"key":"Vajra"},{"floor":21,"key":"Pocketwatch"},{"floor":21,"key":"Gremlin Horn"}],"event_choices":[{"cards_removed":["Strike_R"],"damage_healed":0,"gold_gain":0,"player_choice":"Card Removal","damage_taken":7,"max_hp_gain":0,"max_hp_loss":0,"event_name":"Golden Wing","floor":3,"gold_loss":0},{"damage_healed":0,"gold_gain":0,"cards_transformed":["Defend_R"],"player_choice":"Transformed","damage_taken":0,"max_hp_gain":0,"max_hp_loss":0,"event_name":"Transmorgrifier","floor":11,"gold_loss":0,"cards_obtained":["Fire Breathing"]},{"damage_healed":0,"gold_gain":0,"player_choice":"Shed Blood","damage_taken":22,"max_hp_gain":5,"max_hp_loss":0,"event_name":"Forgotten Altar","floor":20,"gold_loss":0},{"damage_healed":0,"gold_gain":0,"player_choice":"Fight","damage_taken":0,"max_hp_gain":0,"max_hp_loss":0,"event_name":"Colosseum","floor":21,"gold_loss":0},{"damage_healed":0,"gold_gain":0,"player_choice":"Fought Nobs","damage_taken":0,"max_hp_gain":0,"max_hp_loss":0,"event_name":"Colosseum","floor":21,"gold_loss":0}],"is_beta":false,"boss_relics":[{"not_picked":["Runic Dome","Cursed Key"],"picked":"Black Star"}],"items_purged_floors":[22],"is_endless":false,"potions_floor_spawned":[1,6,16,21,21],"killed_by":"Centurion and Healer","ascension_level":0}