{"gold_per_floor":[119,136,311,311,329,329,404,60,113,113,125,25,19,53,53,157,157,171,184,5,20,20,20,37,68,68,68,82,182,210,220,220,220],"floor_reached":33,"playtime":2999,"items_purged":["Doubt","Strike_G"],"score":543,"play_id":"c8846695-4df0-4a7e-bf79-019c29635d2c","local_time":"20190301211057","is_ascension_mode":true,"campfire_choices":[{"data":"Blade Dance","floor":6,"key":"SMITH"},{"data":"Poisoned Stab","floor":10,"key":"SMITH"},{"data":"Footwork","floor":15,"key":"SMITH"},{"data":"Noxious Fumes","floor":23,"key":"SMITH"},{"floor":27,"key":"REST"},{"floor":32,"key":"REST"}],"neow_cost":"NONE","seed_source_timestamp":177308329034306,"circlet_count":0,"master_deck":["AscendersBane","Defend_G","Defend_G","Defend_G","Defend_G","Strike_G+1","Strike_G","Strike_G+1","Survivor","Neutralize","Footwork+1","Poisoned Stab+1","Blade Dance+1","Noxious Fumes+1","Dodge and Roll","Wraith Form v2","Dodge and Roll+1","Catalyst","Bane+1","Leg Sweep","Blur","PiercingWail+1","Expertise+1"],"relics":["Ring of the Snake","NeowsBlessing","Snake Skull","Centennial Puzzle","Bottled Lightning","WristBlade","Bag of Preparation","Tingsha","Paper Crane","Shovel","Mummified Hand","Whetstone"],"potions_floor_usage":[16,21,24,24,29,29,33],"damage_taken":[{"damage":0,"enemies":"Jaw Worm","floor":1,"turns":1},{"damage":0,"enemies":"Cultist","floor":2,"turns":1},{"damage":0,"enemies":"Small Slimes","floor":5,"turns":2},{"damage":4,"enemies":"Blue Slaver","floor":11,"turns":4},{"damage":10,"enemies":"Exordium Thugs","floor":13,"turns":4},{"damage":10,"enemies":"3 Sentries","floor":14,"turns":7},{"damage":0,"enemies":"Hexaghost","floor":16,"turns":11},{"damage":12,"enemies":"3 Byrds","floor":18,"turns":6},{"damage":1,"enemies":"Shell Parasite","floor":19,"turns":9},{"damage":4,"enemies":"Chosen and Byrds","floor":21,"turns":6},{"damage":6,"enemies":"Snake Plant","floor":24,"turns":6},{"damage":35,"enemies":"Gremlin Leader","floor":25,"turns":8},{"damage":0,"enemies":"Cultist and Chosen","floor":28,"turns":7},{"damage":15,"enemies":"Colosseum Slavers","floor":29,"turns":6},{"damage":0,"enemies":"Colosseum Nobs","floor":29,"turns":6},{"damage":0,"enemies":"Book of Stabbing","floor":30,"turns":8},{"damage":0,"enemies":"Shelled Parasite and Fungi","floor":31,"turns":5},{"damage":75,"enemies":"Automaton","floor":33,"turns":12}],"seed_played":"-3256957639940073318","potions_obtained":[{"floor":1,"key":"FearPotion"},{"floor":2,"key":"Fire Potion"},{"floor":11,"key":"Regen Potion"},{"floor":13,"key":"SkillPotion"},{"floor":18,"key":"Energy Potion"},{"floor":21,"key":"Dexterity Potion"},{"floor":28,"key":"EssenceOfSteel"},{"floor":30,"key":"FearPotion"}],"is_trial":false,"path_per_floor":["M","M","?","?","M","R","?","$","T","R","M","$","M","E","R","B",null,"M","M","$","M","?","R","M","E","T","R","M","?","E","M","R","B"],"character_chosen":"THE_SILENT","items_purchased":["Snake Skull","Noxious Fumes","Dodge and Roll","Catalyst","Bag of Preparation"],"campfire_rested":2,"item_purchase_floors":[8,8,8,20,20],"current_hp_per_floor":[63,63,63,68,68,68,61,61,61,61,57,57,47,37,37,37,66,54,53,53,49,49,49,43,8,8,30,30,15,15,15,37,0],"gold":220,"neow_bonus":"THREE_ENEMY_KILL","is_prod":false,"is_daily":false,"chose_seed":false,"campfire_upgraded":4,"win_rate":0,"timestamp":1551492657,"path_taken":["M","M","?","?","M","R","?","$","T","R","?","?","M","E","R","BOSS","M","M","$","M","?","R","M","E","T","R","M","?","E","M","R","BOSS"],"build_version":"2019-01-23","purchased_purges":2,"victory":false,"max_hp_per_floor":[70,70,70,75,75,75,75,75,75,75,75,75,75,75,75,75,75,75,75,75,75,75,75,75,75,75,75,75,75,75,75,75,75],"card_choices":[{"not_picked":["Bane","Flechettes"],"picked":"Footwork","floor":1},{"not_picked":["Noxious Fumes","Acrobatics"],"picked":"Poisoned Stab","floor":2},{"not_picked":["Quick Slash","Slice"],"picked":"Blade Dance","floor":5},{"not_picked":["Finisher","Slice","Eviscerate"],"picked":"SKIP","floor":11},{"not_picked":["Terror","Noxious Fumes","Underhanded Strike"],"picked":"SKIP","floor":13},{"not_picked":["Quick Slash","Storm of Steel","Terror"],"picked":"SKIP","floor":14},{"not_picked":["Night Terror","Grand Finale"],"picked":"Wraith Form v2","floor":16},{"not_picked":["Bouncing Flask","Flying Knee"],"picked":"Dodge and Roll+1","floor":18},{"not_picked":["Outmaneuver+1","Acrobatics","Tactician"],"picked":"SKIP","floor":19},{"not_picked":["Backflip","Slice"],"picked":"Bane+1","floor":21},{"not_picked":["Acrobatics","Backflip","Masterful Stab"],"picked":"SKIP","floor":24},{"not_picked":["Infinite Blades","Glass Knife","Dagger Throw"],"picked":"SKIP","floor":25},{"not_picked":["Backstab+1","Dagger Spray"],"picked":"PiercingWail+1","floor":28},{"not_picked":["Infinite Blades+1","Unload"],"picked":"Expertise+1","floor":30},{"not_picked":["Blur","Eviscerate","Setup"],"picked":"SKIP","floor":31}],"player_experience":304528,"relics_obtained":[{"floor":9,"key":"Centennial Puzzle"},{"floor":14,"key":"Bottled Lightning"},{"floor":25,"key":"Tingsha"},{"floor":26,"key":"Paper Crane"},{"floor":29,"key":"Shovel"},{"floor":29,"key":"Mummified Hand"},{"floor":30,"key":"Whetstone"}],"event_choices":[{"damage_healed":0,"gold_gain":175,"player_choice":"AGREE","damage_taken":0,"max_hp_gain":0,"max_hp_loss":0,"event_name":"Liars Game","floor":3,"gold_loss":0,"cards_obtained":["Doubt"]},{"damage_healed":0,"gold_gain":0,"player_choice":"Donut","damage_taken":0,"max_hp_gain":5,"max_hp_loss":0,"event_name":"Big Fish","floor":4,"gold_loss":0},{"damage_healed":0,"gold_gain":75,"player_choice":"Touch","damage_taken":7,"max_hp_gain":0,"max_hp_loss":0,"event_name":"FaceTrader","floor":7,"gold_loss":0},{"damage_healed":0,"gold_gain":0,"cards_transformed":["Strike_G","Defend_G"],"player_choice":"Became Test Subject","damage_taken":0,"max_hp_gain":0,"max_hp_loss":0,"event_name":"Drug Dealer","floor":22,"gold_loss":0,"cards_obtained":["Leg Sweep","Blur"]},{"damage_healed":0,"gold_gain":0,"player_choice":"Fight","damage_taken":0,"max_hp_gain":0,"max_hp_loss":0,"event_name":"Colosseum","floor":29,"gold_loss":0},{"damage_healed":0,"gold_gain":0,"player_choice":"Fought Nobs","damage_taken":0,"max_hp_gain":0,"max_hp_loss":0,"event_name":"Colosseum","floor":29,"gold_loss":0}],"is_beta":false,"boss_relics":[{"not_picked":["Snecko Eye","Calling Bell"],"picked":"WristBlade"}],"items_purged_floors":[8,12],"is_endless":false,"potions_floor_spawned":[1,2,11,13,18,21,28,30],"killed_by":"Automaton","ascension_level":10}