{"gold_per_floor":[114,64,17,17,36,36,0,33,33,48,65,65,82,96,96,170,170,180,120,132,132,16,16,31,31,31,31,31],"floor_reached":28,"playtime":2125,"items_purged":["Strike_B","Writhe"],"score":360,"play_id":"4fffa98f-44ff-4c65-93a2-b748483faa6f","local_time":"20190221200349","is_ascension_mode":true,"campfire_choices":[{"data":"Zap","floor":6,"key":"SMITH"},{"floor":12,"key":"REST"},{"floor":15,"key":"REST"},{"floor":23,"key":"REST"},{"floor":25,"key":"REST"}],"neow_cost":"NONE","seed_source_timestamp":112860020760300,"circlet_count":0,"master_deck":["AscendersBane","Strike_B+1","Strike_B+1","Defend_B","Defend_B","Defend_B","Defend_B","Zap+1","Dualcast","Rebound","Hologram","Genetic Algorithm","Glacier","Cold Snap","Cold Snap","BootSequence","Hyperbeam","Coolheaded","Gash","Parasite","Writhe"],"relics":["Cracked Core","Whetstone","Blood Vial","Orichalcum","The Courier","Cursed Key","Lantern","PreservedInsect","Mummified Hand"],"potions_floor_usage":[11,13,14],"damage_taken":[{"damage":5,"enemies":"Small Slimes","floor":1,"turns":3},{"damage":7,"enemies":"2 Louse","floor":5,"turns":2},{"damage":42,"enemies":"3 Sentries","floor":8,"turns":9},{"damage":4,"enemies":"Jaw Worm","floor":10,"turns":2},{"damage":9,"enemies":"Exordium Wildlife","floor":11,"turns":3},{"damage":0,"enemies":"Blue Slaver","floor":13,"turns":2},{"damage":5,"enemies":"Lots of Slimes","floor":14,"turns":4},{"damage":41,"enemies":"The Guardian","floor":16,"turns":19},{"damage":0,"enemies":"Shell Parasite","floor":18,"turns":8},{"damage":30,"enemies":"3 Byrds","floor":20,"turns":6},{"damage":14,"enemies":"Snecko","floor":24,"turns":8},{"damage":68,"enemies":"Gremlin Leader","floor":28,"turns":7}],"seed_played":"2509193786688015004","potions_obtained":[{"floor":10,"key":"Regen Potion"},{"floor":11,"key":"Fire Potion"},{"floor":13,"key":"Energy Potion"}],"is_trial":false,"path_per_floor":["M","?","$","?","M","R","?","E","T","M","M","R","M","M","R","B",null,"M","$","M","?","$","R","M","R","T","T","E"],"character_chosen":"DEFECT","items_purchased":["Hologram","Gash"],"campfire_rested":4,"item_purchase_floors":[3,22],"current_hp_per_floor":[63,63,63,56,51,51,51,11,11,9,11,33,35,32,54,15,60,62,62,34,34,34,56,44,66,66,66,0],"gold":31,"neow_bonus":"RANDOM_COMMON_RELIC","is_prod":false,"is_daily":false,"chose_seed":false,"campfire_upgraded":1,"win_rate":0,"timestamp":1550797429,"path_taken":["M","?","$","?","M","R","?","E","T","M","M","R","M","M","R","BOSS","M","$","M","?","$","R","M","R","T","?","E"],"build_version":"2019-01-23","purchased_purges":2,"victory":false,"max_hp_per_floor":[75,75,75,75,75,75,75,75,75,75,75,75,75,75,75,75,75,75,75,75,75,75,75,75,75,75,75,75],"card_choices":[{"not_picked":["Compile Driver","Conserve Battery"],"picked":"Rebound","floor":1},{"not_picked":["Leap","Double Energy","Compile Driver"],"picked":"SKIP","floor":5},{"not_picked":["Rainbow","Capacitor"],"picked":"Genetic Algorithm","floor":8},{"not_picked":["Leap","Darkness"],"picked":"Glacier","floor":10},{"not_picked":["Leap","Streamline"],"picked":"Cold Snap","floor":11},{"not_picked":["Auto Shields","Beam Cell"],"picked":"Cold Snap","floor":13},{"not_picked":["FTL","Fusion"],"picked":"BootSequence","floor":14},{"not_picked":["Multi-Cast","Buffer"],"picked":"Hyperbeam","floor":16},{"not_picked":["Compile Driver","Steam"],"picked":"Coolheaded","floor":18},{"not_picked":["Turbo","Scrape","Compile Driver"],"picked":"SKIP","floor":20},{"not_picked":["Recycle","Turbo","BootSequence+1"],"picked":"SKIP","floor":24}],"player_experience":1289138,"relics_obtained":[{"floor":8,"key":"Orichalcum"},{"floor":9,"key":"The Courier"},{"floor":26,"key":"PreservedInsect"},{"floor":27,"key":"Mummified Hand"}],"event_choices":[{"cards_removed":["Strike_B"],"damage_healed":0,"gold_gain":0,"player_choice":"Card Removal","damage_taken":0,"max_hp_gain":0,"max_hp_loss":0,"event_name":"The Cleric","floor":2,"gold_loss":50},{"damage_healed":0,"gold_gain":0,"player_choice":"Success","damage_taken":7,"relics_obtained":["Blood Vial"],"max_hp_gain":0,"max_hp_loss":0,"event_name":"Scrap Ooze","floor":4,"gold_loss":0},{"damage_healed":0,"gold_gain":0,"player_choice":"Left Gold","damage_taken":0,"max_hp_gain":0,"max_hp_loss":0,"event_name":"World of Goop","floor":7,"gold_loss":36},{"damage_healed":0,"gold_gain":0,"player_choice":"Opened","damage_taken":0,"relics_obtained":["Lantern"],"max_hp_gain":0,"max_hp_loss":0,"event_name":"The Mausoleum","floor":21,"gold_loss":0,"cards_obtained":["Writhe"]}],"is_beta":false,"boss_relics":[{"not_picked":["Empty Cage","FrozenCore"],"picked":"Cursed Key"}],"items_purged_floors":[19,22],"is_endless":false,"potions_floor_spawned":[10,11,13],"killed_by":"Gremlin Leader","ascension_level":13}