{"gold_per_floor":[114,133,151,151,151,181,181,239,239,239,272,272,286,286,286,379,379,397,40,90,90,90,90,131,131,131,171,191,230,248,173,173,262,262,285,308,27,48,66,66,66,81,81,81,114,114,139,180,180,180],"floor_reached":50,"playtime":2910,"items_purged":["Injury"],"score":1097,"play_id":"cb40f045-73dd-49ff-b7e1-64344f0aa379","local_time":"20190116233719","is_ascension_mode":true,"campfire_choices":[{"floor":7.0,"key":"REST"},{"data":"Sucker Punch","floor":10.0,"key":"SMITH"},{"floor":12.0,"key":"REST"},{"floor":15.0,"key":"REST"},{"data":"Cloak And Dagger","floor":23.0,"key":"SMITH"},{"floor":25.0,"key":"REST"},{"floor":32.0,"key":"REST"},{"floor":40,"key":"REST"},{"floor":44,"key":"REST"},{"data":"Accuracy","floor":46,"key":"SMITH"},{"floor":49,"key":"REST"}],"neow_cost":"NONE","seed_source_timestamp":0,"circlet_count":0,"master_deck":["AscendersBane","Defend_G","Defend_G","Defend_G","Defend_G","Defend_G","Strike_G","Strike_G","Strike_G","Strike_G","Strike_G","Survivor","Neutralize+1","Dagger Spray+1","Poisoned Stab+1","Footwork","Sucker Punch+1","Cloak And Dagger+1","Blade Dance+1","Blade Dance+1","Adrenaline+1","Dodge and Roll+1","Blur+1","Dash","Blur+1","Crippling Poison+1","Accuracy+1","Corpse Explosion+1","Madness+1","Madness+1","Accuracy+1"],"special_seed":0,"relics":["Ring of the Snake","Pantograph","Whetstone","Toxic Egg 2","Bottled Flame","Golden Idol","WristBlade","Darkstone Periapt","StoneCalendar","Regal Pillow","Bag of Preparation","Kunai","Singing Bowl","Smiling Mask","Philosopher\u0027s Stone","Paper Crane","Bottled Lightning","Sundial","Strawberry"],"potions_floor_usage":[36,42,45,50,50],"damage_taken":[{"damage":7.0,"enemies":"Small Slimes","floor":1.0,"turns":4.0},{"damage":2.0,"enemies":"Jaw Worm","floor":2.0,"turns":5.0},{"damage":6.0,"enemies":"2 Louse","floor":3.0,"turns":3.0},{"damage":32.0,"enemies":"Gremlin Nob","floor":6.0,"turns":4.0},{"damage":0.0,"enemies":"3 Sentries","floor":8.0,"turns":3.0},{"damage":12.0,"enemies":"3 Sentries","floor":11.0,"turns":6.0},{"damage":0.0,"enemies":"2 Fungi Beasts","floor":13.0,"turns":2.0},{"damage":36.0,"enemies":"The Guardian","floor":16.0,"turns":15.0},{"damage":4.0,"enemies":"3 Byrds","floor":18.0,"turns":6.0},{"damage":8.0,"enemies":"Gremlin Leader","floor":24.0,"turns":7.0},{"damage":37.0,"enemies":"Slavers","floor":27.0,"turns":7.0},{"damage":10.0,"enemies":"Shell Parasite","floor":28.0,"turns":4.0},{"damage":10.0,"enemies":"Gremlin Leader","floor":29.0,"turns":9.0},{"damage":15.0,"enemies":"Snake Plant","floor":30.0,"turns":7.0},{"damage":49.0,"enemies":"Collector","floor":33.0,"turns":14.0},{"damage":0,"enemies":"3 Shapes","floor":35,"turns":1},{"damage":0,"enemies":"Orb Walker","floor":36,"turns":3},{"damage":11,"enemies":"Sphere and 2 Shapes","floor":38,"turns":4},{"damage":18,"enemies":"Spire Growth","floor":39,"turns":5},{"damage":10,"enemies":"3 Darklings","floor":42,"turns":3},{"damage":2,"enemies":"Nemesis","floor":45,"turns":11},{"damage":15,"enemies":"4 Shapes","floor":47,"turns":4},{"damage":21,"enemies":"Reptomancer","floor":48,"turns":6},{"damage":104,"enemies":"Time Eater","floor":50,"turns":14}],"seed_played":"3148989431719171757","potions_obtained":[{"floor":3.0,"key":"Energy Potion"},{"floor":6.0,"key":"SteroidPotion"},{"floor":13.0,"key":"Weak Potion"},{"floor":28.0,"key":"Swift Potion"},{"floor":33.0,"key":"GamblersBrew"},{"floor":35,"key":"Explosive Potion"},{"floor":42,"key":"SkillPotion"},{"floor":45,"key":"PowerPotion"},{"floor":47,"key":"Poison Potion"}],"is_trial":false,"path_per_floor":["M","M","M","?","?","E","R","?","T","R","E","R","M","?","R","B",null,"M","$","?","?","T","R","E","R","T","E","M","E","M","?","R","B",null,"M","M","$","M","M","R","?","M","T","R","E","R","M","E","R","B"],"character_chosen":"THE_SILENT","items_purchased":["Darkstone Periapt","Paper Crane"],"campfire_rested":8,"item_purchase_floors":[19,37],"current_hp_per_floor":[58,56,50,55,55,23,46,46,46,46,34,57,57,57,77,41,68,64,64,64,70,70,70,62,83,83,46,36,26,11,11,50,26,69,71,73,73,64,48,90,74,66,66,93,91,91,78,66,104,0],"gold":180,"neow_bonus":"TEN_PERCENT_HP_BONUS","is_prod":false,"is_daily":false,"chose_seed":false,"campfire_upgraded":3,"win_rate":0,"timestamp":1547674639,"path_taken":["M","M","M","?","?","E","R","?","T","R","E","R","M","?","R","BOSS","M","$","?","?","?","R","E","R","T","E","M","E","M","?","R","BOSS","M","M","$","M","M","R","?","M","T","R","E","R","M","E","R","BOSS"],"build_version":"2019-01-10","purchased_purges":1,"victory":false,"max_hp_per_floor":[72,72,72,77,77,77,77,77,77,77,77,77,77,77,77,77,77,77,77,77,83,83,83,83,83,83,83,83,83,83,83,83,83,83,85,87,87,89,91,91,91,93,93,93,93,93,95,104,104,104],"card_choices":[{"not_picked":["Deadly Poison","Bane"],"picked":"Dagger Spray","floor":1.0},{"not_picked":["Bullet Time","Prepared"],"picked":"Poisoned Stab","floor":2.0},{"not_picked":["Dagger Spray","Bouncing Flask"],"picked":"Footwork","floor":3.0},{"not_picked":["Unload","Dagger Spray"],"picked":"Sucker Punch","floor":6.0},{"not_picked":["Blade Dance","Prepared"],"picked":"Cloak And Dagger","floor":8.0},{"not_picked":["Dagger Throw","Riddle With Holes"],"picked":"Blade Dance+1","floor":11.0},{"not_picked":["Bouncing Flask+1","Acrobatics+1"],"picked":"Blade Dance+1","floor":13.0},{"not_picked":["Venomology+1","Wraith Form v2"],"picked":"Adrenaline+1","floor":16.0},{"not_picked":["Reflex+1","Choke"],"picked":"Dodge and Roll+1","floor":18.0},{"not_picked":["Poisoned Stab","Choke"],"picked":"Blur+1","floor":24.0},{"not_picked":["Flechettes+1","Finisher"],"picked":"Dash","floor":27.0},{"not_picked":["Deadly Poison+1","Outmaneuver+1"],"picked":"Blur+1","floor":28.0},{"not_picked":["Finisher","Quick Slash"],"picked":"Crippling Poison+1","floor":29.0},{"not_picked":["Underhanded Strike","Infinite Blades"],"picked":"Accuracy","floor":30.0},{"not_picked":["Die Die Die","Burst+1"],"picked":"Corpse Explosion+1","floor":33.0},{"not_picked":["Cloak And Dagger+1","Dodge and Roll+1","Blade Dance+1"],"picked":"Singing Bowl","floor":35},{"not_picked":["Deadly Poison+1","Flechettes","Bane"],"picked":"Singing Bowl","floor":36},{"not_picked":["Cloak And Dagger+1","Tactician+1","Quick Slash"],"picked":"Singing Bowl","floor":38},{"not_picked":["Blade Dance+1","All Out Attack","Flechettes"],"picked":"Singing Bowl","floor":39},{"not_picked":["Outmaneuver+1","Dagger Throw+1","Quick Slash+1"],"picked":"Singing Bowl","floor":42},{"not_picked":["Die Die Die","Outmaneuver+1"],"picked":"Accuracy+1","floor":45},{"not_picked":["Flying Knee","Bane","Riddle With Holes+1"],"picked":"Singing Bowl","floor":47},{"not_picked":["Quick Slash","Setup+1","Blade Dance+1"],"picked":"Singing Bowl","floor":48}],"player_experience":307665,"relics_obtained":[{"floor":6.0,"key":"Pantograph"},{"floor":8.0,"key":"Whetstone"},{"floor":9.0,"key":"Toxic Egg 2"},{"floor":11.0,"key":"Bottled Flame"},{"floor":22.0,"key":"Regal Pillow"},{"floor":24.0,"key":"Bag of Preparation"},{"floor":26.0,"key":"Kunai"},{"floor":27.0,"key":"Singing Bowl"},{"floor":29.0,"key":"Smiling Mask"},{"floor":43,"key":"Bottled Lightning"},{"floor":45,"key":"Sundial"},{"floor":48,"key":"Strawberry"}],"event_choices":[{"damage_healed":0.0,"max_hp_gain":5.0,"max_hp_loss":0.0,"gold_gain":0.0,"event_name":"Big Fish","player_choice":"Donut","floor":4.0,"gold_loss":0.0,"damage_taken":0.0},{"damage_healed":0.0,"max_hp_gain":0.0,"max_hp_loss":0.0,"gold_gain":0.0,"event_name":"Living Wall","player_choice":"Grow","floor":5.0,"gold_loss":0.0,"damage_taken":0.0,"cards_upgraded":["Dagger Spray"]},{"damage_healed":0.0,"max_hp_gain":0.0,"max_hp_loss":0.0,"gold_gain":0.0,"event_name":"Dead Adventurer","player_choice":"Searched \u00271\u0027 times","floor":8.0,"gold_loss":0.0,"damage_taken":0.0},{"damage_healed":0.0,"max_hp_gain":0.0,"max_hp_loss":0.0,"gold_gain":0.0,"event_name":"Golden Idol","player_choice":"Take Wound","floor":14.0,"gold_loss":0.0,"damage_taken":0.0,"relics_obtained":["Golden Idol"],"cards_obtained":["Injury"]},{"damage_healed":0.0,"max_hp_gain":0.0,"max_hp_loss":0.0,"gold_gain":50.0,"event_name":"Nest","player_choice":"Stole From Cult","floor":20.0,"gold_loss":0.0,"damage_taken":0.0},{"damage_healed":0.0,"max_hp_gain":0.0,"max_hp_loss":0.0,"gold_gain":0.0,"event_name":"Addict","player_choice":"Stole Relic","floor":21.0,"gold_loss":0.0,"damage_taken":0.0,"relics_obtained":["StoneCalendar"],"cards_obtained":["Shame"]},{"cards_removed":["Shame"],"damage_healed":0.0,"max_hp_gain":0.0,"max_hp_loss":0.0,"gold_gain":0.0,"event_name":"Beggar","player_choice":"Gave Gold","floor":31.0,"gold_loss":75.0,"damage_taken":0.0},{"damage_healed":0,"gold_gain":0,"player_choice":"Embrace Madness","damage_taken":16,"max_hp_gain":0,"max_hp_loss":0,"event_name":"Winding Halls","floor":41,"gold_loss":0,"cards_obtained":["Madness","Madness"]}],"is_beta":false,"boss_relics":[{"not_picked":["Empty Cage","Snecko Eye"],"picked":"WristBlade"},{"not_picked":["Tiny House","Calling Bell"],"picked":"Philosopher\u0027s Stone"}],"items_purged_floors":[19],"is_endless":false,"potions_floor_spawned":[3,6,13,28,33,35,42,45,47,48],"killed_by":"Time Eater","ascension_level":17}