{"gold_per_floor":[119,136,136,136,159,159,87,87,87,127,52,52,75,110,110,230,230,254,28,44,65,65,65,104,104,104,144,69,0,31,50,50,173,173,188,188,188,201,50,50,83,83,83,83,0,13,13,38,38,38],"floor_reached":50,"playtime":1550,"items_purged":["Shame","Strike_R"],"score":721,"play_id":"a15094fb-cf2a-4b87-8b57-ae08b2b99b1d","local_time":"20190220161546","is_ascension_mode":true,"campfire_choices":[{"data":"Bash","floor":6.0,"key":"SMITH"},{"data":"Sword Boomerang","floor":8.0,"key":"SMITH"},{"data":"Metallicize","floor":12.0,"key":"SMITH"},{"data":"Limit Break","floor":15.0,"key":"SMITH"},{"data":"Inflame","floor":23.0,"key":"SMITH"},{"data":"Shrug It Off","floor":25.0,"key":"SMITH"},{"data":"Heavy Blade","floor":32.0,"key":"SMITH"},{"data":"Rampage","floor":40.0,"key":"SMITH"},{"floor":42,"key":"REST"},{"data":"Defend_R","floor":44,"key":"SMITH"},{"data":"Defend_R","floor":49,"key":"SMITH"}],"neow_cost":"NONE","seed_source_timestamp":598485384901712,"circlet_count":0,"master_deck":["Strike_R+1","Strike_R+1","Strike_R","Strike_R+1","Defend_R+1","Defend_R+1","Defend_R+1","Defend_R+1","Bash+1","Sword Boomerang+1","Shrug It Off+1","Shrug It Off+1","Limit Break+1","Metallicize+1","Inflame+1","Sword Boomerang","Double Tap+1","Rampage+1","Sword Boomerang+1","Heavy Blade+1","Offering+1","Madness+1","Madness+1","Madness+1","Shrug It Off+1","Shame","Double Tap+1"],"special_seed":0,"relics":["Black Blood","NeowsBlessing","Golden Idol","Mercury Hourglass","Meat on the Bone","Toxic Egg 2","Cursed Key","Whetstone","War Paint","Anchor","Pear","Ice Cream","Pantograph","Calipers","Letter Opener","Red Mask"],"potions_floor_usage":[41],"damage_taken":[{"damage":0.0,"enemies":"Cultist","floor":1.0,"turns":1.0},{"damage":0.0,"enemies":"2 Louse","floor":2.0,"turns":1.0},{"damage":0.0,"enemies":"Jaw Worm","floor":5.0,"turns":1.0},{"damage":13.0,"enemies":"3 Sentries","floor":10.0,"turns":6.0},{"damage":13.0,"enemies":"Gremlin Gang","floor":13.0,"turns":4.0},{"damage":8.0,"enemies":"Lagavulin","floor":14.0,"turns":6.0},{"damage":39.0,"enemies":"Slime Boss","floor":16.0,"turns":8.0},{"damage":12.0,"enemies":"Chosen","floor":18.0,"turns":3.0},{"damage":20.0,"enemies":"2 Thieves","floor":20.0,"turns":4.0},{"damage":16.0,"enemies":"3 Cultists","floor":21.0,"turns":4.0},{"damage":22.0,"enemies":"Book of Stabbing","floor":24.0,"turns":4.0},{"damage":5.0,"enemies":"Gremlin Leader","floor":27.0,"turns":4.0},{"damage":28.0,"enemies":"Book of Stabbing","floor":30.0,"turns":5.0},{"damage":12.0,"enemies":"Snake Plant","floor":31.0,"turns":3.0},{"damage":66.0,"enemies":"Automaton","floor":33.0,"turns":7.0},{"damage":6.0,"enemies":"3 Darklings","floor":35.0,"turns":4.0},{"damage":27.0,"enemies":"3 Shapes","floor":38.0,"turns":5.0},{"damage":58,"enemies":"Nemesis","floor":41,"turns":7},{"damage":21,"enemies":"Maw","floor":46,"turns":7},{"damage":4,"enemies":"Sphere and 2 Shapes","floor":48,"turns":4},{"damage":89,"enemies":"Awakened One","floor":50,"turns":4}],"seed_played":"-7605156552447165863","potions_obtained":[{"floor":2.0,"key":"AttackPotion"},{"floor":10.0,"key":"SpeedPotion"},{"floor":13.0,"key":"Explosive Potion"},{"floor":18.0,"key":"Regen Potion"},{"floor":33.0,"key":"Regen Potion"},{"floor":38.0,"key":"SteroidPotion"},{"floor":48,"key":"Fire Potion"}],"is_trial":false,"path_per_floor":["M","M","?","?","M","R","$","R","T","E","$","R","M","E","R","B",null,"M","$","M","M","?","R","E","R","T","E","$","?","E","M","R","B",null,"M","?","?","M","$","R","E","R","T","R","?","M","?","M","R","B"],"character_chosen":"IRONCLAD","items_purchased":["Limit Break","Metallicize","Rampage","Whetstone","Shrug It Off+1"],"campfire_rested":1,"item_purchase_floors":[7,11,19,19,39],"current_hp_per_floor":[78,80,60,44,50,50,50,50,50,43,43,43,48,58,58,37,69,63,63,49,51,51,51,47,47,57,58,58,58,48,54,54,31,75,79,68,68,63,63,63,42,69,69,69,69,58,58,64,64,0],"gold":38,"neow_bonus":"THREE_ENEMY_KILL","is_prod":false,"is_daily":false,"chose_seed":false,"campfire_upgraded":10,"win_rate":0,"timestamp":1550708146,"path_taken":["M","?","?","?","M","R","?","R","T","E","$","R","M","E","R","BOSS","M","$","?","M","?","R","E","R","T","E","$","?","E","M","R","BOSS","M","?","?","M","$","R","E","R","T","R","?","M","?","M","R","BOSS"],"build_version":"2019-01-23","purchased_purges":2,"victory":false,"max_hp_per_floor":[80,80,80,80,80,80,80,80,80,80,80,80,80,80,80,80,80,80,80,80,80,80,80,80,80,90,90,90,90,90,90,90,90,90,90,90,90,90,90,90,90,90,90,90,90,90,90,90,90,90],"card_choices":[{"not_picked":["Armaments","Clash"],"picked":"Sword Boomerang","floor":1.0},{"not_picked":["Clash","Wild Strike"],"picked":"Shrug It Off","floor":2.0},{"not_picked":["Perfected Strike","Body Slam"],"picked":"Shrug It Off","floor":5.0},{"not_picked":["Body Slam","Wild Strike","Clothesline"],"picked":"SKIP","floor":10.0},{"not_picked":["Warcry","Twin Strike"],"picked":"Inflame","floor":13.0},{"not_picked":["Iron Wave","Seeing Red"],"picked":"Sword Boomerang","floor":14.0},{"not_picked":["Brutality","Offering+1"],"picked":"Double Tap+1","floor":16.0},{"not_picked":["Body Slam","Uppercut","Havoc+1"],"picked":"SKIP","floor":18.0},{"not_picked":["Battle Trance+1","Pommel Strike"],"picked":"Sword Boomerang+1","floor":20.0},{"not_picked":["Warcry+1","Cleave","Pommel Strike"],"picked":"SKIP","floor":21.0},{"not_picked":["Armaments+1","Anger"],"picked":"Heavy Blade","floor":24.0},{"not_picked":["Brutality","Havoc+1","Armaments+1"],"picked":"SKIP","floor":27.0},{"not_picked":["Seeing Red+1","Entrench+1","Clothesline"],"picked":"SKIP","floor":30.0},{"not_picked":["Fire Breathing","Clothesline","Headbutt+1"],"picked":"SKIP","floor":31.0},{"not_picked":["Bludgeon","Barricade"],"picked":"Offering+1","floor":33.0},{"not_picked":["Warcry+1","Thunderclap+1","Body Slam"],"picked":"SKIP","floor":35.0},{"not_picked":["Dramatic Entrance","Flash of Steel"],"picked":"Madness+1","floor":37.0},{"not_picked":["Clothesline","Shockwave+1","Perfected Strike"],"picked":"SKIP","floor":38.0},{"not_picked":["Headbutt","Juggernaut","Clash"],"picked":"SKIP","floor":41},{"not_picked":["Clash","Bloodletting+1","Warcry+1"],"picked":"SKIP","floor":46},{"not_picked":["Sword Boomerang","Headbutt+1"],"picked":"Double Tap+1","floor":48}],"player_experience":292343,"relics_obtained":[{"floor":9.0,"key":"Mercury Hourglass"},{"floor":10.0,"key":"Meat on the Bone"},{"floor":14.0,"key":"Toxic Egg 2"},{"floor":24.0,"key":"Anchor"},{"floor":26.0,"key":"Pear"},{"floor":27.0,"key":"Ice Cream"},{"floor":30.0,"key":"Pantograph"},{"floor":41,"key":"Calipers"},{"floor":43,"key":"Letter Opener"}],"event_choices":[{"damage_healed":0.0,"max_hp_gain":0.0,"max_hp_loss":0.0,"gold_gain":0.0,"event_name":"Golden Idol","player_choice":"Take Damage","floor":3.0,"gold_loss":0.0,"damage_taken":20.0,"relics_obtained":["Golden Idol"]},{"damage_healed":0.0,"max_hp_gain":0.0,"max_hp_loss":0.0,"gold_gain":0.0,"event_name":"Shining Light","player_choice":"Entered Light","floor":4.0,"gold_loss":0.0,"damage_taken":16.0,"cards_upgraded":["Defend_R","Strike_R"]},{"damage_healed":0.0,"max_hp_gain":0.0,"max_hp_loss":0.0,"gold_gain":0.0,"event_name":"The Mausoleum","player_choice":"Opened","floor":22.0,"gold_loss":0.0,"damage_taken":0.0,"relics_obtained":["War Paint"]},{"damage_healed":0.0,"max_hp_gain":0.0,"max_hp_loss":0.0,"gold_gain":0.0,"event_name":"Masked Bandits","player_choice":"Paid Fearfully","floor":29.0,"gold_loss":69.0,"damage_taken":0.0},{"damage_healed":0.0,"max_hp_gain":0.0,"max_hp_loss":0.0,"gold_gain":0.0,"event_name":"Winding Halls","player_choice":"Embrace Madness","floor":36.0,"gold_loss":0.0,"damage_taken":11.0,"cards_obtained":["Madness","Madness"]},{"damage_healed":0.0,"max_hp_gain":0.0,"max_hp_loss":0.0,"gold_gain":0.0,"event_name":"SensoryStone","player_choice":"Memory 1","floor":37.0,"gold_loss":0.0,"damage_taken":0.0},{"damage_healed":0,"gold_gain":0,"player_choice":"Paid","damage_taken":0,"relics_obtained":["Red Mask"],"max_hp_gain":0,"max_hp_loss":0,"event_name":"Tomb of Lord Red Mask","floor":45,"gold_loss":83},{"damage_healed":0,"gold_gain":0,"player_choice":"Ignored","damage_taken":0,"max_hp_gain":0,"max_hp_loss":0,"event_name":"Mysterious Sphere","floor":47,"gold_loss":0}],"is_beta":false,"boss_relics":[{"not_picked":["Orrery","Philosopher\u0027s Stone"],"picked":"Cursed Key"},{"not_picked":["Velvet Choker","Runic Cube"],"picked":"Black Blood"}],"items_purged_floors":[28,39],"is_endless":false,"potions_floor_spawned":[2,10,13,18,33,38,48],"killed_by":"Awakened One","ascension_level":7}