{"path_per_floor":["M","M","?","T","?","$","E","$","T","?","M","?","M","M","R","B",null,"M","$","?","M","?"],"character_chosen":"IRONCLAD","items_purchased":["Armaments","Dual Wield","Armaments"],"gold_per_floor":[112,128,128,128,128,6,39,39,39,39,54,4,23,48,48,179,179,202,8,8,29,29],"floor_reached":23,"campfire_rested":0,"playtime":1224,"current_hp_per_floor":[80,80,80,80,60,60,28,28,28,28,36,36,39,47,47,37,84,57,57,57,46,46],"items_purged":["Defend_R","Defend_R"],"gold":29,"score":227,"play_id":"afea5c4e-5b88-486c-9d2e-77658cb828fa","local_time":"20180313190823","is_prod":false,"is_daily":false,"is_ascension_mode":true,"campfire_upgraded":1,"timestamp":1520982503,"path_taken":["M","M","?","?","?","?","E","$","T","?","M","?","M","M","R","BOSS","M","$","?","M","?","E"],"build_version":"2018-03-09","purchased_purges":3,"victory":false,"master_deck":["Strike_R","Strike_R","Strike_R","Strike_R","Defend_R","Bash","True Grit","Armaments","Perfected Strike+1","Seeing Red","Shrug It Off","Reaper","Metallicize","Dual Wield","Armaments"],"max_hp_per_floor":[80,80,80,80,80,80,80,80,80,80,82,82,84,84,84,84,84,84,84,84,86,86],"relics":["Burning Blood","Juzu Bracelet","Thread and Needle","Golden Idol","Singing Bowl","Blood Vial","Lizard Tail","Bag of Preparation"],"card_choices":[{"not_picked":["Searing Blow","Havoc"],"picked":"True Grit"},{"not_picked":["Havoc","Burning Pact"],"picked":"Rupture"},{"not_picked":["Rage","Armaments"],"picked":"Perfected Strike"},{"not_picked":["Pummel","Barricade"],"picked":"Shrug It Off"},{"not_picked":["Fiend Fire","Bludgeon"],"picked":"Reaper"},{"not_picked":["Body Slam","Seeing Red"],"picked":"Metallicize"}],"player_experience":247860,"potions_floor_usage":[21,23,23],"damage_taken":[{"damage":0.0,"enemies":"Small Slimes","floor":1.0,"turns":3.0},{"damage":1.0,"enemies":"Cultist","floor":2.0,"turns":3.0},{"damage":38.0,"enemies":"Gremlin Nob","floor":7.0,"turns":6.0},{"damage":2.0,"enemies":"Jaw Worm","floor":11.0,"turns":3.0},{"damage":7.0,"enemies":"Large Slime","floor":13.0,"turns":8.0},{"damage":0.0,"enemies":"3 Louse","floor":14.0,"turns":3.0},{"damage":18.0,"enemies":"Slime Boss","floor":16.0,"turns":13.0},{"damage":33.0,"enemies":"Spheric Guardian","floor":18.0,"turns":7.0},{"damage":24,"enemies":"Chosen","floor":21,"turns":8},{"damage":118,"enemies":"Slavers","floor":23,"turns":9}],"event_choices":[{"event_name":"Bonfire Elementals","player_choice":"BASIC","floor":3.0,"damage_taken":0.0},{"event_name":"Golden Idol","player_choice":"Take Damage","floor":5.0,"damage_taken":0.0},{"event_name":"Transmorgrifier","player_choice":"Transform","floor":10.0,"damage_taken":0.0},{"event_name":"The Cleric","player_choice":"Card Removal","floor":12.0,"damage_taken":0.0},{"event_name":"The Mausoleum","player_choice":"Yes","floor":20,"damage_taken":0},{"event_name":"Fountain of Cleansing","player_choice":"Removed Curse","floor":22,"damage_taken":0}],"boss_relics":[],"potions_floor_spawned":[1,11,14,16,18],"seed_played":"2728525281403736753","killed_by":"Slavers","ascension_level":4,"is_trial":false}