{"gold_per_floor":[109,184,184,203,203,203,237,252,252,33,46,46,59,20,20,99,99,119,219,219,140,160,160,160,191,191,191,202,202,202,215,215,289,289,303,228,247,263,263,263,263,263,263,280,280,280,293,309,309,309,309],"floor_reached":52,"playtime":3597,"items_purged":["Pain"],"score":1690,"play_id":"a7d04d3a-bf3a-4e25-9c95-802d21465e7e","local_time":"20190303222322","is_ascension_mode":true,"campfire_choices":[{"data":"Bash","floor":6.0,"key":"SMITH"},{"floor":12.0,"key":"DIG"},{"floor":15.0,"key":"DIG"},{"data":"Juggernaut","floor":23.0,"key":"SMITH"},{"floor":29,"key":"DIG"},{"data":"Barricade","floor":32,"key":"SMITH"},{"floor":40,"key":"DIG"},{"floor":42,"key":"DIG"},{"floor":49,"key":"DIG"}],"neow_cost":"NONE","seed_source_timestamp":0,"circlet_count":0,"master_deck":["AscendersBane","Strike_R+1","Strike_R+1","Strike_R+1","Strike_R+1","Strike_R+1","Defend_R+1","Defend_R+1","Defend_R+1","Defend_R+1","Bash+1","Inflame","Thunderclap","Intimidate","Metallicize","Metallicize","Juggernaut+1","Battle Trance","True Grit+1","Metallicize","Barricade+1","Dark Embrace","Corruption","Bandage Up+1","Panacea+1","Dark Shackles+1","Feel No Pain"],"special_seed":0,"relics":["Burning Blood","Blood Vial","Bronze Scales","Turnip","Bird Faced Urn","Shovel","HandDrill","Thread and Needle","Omamori","Velvet Choker","Dead Branch","Gremlin Horn","Ice Cream","Ginger","Happy Flower","Calling Bell","Lantern","Toxic Egg 2","Girya","Charon\u0027s Ashes","Torii","Orichalcum","Sundial","Magic Flower"],"potions_floor_usage":[28,44,50,51],"damage_taken":[{"damage":7.0,"enemies":"Small Slimes","floor":1.0,"turns":5.0},{"damage":4.0,"enemies":"Jaw Worm","floor":4.0,"turns":4.0},{"damage":32.0,"enemies":"Gremlin Nob","floor":7.0,"turns":4.0},{"damage":6.0,"enemies":"Cultist","floor":8.0,"turns":3.0},{"damage":20.0,"enemies":"Exordium Thugs","floor":11.0,"turns":6.0},{"damage":1.0,"enemies":"Gremlin Gang","floor":13.0,"turns":5.0},{"damage":50.0,"enemies":"The Guardian","floor":16.0,"turns":14.0},{"damage":12.0,"enemies":"Shell Parasite","floor":18.0,"turns":5.0},{"damage":7.0,"enemies":"Colosseum Slavers","floor":19.0,"turns":4.0},{"damage":50.0,"enemies":"Colosseum Nobs","floor":19.0,"turns":5.0},{"damage":12.0,"enemies":"2 Thieves","floor":22.0,"turns":4.0},{"damage":11.0,"enemies":"Gremlin Leader","floor":25.0,"turns":6.0},{"damage":12,"enemies":"Snake Plant","floor":28,"turns":2},{"damage":13,"enemies":"Sentry and Sphere","floor":31,"turns":4},{"damage":13,"enemies":"Collector","floor":33,"turns":8},{"damage":70,"enemies":"3 Darklings","floor":35,"turns":6},{"damage":0,"enemies":"3 Shapes","floor":37,"turns":6},{"damage":0,"enemies":"Sphere and 2 Shapes","floor":38,"turns":7},{"damage":11,"enemies":"Writhing Mass","floor":44,"turns":6},{"damage":31,"enemies":"Spire Growth","floor":47,"turns":5},{"damage":22,"enemies":"3 Darklings","floor":48,"turns":5},{"damage":65,"enemies":"Awakened One","floor":50,"turns":21},{"damage":40,"enemies":"Donu and Deca","floor":51,"turns":7}],"seed_played":"7438174893126158223","potions_obtained":[{"floor":1.0,"key":"Poison Potion"},{"floor":7.0,"key":"Fruit Juice"},{"floor":18.0,"key":"Energy Potion"},{"floor":19.0,"key":"SpeedPotion"},{"floor":22.0,"key":"AttackPotion"},{"floor":35,"key":"Block Potion"},{"floor":37,"key":"Block Potion"},{"floor":44,"key":"PowerPotion"},{"floor":48,"key":"Dexterity Potion"}],"is_trial":false,"path_per_floor":["M","?","T","M","?","R","E","M","T","$","M","R","M","$","R","B",null,"M","?","?","$","M","R","?","E","T","?","M","R","?","M","R","B",null,"M","$","M","M","?","R","?","R","T","M","T","$","M","M","R","B","B",null],"character_chosen":"IRONCLAD","items_purchased":["HandDrill","Metallicize","Metallicize"],"campfire_rested":0,"item_purchase_floors":[10,14,21],"current_hp_per_floor":[69,58,58,62,62,62,38,42,42,47,37,37,46,46,46,10,63,67,36,36,36,42,42,42,51,51,51,47,47,47,54,54,61,75,27,27,55,80,76,76,66,66,66,76,76,76,65,75,75,46,63],"gold":309,"neow_bonus":"RANDOM_COMMON_RELIC","is_prod":false,"is_daily":false,"chose_seed":false,"campfire_upgraded":3,"win_rate":0,"timestamp":1551619402,"path_taken":["M","?","?","M","?","R","E","?","T","?","?","R","M","$","R","BOSS","M","?","?","$","M","R","?","E","T","?","M","R","?","M","R","BOSS","M","$","?","M","?","R","?","R","T","M","?","?","?","M","R","BOSS","BOSS"],"build_version":"2019-01-23","purchased_purges":1,"victory":true,"max_hp_per_floor":[75,75,75,75,75,75,75,75,75,80,80,80,80,80,80,80,80,80,80,80,80,80,80,80,80,80,80,80,80,80,80,80,80,80,80,80,80,80,76,76,76,76,76,76,76,76,76,76,76,76,76],"card_choices":[{"not_picked":["Cleave","Entrench"],"picked":"Inflame","floor":1.0},{"not_picked":["Iron Wave","Headbutt"],"picked":"Thunderclap","floor":4.0},{"not_picked":["Spot Weakness","Fiend Fire"],"picked":"Thunderclap","floor":7.0},{"not_picked":["Havoc","Wild Strike"],"picked":"Intimidate","floor":8.0},{"not_picked":["Sword Boomerang","Headbutt","Shockwave"],"picked":"SKIP","floor":11.0},{"not_picked":["Clothesline","Warcry"],"picked":"Metallicize","floor":13.0},{"not_picked":["Immolate","Impervious"],"picked":"Juggernaut","floor":16.0},{"not_picked":["Evolve","Anger+1"],"picked":"Battle Trance","floor":18.0},{"not_picked":["Perfected Strike+1","Flame Barrier"],"picked":"True Grit+1","floor":19.0},{"not_picked":["Pommel Strike","True Grit","Uppercut"],"picked":"SKIP","floor":22.0},{"not_picked":["Heavy Blade","Flex","Searing Blow"],"picked":"SKIP","floor":25.0},{"not_picked":["Headbutt+1","Clash","Armaments+1"],"picked":"SKIP","floor":28},{"not_picked":["Rampage","Body Slam"],"picked":"Barricade","floor":31},{"not_picked":["Brutality","Limit Break"],"picked":"Dark Embrace","floor":33},{"not_picked":["Spot Weakness+1","Pummel","Perfected Strike"],"picked":"SKIP","floor":35},{"not_picked":["Anger","Cleave"],"picked":"Corruption","floor":37},{"not_picked":["Bloodletting+1","Anger+1","Clash+1"],"picked":"SKIP","floor":38},{"not_picked":["Violence+1","Master of Strategy+1"],"picked":"Bandage Up+1","floor":41},{"not_picked":["Dramatic Entrance","Deep Breath+1"],"picked":"Panacea+1","floor":41},{"not_picked":["Finesse+1","Discovery+1"],"picked":"Dark Shackles+1","floor":41},{"not_picked":["Anger","Havoc+1"],"picked":"Feel No Pain","floor":44},{"not_picked":["Power Through+1","Sword Boomerang","Clothesline"],"picked":"SKIP","floor":47},{"not_picked":["Metallicize","Cleave","Dual Wield+1"],"picked":"SKIP","floor":48}],"player_experience":1048686,"relics_obtained":[{"floor":3.0,"key":"Bronze Scales"},{"floor":7.0,"key":"Bird Faced Urn"},{"floor":9.0,"key":"Shovel"},{"floor":12.0,"key":"Thread and Needle"},{"floor":15.0,"key":"Omamori"},{"floor":19.0,"key":"Dead Branch"},{"floor":19.0,"key":"Gremlin Horn"},{"floor":25.0,"key":"Ice Cream"},{"floor":26.0,"key":"Ginger"},{"floor":29,"key":"Happy Flower"},{"floor":34,"key":"Lantern"},{"floor":34,"key":"Toxic Egg 2"},{"floor":34,"key":"Girya"},{"floor":40,"key":"Charon\u0027s Ashes"},{"floor":42,"key":"Torii"},{"floor":43,"key":"Orichalcum"},{"floor":45,"key":"Sundial"},{"floor":49,"key":"Magic Flower"}],"event_choices":[{"damage_healed":0.0,"max_hp_gain":0.0,"max_hp_loss":0.0,"gold_gain":75.0,"event_name":"World of Goop","player_choice":"Gather Gold","floor":2.0,"gold_loss":0.0,"damage_taken":11.0},{"cards_removed":["Thunderclap"],"damage_healed":0.0,"max_hp_gain":0.0,"max_hp_loss":0.0,"gold_gain":0.0,"event_name":"WeMeetAgain","player_choice":"Gave Card","floor":5.0,"gold_loss":0.0,"damage_taken":0.0,"relics_obtained":["Turnip"]},{"damage_healed":0.0,"max_hp_gain":0.0,"max_hp_loss":0.0,"gold_gain":0.0,"event_name":"Colosseum","player_choice":"Fight","floor":19.0,"gold_loss":0.0,"damage_taken":0.0},{"damage_healed":0.0,"max_hp_gain":0.0,"max_hp_loss":0.0,"gold_gain":0.0,"event_name":"Colosseum","player_choice":"Fought Nobs","floor":19.0,"gold_loss":0.0,"damage_taken":0.0},{"damage_healed":0.0,"max_hp_gain":0.0,"max_hp_loss":0.0,"gold_gain":0.0,"event_name":"Back to Basics","player_choice":"Simplicity","floor":20.0,"gold_loss":0.0,"damage_taken":0.0,"cards_upgraded":["Strike_R","Strike_R","Strike_R","Strike_R","Strike_R","Defend_R","Defend_R","Defend_R","Defend_R"]},{"damage_healed":0.0,"max_hp_gain":0.0,"max_hp_loss":0.0,"gold_gain":0.0,"event_name":"Vampires","player_choice":"Ignored","floor":24.0,"gold_loss":0.0,"damage_taken":0.0},{"damage_healed":0,"gold_gain":0,"player_choice":"Ignored","damage_taken":0,"max_hp_gain":0,"max_hp_loss":0,"event_name":"Cursed Tome","floor":27,"gold_loss":0},{"damage_healed":0,"gold_gain":0,"player_choice":"0 cards matched","damage_taken":0,"max_hp_gain":0,"max_hp_loss":0,"event_name":"Match and Keep!","floor":30,"gold_loss":0,"cards_obtained":[]},{"damage_healed":0,"gold_gain":0,"player_choice":"Max HP","damage_taken":0,"max_hp_gain":0,"max_hp_loss":4,"event_name":"Winding Halls","floor":39,"gold_loss":0},{"damage_healed":0,"gold_gain":0,"player_choice":"Memory 3","damage_taken":10,"max_hp_gain":0,"max_hp_loss":0,"event_name":"SensoryStone","floor":41,"gold_loss":0}],"is_beta":false,"boss_relics":[{"not_picked":["Tiny House","Lizard Tail"],"picked":"Velvet Choker"},{"not_picked":["White Beast Statue","Pandora\u0027s Box"],"picked":"Calling Bell"}],"items_purged_floors":[36],"is_endless":false,"potions_floor_spawned":[1,7,18,19,22,35,37,44,48],"ascension_level":20}