{"gold_per_floor":[109,109,124,145,77,77,112,3,3,3,24,24],"floor_reached":12,"playtime":653,"items_purged":["Strike_G"],"score":98,"play_id":"1d2fd074-45f6-468c-b7fe-cb70942b9189","local_time":"20181024005057","is_ascension_mode":true,"campfire_choices":[{"data":"Accuracy","floor":6,"key":"SMITH"}],"neow_cost":"NONE","seed_source_timestamp":1200623718939760,"circlet_count":0,"master_deck":["Defend_G","Defend_G","Defend_G","Defend_G","Defend_G","Strike_G","Strike_G","Strike_G","Strike_G","Survivor","Neutralize","Acrobatics","Cloak And Dagger","Infinite Blades","Dodge and Roll","Accuracy+1","Burst","Footwork+1"],"relics":["Ring of the Snake","Golden Idol","StoneCalendar","Tough Bandages"],"potions_floor_usage":[11,11,12],"damage_taken":[{"damage":1,"enemies":"2 Louse","floor":1,"turns":3},{"damage":0,"enemies":"Small Slimes","floor":3,"turns":4},{"damage":0,"enemies":"Jaw Worm","floor":4,"turns":4},{"damage":40,"enemies":"Lagavulin","floor":7,"turns":7},{"damage":1,"enemies":"Gremlin Gang","floor":11,"turns":7},{"damage":39,"enemies":"Gremlin Nob","floor":12,"turns":6}],"seed_played":"6447304212399449479","potions_obtained":[{"floor":3,"key":"Weak Potion"},{"floor":7,"key":"GhostInAJar"},{"floor":11,"key":"Dexterity Potion"}],"is_trial":false,"path_per_floor":["M","?","M","M","$","R","E","$","T","?","M"],"character_chosen":"THE_SILENT","items_purchased":["Accuracy","Footwork"],"campfire_rested":0,"item_purchase_floors":[5,8],"current_hp_per_floor":[69,52,52,52,52,52,12,12,12,12,11,0],"gold":24,"neow_bonus":"THREE_CARDS","is_prod":false,"is_daily":false,"chose_seed":false,"campfire_upgraded":1,"win_rate":0,"timestamp":1540356657,"path_taken":["M","?","M","M","$","R","E","$","T","?","M","E"],"build_version":"2018-10-18","purchased_purges":1,"victory":false,"max_hp_per_floor":[70,70,70,70,70,70,70,70,70,70,70,70],"card_choices":[{"not_picked":["Bane","Flying Knee"],"picked":"Acrobatics","floor":0},{"not_picked":["Finisher","Deadly Poison"],"picked":"Cloak And Dagger","floor":1},{"not_picked":["Setup","Prepared"],"picked":"Infinite Blades","floor":3},{"not_picked":["Dagger Throw","Outmaneuver"],"picked":"Dodge and Roll","floor":4},{"not_picked":["Catalyst","Acrobatics"],"picked":"Burst","floor":7},{"not_picked":["Bouncing Flask","Flying Knee","Bane"],"picked":"SKIP","floor":11}],"player_experience":675593,"relics_obtained":[{"floor":7,"key":"StoneCalendar"},{"floor":9,"key":"Tough Bandages"}],"event_choices":[{"damage_healed":0,"gold_gain":0,"player_choice":"Take Damage","damage_taken":17,"relics_obtained":["Golden Idol"],"max_hp_gain":0,"max_hp_loss":0,"event_name":"Golden Idol","floor":2,"gold_loss":0},{"damage_healed":0,"gold_gain":0,"player_choice":"Upgraded","damage_taken":0,"max_hp_gain":0,"max_hp_loss":0,"event_name":"Upgrade Shrine","floor":10,"gold_loss":0,"cards_upgraded":["Footwork"]}],"is_beta":false,"boss_relics":[],"items_purged_floors":[8],"is_endless":false,"potions_floor_spawned":[3,7,11],"killed_by":"Gremlin Nob","ascension_level":5}