{"gold_per_floor":[116,15,30,30,42,42,42,42,42,52,52,52,52,72,72,173,173,187,207,34,46,57,57,57,57,57,57,71,83,4,23,23,128,128,148,158,158,58,75,75,75,87,87,87,97,109,109,125,125,125],"floor_reached":51,"playtime":1706,"items_purged":["Strike_R","Strike_R"],"score":693,"play_id":"fdd50118-a0be-4e53-bb75-afed77ccb836","local_time":"20181006002158","is_ascension_mode":false,"campfire_choices":[{"data":"Heavy Blade","floor":6,"key":"SMITH"},{"data":"Limit Break","floor":8,"key":"SMITH"},{"data":"Flex","floor":11,"key":"SMITH"},{"data":"Flex","floor":13,"key":"SMITH"},{"data":"Sword Boomerang","floor":15,"key":"SMITH"},{"data":"True Grit","floor":23,"key":"SMITH"},{"data":"Flex","floor":25,"key":"SMITH"},{"floor":32,"key":"REST"},{"floor":41,"key":"REST"},{"floor":47,"key":"REST"},{"floor":49,"key":"REST"}],"neow_cost":"NONE","seed_source_timestamp":1975223378023058,"circlet_count":0,"master_deck":["Strike_R","Strike_R","Defend_R","Defend_R","Defend_R","Defend_R","Bash","Bludgeon","Heavy Blade","Flex+1","Heavy Blade+1","Flex+1","Limit Break+1","Sword Boomerang+1","Offering","True Grit+1","Flex+1","Whirlwind","Heavy Blade","Heavy Blade","RitualDagger","Limit Break","Inflame","Sword Boomerang"],"relics":["Burning Blood","Boot","Sozu","Paper Frog","Busted Crown","Turnip","Gremlin Horn"],"potions_floor_usage":[42,50,50],"damage_taken":[{"damage":6,"enemies":"2 Louse","floor":1,"turns":2},{"damage":0,"enemies":"Cultist","floor":3,"turns":2},{"damage":11,"enemies":"Jaw Worm","floor":5,"turns":2},{"damage":17,"enemies":"Lots of Slimes","floor":10,"turns":6},{"damage":9,"enemies":"Blue Slaver","floor":14,"turns":3},{"damage":47,"enemies":"Hexaghost","floor":16,"turns":5},{"damage":5,"enemies":"Chosen","floor":18,"turns":2},{"damage":11,"enemies":"Shell Parasite","floor":19,"turns":3},{"damage":6,"enemies":"Sentry and Sphere","floor":21,"turns":3},{"damage":16,"enemies":"Centurion and Healer","floor":22,"turns":2},{"damage":16,"enemies":"Chosen and Byrds","floor":28,"turns":2},{"damage":16,"enemies":"Cultist and Chosen","floor":29,"turns":3},{"damage":6,"enemies":"Centurion and Healer","floor":31,"turns":2},{"damage":24,"enemies":"Champ","floor":33,"turns":5},{"damage":0,"enemies":"Orb Walker","floor":35,"turns":1},{"damage":24,"enemies":"3 Darklings","floor":36,"turns":4},{"damage":15,"enemies":"Mind Bloom Boss Battle","floor":37,"turns":2},{"damage":40,"enemies":"Reptomancer","floor":39,"turns":4},{"damage":1,"enemies":"Transient","floor":42,"turns":5},{"damage":12,"enemies":"4 Shapes","floor":45,"turns":1},{"damage":35,"enemies":"Sphere and 2 Shapes","floor":46,"turns":4},{"damage":6,"enemies":"Reptomancer","floor":48,"turns":2},{"damage":64,"enemies":"Awakened One","floor":50,"turns":6}],"seed_played":"-6123197365709184356","potions_obtained":[{"floor":5,"key":"Ancient Potion"},{"floor":14,"key":"Dexterity Potion"},{"floor":16,"key":"SneckoOil"}],"is_trial":false,"path_per_floor":["M","$","M","$","M","R","?","R","T","M","R","?","R","M","R","B",null,"M","M","$","M","M","R","?","R","T","?","M","M","$","M","R","B",null,"M","M","?","$","M","?","R","M","T","$","M","M","R","M","R","B"],"character_chosen":"IRONCLAD","items_purchased":["Flex","Heavy Blade","Flex","Whirlwind","Inflame"],"campfire_rested":4,"item_purchase_floors":[2,2,20,20,30],"current_hp_per_floor":[80,80,80,80,75,75,75,75,75,64,64,69,69,66,66,25,85,85,80,80,80,70,70,64,64,64,64,54,44,44,44,69,51,85,85,67,58,58,24,24,49,54,54,54,48,19,44,44,69,11],"gold":125,"neow_bonus":"ONE_RANDOM_RARE_CARD","is_prod":false,"is_daily":false,"chose_seed":false,"campfire_upgraded":7,"win_rate":0,"timestamp":1538799718,"path_taken":["M","$","M","$","M","R","?","R","T","M","R","?","R","?","R","BOSS","M","M","$","M","M","R","?","R","T","?","M","M","$","M","R","BOSS","M","?","?","$","M","?","R","M","T","$","M","?","R","M","R","BOSS"],"build_version":"2018-10-04v2","purchased_purges":2,"victory":true,"max_hp_per_floor":[80,80,80,80,80,80,80,80,80,80,80,85,85,85,85,85,85,85,85,85,85,85,85,85,85,85,85,85,85,85,85,85,85,85,85,85,85,85,85,85,85,85,85,85,85,85,85,85,85,85],"card_choices":[{"not_picked":["Shrug It Off","Havoc"],"picked":"Heavy Blade","floor":1},{"not_picked":["Carnage","Sentinel"],"picked":"Flex","floor":3},{"not_picked":["Hemokinesis","Barricade","Uppercut"],"picked":"SKIP","floor":5},{"not_picked":["Warcry","Ghostly Armor","Fire Breathing"],"picked":"SKIP","floor":10},{"not_picked":["Wild Strike","Perfected Strike"],"picked":"Sword Boomerang","floor":14},{"not_picked":["Bludgeon","Exhume"],"picked":"Offering","floor":16},{"not_picked":["Clash","Bloodletting"],"picked":"True Grit","floor":18},{"not_picked":["Second Wind+1","Iron Wave","Pommel Strike"],"picked":"SKIP","floor":19},{"not_picked":["Clothesline","Hemokinesis"],"picked":"Heavy Blade","floor":21},{"not_picked":["Perfected Strike","Warcry+1"],"picked":"Heavy Blade","floor":22},{"not_picked":["Iron Wave","True Grit","Perfected Strike"],"picked":"SKIP","floor":28},{"not_picked":["Sword Boomerang+1","Infernal Blade+1"],"picked":"Limit Break","floor":29},{"not_picked":["Clothesline","Carnage"],"picked":"Sword Boomerang","floor":31},{"not_picked":["Clothesline+1"],"picked":"SKIP","floor":35},{"not_picked":["Pommel Strike+1"],"picked":"SKIP","floor":36},{"not_picked":["Clothesline+1"],"picked":"SKIP","floor":39},{"not_picked":["Pommel Strike+1"],"picked":"SKIP","floor":42},{"not_picked":["Thunderclap+1"],"picked":"SKIP","floor":45},{"not_picked":["Disarm+1"],"picked":"SKIP","floor":46},{"not_picked":["Sever Soul"],"picked":"SKIP","floor":48}],"player_experience":577505,"relics_obtained":[{"floor":9,"key":"Boot"},{"floor":26,"key":"Paper Frog"},{"floor":37,"key":"Turnip"},{"floor":43,"key":"Gremlin Horn"}],"event_choices":[{"event_name":"Transmorgrifier","player_choice":"Transform","floor":7,"damage_taken":0},{"event_name":"Big Fish","player_choice":"Donut","floor":12,"damage_taken":0},{"event_name":"Nest","player_choice":"Joined the Cult","floor":24,"damage_taken":0},{"event_name":"Ghosts","player_choice":"Ignored","floor":27,"damage_taken":0},{"event_name":"MindBloom","player_choice":"Fight","floor":37,"damage_taken":0},{"event_name":"The Moai Head","player_choice":"Ignored","floor":40,"damage_taken":0}],"is_beta":false,"boss_relics":[{"not_picked":["Runic Cube","Ectoplasm"],"picked":"Sozu"},{"not_picked":["Empty Cage","Fusion Hammer"],"picked":"Busted Crown"}],"items_purged_floors":[20,38],"is_endless":false,"potions_floor_spawned":[5,14,16,18,19,22,29,37,39,42],"ascension_level":0}