{"gold_per_floor":[117,42,42,42,42,52,52,67,120,148,160,184,196,223,235,344,356,381,409,421,453,365,365,381,381,381,381,31,48,48,67,67,169,169,183,196,80,80],"floor_reached":38,"playtime":1524,"items_purged":["Strike_B","Strike_B"],"score":376,"play_id":"7e04e789-1bcf-46c5-a3c4-244de3d4ad26","local_time":"20190123211410","is_ascension_mode":false,"campfire_choices":[{"data":"Zap","floor":7.0,"key":"SMITH"},{"data":"Conserve Battery","floor":13.0,"key":"SMITH"},{"data":"Dualcast","floor":15.0,"key":"SMITH"},{"data":"Defragment","floor":23.0,"key":"SMITH"},{"data":"Recycle","floor":25.0,"key":"SMITH"},{"data":"Lockon","floor":27.0,"key":"SMITH"},{"data":"Doom and Gloom","floor":30.0,"key":"SMITH"},{"floor":32.0,"key":"REST"}],"neow_cost":"PERCENT_DAMAGE","seed_source_timestamp":0,"circlet_count":0,"master_deck":["Strike_B","Defend_B","Defend_B","Zap+1","Dualcast+1","Doom and Gloom+1","Conserve Battery+1","Lockon+1","Echo Form","Defragment+1","Recycle+1","Redo","Biased Cognition","Defragment"],"special_seed":0,"relics":["Cracked Core","Ornamental Fan","Tiny Chest","MawBank","Velvet Choker","CultistMask","The Courier","Symbiotic Virus","MealTicket","Nuclear Battery","DataDisk"],"potions_floor_usage":[33],"damage_taken":[{"damage":1.0,"enemies":"2 Louse","floor":1.0,"turns":2.0},{"damage":1.0,"enemies":"Cultist","floor":6.0,"turns":3.0},{"damage":0.0,"enemies":"Small Slimes","floor":8.0,"turns":2.0},{"damage":19.0,"enemies":"3 Sentries","floor":10.0,"turns":6.0},{"damage":13.0,"enemies":"Exordium Thugs","floor":12.0,"turns":4.0},{"damage":0.0,"enemies":"Lots of Slimes","floor":14.0,"turns":1.0},{"damage":1.0,"enemies":"Slime Boss","floor":16.0,"turns":8.0},{"damage":25.0,"enemies":"2 Thieves","floor":18.0,"turns":3.0},{"damage":10.0,"enemies":"Shell Parasite","floor":19.0,"turns":4.0},{"damage":10.0,"enemies":"Centurion and Healer","floor":21.0,"turns":3.0},{"damage":0.0,"enemies":"Sentry and Sphere","floor":24.0,"turns":3.0},{"damage":21.0,"enemies":"Snake Plant","floor":29.0,"turns":3.0},{"damage":2.0,"enemies":"Snecko","floor":31.0,"turns":4.0},{"damage":9,"enemies":"Champ","floor":33,"turns":5},{"damage":7,"enemies":"3 Shapes","floor":35,"turns":4},{"damage":45,"enemies":"3 Darklings","floor":36,"turns":4},{"damage":31,"enemies":"Writhing Mass","floor":38,"turns":2}],"seed_played":"-5794382995369707420","potions_obtained":[{"floor":1.0,"key":"EntropicBrew"},{"floor":12.0,"key":"LiquidBronze"},{"floor":16.0,"key":"FocusPotion"},{"floor":21.0,"key":"FocusPotion"},{"floor":31.0,"key":"FocusPotion"},{"floor":33,"key":"Dexterity Potion"}],"is_trial":false,"path_per_floor":["M","$","?","$","?","M","R","M","T","E","$","M","R","M","R","B",null,"M","M","?","M","$","R","M","R","T","R","$","M","R","M","R","B",null,"M","M","$","M"],"character_chosen":"DEFECT","items_purchased":["Symbiotic Virus","MealTicket","DataDisk"],"campfire_rested":1,"item_purchase_floors":[28,28,37],"current_hp_per_floor":[53,53,53,53,53,52,52,52,52,33,33,20,20,20,20,19,75,50,40,40,30,30,30,30,30,30,30,30,9,9,7,29,20,75,68,23,23,0],"gold":80,"neow_bonus":"REMOVE_TWO","is_prod":false,"is_daily":false,"chose_seed":false,"campfire_upgraded":7,"win_rate":0,"timestamp":1548245650,"path_taken":["M","$","?","?","?","M","R","M","T","E","$","M","R","M","R","BOSS","M","M","?","M","?","R","M","R","T","R","$","M","R","M","R","BOSS","M","M","?","M"],"build_version":"2019-01-17v2","purchased_purges":2,"victory":false,"max_hp_per_floor":[75,75,75,75,75,75,75,75,75,75,75,75,75,75,75,75,75,75,75,75,75,75,75,75,75,75,75,75,75,75,75,75,75,75,75,75,75,75],"card_choices":[{"not_picked":["Steam","Blizzard"],"picked":"Doom and Gloom","floor":1.0},{"not_picked":["Cold Snap","Rebound"],"picked":"Conserve Battery","floor":6.0},{"not_picked":["Conserve Battery","Aggregate"],"picked":"Lockon","floor":8.0},{"not_picked":["Hello World","White Noise","Gash"],"picked":"SKIP","floor":10.0},{"not_picked":["Compile Driver","Cold Snap","Hologram"],"picked":"SKIP","floor":12.0},{"not_picked":["Gash","Hologram","Self Repair"],"picked":"SKIP","floor":14.0},{"not_picked":["Amplify","Rainbow"],"picked":"Echo Form","floor":16.0},{"not_picked":["FTL","Aggregate","Coolheaded"],"picked":"SKIP","floor":18.0},{"not_picked":["Cold Snap","Beam Cell","Ball Lightning"],"picked":"SKIP","floor":19.0},{"not_picked":["Hologram","Genetic Algorithm"],"picked":"Defragment","floor":21.0},{"not_picked":["Skim","Leap"],"picked":"Recycle","floor":24.0},{"not_picked":["Compile Driver","Hologram","Blizzard+1"],"picked":"SKIP","floor":29.0},{"not_picked":["Aggregate","Turbo"],"picked":"Redo","floor":31.0},{"not_picked":["Amplify","Fission"],"picked":"Biased Cognition","floor":33},{"not_picked":["Genetic Algorithm+1","Leap+1","Go for the Eyes+1"],"picked":"SKIP","floor":35},{"not_picked":["Hello World+1","Coolheaded"],"picked":"Defragment","floor":36}],"player_experience":876072,"relics_obtained":[{"floor":9.0,"key":"Tiny Chest"},{"floor":10.0,"key":"MawBank"},{"floor":26.0,"key":"The Courier"}],"event_choices":[{"damage_healed":0.0,"max_hp_gain":0.0,"max_hp_loss":0.0,"gold_gain":0.0,"event_name":"WeMeetAgain","player_choice":"Gave Potion","floor":3.0,"gold_loss":0.0,"damage_taken":0.0,"relics_obtained":["Ornamental Fan"]},{"cards_removed":["Defend_B"],"damage_healed":0.0,"max_hp_gain":0.0,"max_hp_loss":0.0,"gold_gain":0.0,"event_name":"Living Wall","player_choice":"Forget","floor":5.0,"gold_loss":0.0,"damage_taken":0.0},{"damage_healed":0.0,"max_hp_gain":0.0,"max_hp_loss":0.0,"gold_gain":0.0,"event_name":"FaceTrader","player_choice":"Trade","floor":20.0,"gold_loss":0.0,"damage_taken":0.0,"relics_obtained":["CultistMask"]}],"is_beta":false,"boss_relics":[{"not_picked":["Empty Cage","Cursed Key"],"picked":"Velvet Choker"},{"not_picked":["Eternal Feather","Orrery"],"picked":"Nuclear Battery"}],"items_purged_floors":[2,22],"is_endless":false,"potions_floor_spawned":[1,12,16,21,31,33,36],"killed_by":"Writhing Mass","ascension_level":0}