{"gold_per_floor":[99,99,99,99,99,99,99,99,99,99,99,99,99,99,99,99,99,99,99,99,99],"floor_reached":21,"playtime":991,"items_purged":[],"score":299,"play_id":"8b2436cb-4239-432b-8fa0-070feda47779","local_time":"20181229112914","is_ascension_mode":true,"campfire_choices":[{"floor":7.0,"key":"REST"},{"floor":11.0,"key":"REST"},{"floor":15.0,"key":"REST"}],"neow_cost":"NONE","seed_source_timestamp":67155340884475,"circlet_count":0,"master_deck":["AscendersBane","Defend_G","Defend_G","Defend_G","Defend_G","Defend_G","Strike_G","Strike_G","Strike_G","Strike_G","Strike_G","Survivor","Neutralize+1","PiercingWail","Cloak And Dagger","Leg Sweep","Deadly Poison","PiercingWail","Backflip","Footwork","Adrenaline+1","Quick Slash","Deadly Poison+1","Dash"],"special_seed":0,"relics":["Ectoplasm","Ninja Scroll","Mercury Hourglass","Toxic Egg 2","Sozu"],"potions_floor_usage":[19],"damage_taken":[{"damage":3.0,"enemies":"2 Louse","floor":1.0,"turns":4.0},{"damage":0.0,"enemies":"Cultist","floor":3.0,"turns":4.0},{"damage":3.0,"enemies":"Small Slimes","floor":4.0,"turns":5.0},{"damage":48.0,"enemies":"Lagavulin","floor":6.0,"turns":13.0},{"damage":7.0,"enemies":"Gremlin Gang","floor":8.0,"turns":6.0},{"damage":4.0,"enemies":"Large Slime","floor":10.0,"turns":5.0},{"damage":3.0,"enemies":"3 Louse","floor":12.0,"turns":2.0},{"damage":4.0,"enemies":"3 Sentries","floor":14.0,"turns":7.0},{"damage":41.0,"enemies":"The Guardian","floor":16.0,"turns":19.0},{"damage":15,"enemies":"Chosen","floor":18,"turns":6},{"damage":10,"enemies":"Shell Parasite","floor":19,"turns":6},{"damage":12,"enemies":"Centurion and Healer","floor":20,"turns":8},{"damage":23,"enemies":"3 Cultists","floor":21,"turns":4}],"seed_played":"2724835272821075681","potions_obtained":[{"floor":1.0,"key":"GamblersBrew"},{"floor":4.0,"key":"SkillPotion"},{"floor":12.0,"key":"Fire Potion"}],"is_trial":false,"path_per_floor":["M","?","M","M","?","E","R","M","T","M","R","M","?","E","R","B",null,"M","M","M","M"],"character_chosen":"THE_SILENT","items_purchased":[],"campfire_rested":3,"item_purchase_floors":[],"current_hp_per_floor":[60,60,60,57,57,9,30,23,23,19,40,37,37,33,54,13,56,41,31,19,0],"gold":99,"neow_bonus":"BOSS_RELIC","is_prod":false,"is_daily":false,"chose_seed":false,"campfire_upgraded":0,"win_rate":0,"timestamp":1546079354,"path_taken":["M","?","?","M","?","E","R","M","T","M","R","M","?","E","R","BOSS","M","M","?","M"],"build_version":"2018-12-20","purchased_purges":0,"victory":false,"max_hp_per_floor":[70,70,70,70,70,70,70,70,70,70,70,70,70,70,70,70,70,70,70,70,70],"card_choices":[{"not_picked":["Well Laid Plans","Escape Plan"],"picked":"PiercingWail","floor":1.0},{"not_picked":["Concentrate","Outmaneuver","Prepared"],"picked":"SKIP","floor":3.0},{"not_picked":["Outmaneuver","Choke"],"picked":"Cloak And Dagger","floor":4.0},{"not_picked":["Deflect","Calculated Gamble"],"picked":"Leg Sweep","floor":6.0},{"not_picked":["Prepared","Outmaneuver"],"picked":"Deadly Poison","floor":8.0},{"not_picked":["Reflex","Heel Hook"],"picked":"PiercingWail","floor":10.0},{"not_picked":["Escape Plan","Prepared"],"picked":"Slice","floor":12.0},{"not_picked":["Sucker Punch","Flying Knee"],"picked":"Footwork","floor":14.0},{"not_picked":["Night Terror+1","Die Die Die"],"picked":"Adrenaline+1","floor":16.0},{"not_picked":["Underhanded Strike","Sucker Punch+1"],"picked":"Quick Slash","floor":18},{"not_picked":["Eviscerate+1","Terror+1"],"picked":"Deadly Poison+1","floor":19},{"not_picked":["Infinite Blades+1","Deflect+1"],"picked":"Dash","floor":20}],"player_experience":521530,"relics_obtained":[{"floor":6.0,"key":"Ninja Scroll"},{"floor":9.0,"key":"Mercury Hourglass"},{"floor":14.0,"key":"Toxic Egg 2"}],"event_choices":[{"damage_healed":0.0,"max_hp_gain":0.0,"max_hp_loss":0.0,"gold_gain":0.0,"event_name":"Accursed Blacksmith","player_choice":"Forge","floor":2.0,"gold_loss":0.0,"damage_taken":0.0,"cards_upgraded":["Neutralize"]},{"damage_healed":0.0,"max_hp_gain":0.0,"max_hp_loss":0.0,"gold_gain":0.0,"event_name":"Shining Light","player_choice":"Ignored","floor":5.0,"gold_loss":0.0,"damage_taken":0.0},{"damage_healed":0.0,"max_hp_gain":0.0,"max_hp_loss":0.0,"gold_gain":0.0,"cards_transformed":["Slice"],"event_name":"Transmorgrifier","player_choice":"Transformed","floor":13.0,"gold_loss":0.0,"damage_taken":0.0,"cards_obtained":["Backflip"]}],"is_beta":false,"boss_relics":[{"not_picked":["Calling Bell","Astrolabe"],"picked":"Sozu"}],"items_purged_floors":[],"is_endless":false,"potions_floor_spawned":[1,4,12,14,19],"killed_by":"3 Cultists","ascension_level":11}