{"path_per_floor":["M","?","M","$","?","R","E","R","T","M","E","M","R","?","R","B",null,"M","?","$","?","?","M"],"character_chosen":"THE_SILENT","items_purchased":["Blade Dance","Bag of Preparation","Infinite Blades"],"gold_per_floor":[111,111,125,43,43,43,72,72,72,92,125,144,144,144,144,244,244,256,256,40,40,40,52],"floor_reached":24,"campfire_rested":1,"playtime":952,"current_hp_per_floor":[70,70,70,70,56,56,56,56,56,58,30,32,53,70,70,70,70,61,45,45,45,45,19],"items_purged":[],"gold":52,"score":377,"play_id":"a1f72a9d-6ed1-423e-bf40-4c1e88370bef","is_prod":false,"is_daily":false,"is_ascension_mode":false,"campfire_upgraded":3,"path_taken":["M","?","M","$","?","R","E","R","T","M","E","M","R","?","R","BOSS","M","?","$","?","?","M","M"],"build_version":"2018-02-08-PROD1","purchased_purges":0,"victory":false,"master_deck":["Defend_G","Defend_G","Defend_G+1","Defend_G","Defend_G","Strike_G","Strike_G","Strike_G+1","Strike_G","Strike_G","Survivor","Neutralize+1","Backstab","Normality","A Thousand Cuts+1","Blade Dance+1","Tools of the Trade","Backflip","Flying Knee","Cloak And Dagger+1","Doppelganger+1","Regret","Doubt","Doubt","Outmaneuver+1","Infinite Blades","Writhe","Leg Sweep"],"max_hp_per_floor":[70,70,70,70,70,70,70,70,70,70,70,70,70,70,70,70,70,70,70,70,70,70,70],"relics":["Ring of the Snake","NeowsBlessing","Ice Cream","Blood Vial","Girya","Vajra","Calling Bell","War Paint","Juzu Bracelet","Toolbox","Nilry\u0027s Codex","Bag of Preparation","Pen Nib"],"card_choices":[{"not_picked":["Flying Knee","Dagger Spray"],"picked":"Backstab"},{"not_picked":["Flying Knee","Outmaneuver"],"picked":"A Thousand Cuts"},{"not_picked":["Expertise","Malaise"],"picked":"Tools of the Trade"},{"not_picked":["Blade Dance","Sucker Punch"],"picked":"Backflip"},{"not_picked":["PiercingWail","Footwork"],"picked":"Flying Knee"},{"not_picked":["Eviscerate","Leg Sweep"],"picked":"Cloak And Dagger"},{"not_picked":["Night Terror","Tactician"],"picked":"Doppelganger"},{"not_picked":["Poisoned Stab","Flying Knee"],"picked":"Outmaneuver"},{"not_picked":["Dagger Throw","Expertise"],"picked":"Leg Sweep"}],"player_experience":68328,"potions_floor_usage":[16,16,23],"damage_taken":[{"damage":0,"enemies":"Jaw Worm","floor":1,"turns":1},{"damage":0,"enemies":"Blue Slaver","floor":3,"turns":1},{"damage":0,"enemies":"Lagavulin","floor":7,"turns":1},{"damage":0,"enemies":"Small Slimes","floor":10,"turns":2},{"damage":30,"enemies":"Gremlin Nob","floor":11,"turns":4},{"damage":0,"enemies":"Exordium Wildlife","floor":12,"turns":3},{"damage":0,"enemies":"Slime Boss","floor":16,"turns":6},{"damage":9,"enemies":"Chosen","floor":18,"turns":4},{"damage":28,"enemies":"2 Thieves","floor":23,"turns":3},{"damage":23,"enemies":"3 Cultists","floor":24,"turns":5}],"event_choices":[{"event_name":"Accursed Blacksmith","player_choice":"Rummage","floor":2,"damage_taken":0},{"event_name":"Shining Light","player_choice":"Entered Light","floor":5,"damage_taken":0},{"event_name":"Big Fish","player_choice":"Banana","floor":14,"damage_taken":0},{"event_name":"Cursed Tome","player_choice":"Obtained Book","floor":19,"damage_taken":0},{"event_name":"Drug Dealer","player_choice":"Ignored","floor":21,"damage_taken":0},{"event_name":"The Mausoleum","player_choice":"Yes","floor":22,"damage_taken":0}],"boss_relics":[{"not_picked":["Tiny House","Question Card"],"picked":"Calling Bell"}],"potions_floor_spawned":[10,11,16],"seed_played":"6635477459927062346","killed_by":"3 Cultists","ascension_level":0,"is_trial":false}