{"gold_per_floor":[114,39,58,158,171,171,200,200,200,225,237,237,262,274,274,379,379,394,377,61,73,92,124,134,134,134,134,166,207,219,106,106,106],"floor_reached":33,"playtime":3478,"items_purged":["Strike_G","Strike_G","Strike_G"],"score":305,"play_id":"337ff2b0-5de4-45fd-8b7f-a669835b2e8f","local_time":"20190226003525","is_ascension_mode":false,"campfire_choices":[{"data":"Deadly Poison","floor":6,"key":"SMITH"},{"data":"Neutralize","floor":8,"key":"SMITH"},{"data":"Deadly Poison","floor":15,"key":"SMITH"},{"floor":25,"key":"REST"},{"floor":27,"key":"REST"},{"floor":32,"key":"REST"}],"neow_cost":"NONE","seed_source_timestamp":48937624808100,"circlet_count":0,"master_deck":["Defend_G","Defend_G","Defend_G","Defend_G","Defend_G","Strike_G","Strike_G","Survivor","Neutralize+1","Poisoned Stab","Deadly Poison+1","Backflip","After Image+1","Backflip","Deadly Poison+1","Dodge and Roll","Malaise","Blade Dance","Calculated Gamble+1","Infinite Blades+1","Infinite Blades+1","PiercingWail","Backflip+1","Well Laid Plans+1","Leg Sweep"],"relics":["Ring of the Serpent","NeowsBlessing","Bottled Lightning","Frozen Egg 2","Boot","Anchor","Snake Skull","Du-Vu Doll","Torii","MawBank","Red Mask"],"potions_floor_usage":[16,22,23,28,29,33],"damage_taken":[{"damage":0,"enemies":"Small Slimes","floor":1,"turns":1},{"damage":0,"enemies":"Cultist","floor":3,"turns":1},{"damage":0,"enemies":"Jaw Worm","floor":5,"turns":1},{"damage":29,"enemies":"3 Sentries","floor":7,"turns":11},{"damage":9,"enemies":"Lagavulin","floor":10,"turns":6},{"damage":0,"enemies":"Exordium Wildlife","floor":11,"turns":4},{"damage":4,"enemies":"3 Sentries","floor":13,"turns":12},{"damage":0,"enemies":"2 Fungi Beasts","floor":14,"turns":3},{"damage":1,"enemies":"The Guardian","floor":16,"turns":9},{"damage":3,"enemies":"Shell Parasite","floor":18,"turns":5},{"damage":0,"enemies":"2 Thieves","floor":19,"turns":4},{"damage":8,"enemies":"Shelled Parasite and Fungi","floor":21,"turns":6},{"damage":13,"enemies":"Centurion and Healer","floor":22,"turns":21},{"damage":26,"enemies":"Gremlin Leader","floor":23,"turns":10},{"damage":0,"enemies":"Snake Plant","floor":24,"turns":6},{"damage":9,"enemies":"Slavers","floor":28,"turns":8},{"damage":11,"enemies":"Masked Bandits","floor":29,"turns":6},{"damage":54,"enemies":"Automaton","floor":33,"turns":16}],"seed_played":"191380423170987203","potions_obtained":[{"floor":7,"key":"AttackPotion"},{"floor":10,"key":"Fire Potion"},{"floor":14,"key":"Swift Potion"},{"floor":19,"key":"SkillPotion"},{"floor":23,"key":"Block Potion"},{"floor":24,"key":"SpeedPotion"},{"floor":28,"key":"FearPotion"}],"is_trial":false,"path_per_floor":["M","$","M","?","M","R","E","R","T","E","M","?","E","M","R","B",null,"M","M","$","M","M","E","M","R","T","R","E","?","?","$","R","B"],"character_chosen":"THE_SILENT","items_purchased":["Infinite Blades+1","Snake Skull"],"campfire_rested":3,"item_purchase_floors":[20,20],"current_hp_per_floor":[70,70,70,70,70,70,41,41,41,32,32,55,51,51,51,50,70,67,67,67,59,46,20,20,41,41,62,53,42,29,29,51,0],"gold":106,"neow_bonus":"THREE_ENEMY_KILL","is_prod":false,"is_daily":false,"chose_seed":false,"campfire_upgraded":3,"win_rate":0,"timestamp":1551159325,"path_taken":["M","$","M","?","?","R","E","R","T","E","M","?","E","M","R","BOSS","M","M","$","M","M","E","M","R","T","R","E","?","?","$","R","BOSS"],"build_version":"2019-01-23","purchased_purges":3,"victory":false,"max_hp_per_floor":[70,70,70,70,70,70,70,70,70,70,70,70,70,70,70,70,70,70,70,70,70,70,70,70,70,70,70,70,70,75,75,75,75],"card_choices":[{"not_picked":["Acrobatics","Underhanded Strike"],"picked":"Poisoned Stab","floor":1},{"not_picked":["Slice","Quick Slash","Underhanded Strike"],"picked":"SKIP","floor":3},{"not_picked":["Calculated Gamble","Bane"],"picked":"Deadly Poison","floor":5},{"not_picked":["Backstab","A Thousand Cuts"],"picked":"Backflip","floor":7},{"not_picked":["Dagger Spray","Eviscerate"],"picked":"After Image+1","floor":10},{"not_picked":["Accuracy+1","Skewer"],"picked":"Backflip","floor":11},{"not_picked":["Eviscerate","Sucker Punch"],"picked":"Deadly Poison","floor":13},{"not_picked":["Terror","Flying Knee"],"picked":"Dodge and Roll","floor":14},{"not_picked":["Unload","Doppelganger"],"picked":"Malaise","floor":16},{"not_picked":["Dagger Throw","Deflect"],"picked":"Blade Dance","floor":18},{"not_picked":["Deadly Poison","Quick Slash+1"],"picked":"Calculated Gamble+1","floor":19},{"not_picked":["Underhanded Strike+1","Dodge and Roll"],"picked":"Infinite Blades+1","floor":21},{"not_picked":["Phantasmal Killer","Sucker Punch","Dagger Throw+1"],"picked":"SKIP","floor":22},{"not_picked":["Backflip","Slice+1"],"picked":"PiercingWail","floor":23},{"not_picked":["Bane","Poisoned Stab"],"picked":"Backflip+1","floor":24},{"not_picked":["Adrenaline","Deflect+1"],"picked":"Well Laid Plans+1","floor":28},{"not_picked":["Finisher","Underhanded Strike"],"picked":"Leg Sweep","floor":29}],"player_experience":1352920,"relics_obtained":[{"floor":7,"key":"Bottled Lightning"},{"floor":9,"key":"Frozen Egg 2"},{"floor":10,"key":"Boot"},{"floor":13,"key":"Anchor"},{"floor":23,"key":"Du-Vu Doll"},{"floor":26,"key":"Torii"},{"floor":28,"key":"MawBank"},{"floor":29,"key":"Red Mask"}],"event_choices":[{"damage_healed":0,"gold_gain":100,"player_choice":"Pray","damage_taken":0,"max_hp_gain":0,"max_hp_loss":0,"event_name":"Golden Shrine","floor":4,"gold_loss":0},{"damage_healed":23,"gold_gain":0,"player_choice":"Banana","damage_taken":0,"max_hp_gain":0,"max_hp_loss":0,"event_name":"Big Fish","floor":12,"gold_loss":0},{"damage_healed":0,"gold_gain":0,"player_choice":"Fought Bandits","damage_taken":0,"max_hp_gain":0,"max_hp_loss":0,"event_name":"Masked Bandits","floor":29,"gold_loss":0},{"damage_healed":0,"gold_gain":0,"player_choice":"Shed Blood","damage_taken":18,"max_hp_gain":5,"max_hp_loss":0,"event_name":"Forgotten Altar","floor":30,"gold_loss":0}],"is_beta":false,"boss_relics":[{"not_picked":["HoveringKite","Fusion Hammer"],"picked":"Ring of the Serpent"}],"items_purged_floors":[2,20,31],"is_endless":false,"potions_floor_spawned":[7,10,14,19,23,24,28],"killed_by":"Automaton","ascension_level":0}