{"gold_per_floor":[109,119,119,134,148,148,167,167,179,211,223,247,259,298,310,424,436,466,478,501,169,183,217,235,235,260,273,198,198,113,138,138,238,238,251,265,1264,722,722,722,752,752,775,786,786,88,115,115],"floor_reached":48,"playtime":3893,"items_purged":["Writhe","Normality","Normality"],"score":634,"play_id":"5579b8d4-5cbb-4e3b-ac4f-7b594cd244ce","local_time":"20190302173813","is_ascension_mode":true,"campfire_choices":[{"data":"Beam Cell","floor":6.0,"key":"SMITH"},{"data":"Loop","floor":11.0,"key":"SMITH"},{"data":"Zap","floor":13.0,"key":"SMITH"},{"data":"Streamline","floor":15.0,"key":"SMITH"},{"floor":29.0,"key":"REST"},{"floor":32.0,"key":"REST"},{"floor":40,"key":"RECALL"},{"data":"Go for the Eyes","floor":42,"key":"SMITH"},{"floor":45,"key":"REST"}],"neow_cost":"NONE","seed_source_timestamp":0,"circlet_count":0,"master_deck":["Zap+1","Dualcast","Steam","Capacitor","Compile Driver","Beam Cell+1","Streamline+1","Loop+1","Amplify","Gash","Electrodynamics","Scrape","Static Discharge","Reprogram","Melter","Go for the Eyes+1","Streamline","Rainbow","Machine Learning","Hologram","Redo","Streamline+1","Buffer","Leap","Go for the Eyes+1","Multi-Cast","Barrage","Aggregate+1","Dark Shackles","BootSequence","Aggregate","Mind Blast","Metamorphosis","Conserve Battery+1"],"special_seed":0,"relics":["Cracked Core","MawBank","Happy Flower","Pen Nib","Pandora\u0027s Box","Vajra","MealTicket","Ornamental Fan","Bronze Scales","Matryoshka","Singing Bowl","Nuclear Battery","Lantern","Art of War","Nunchaku","Ancient Tea Set","Potion Belt","Membership Card","Question Card","Dream Catcher","PreservedInsect"],"potions_floor_usage":[41,44,44,47,47,47,48],"damage_taken":[{"damage":0.0,"enemies":"Cultist","floor":1.0,"turns":3.0},{"damage":0.0,"enemies":"2 Louse","floor":2.0,"turns":2.0},{"damage":0.0,"enemies":"Small Slimes","floor":4.0,"turns":3.0},{"damage":0.0,"enemies":"Looter","floor":5.0,"turns":3.0},{"damage":0.0,"enemies":"3 Louse","floor":7.0,"turns":4.0},{"damage":7.0,"enemies":"Blue Slaver","floor":10.0,"turns":3.0},{"damage":1.0,"enemies":"Large Slime","floor":12.0,"turns":3.0},{"damage":10.0,"enemies":"Lagavulin","floor":14.0,"turns":6.0},{"damage":0.0,"enemies":"Slime Boss","floor":16.0,"turns":7.0},{"damage":30.0,"enemies":"2 Thieves","floor":18.0,"turns":3.0},{"damage":0.0,"enemies":"Spheric Guardian","floor":20.0,"turns":1.0},{"damage":7.0,"enemies":"Cultist and Chosen","floor":22.0,"turns":4.0},{"damage":24.0,"enemies":"Gremlin Leader","floor":23.0,"turns":5.0},{"damage":12.0,"enemies":"Shelled Parasite and Fungi","floor":24.0,"turns":4.0},{"damage":16.0,"enemies":"Snake Plant","floor":27.0,"turns":3.0},{"damage":23.0,"enemies":"Slavers","floor":31.0,"turns":3.0},{"damage":25.0,"enemies":"Champ","floor":33.0,"turns":9.0},{"damage":3,"enemies":"3 Shapes","floor":35,"turns":2},{"damage":2,"enemies":"3 Darklings","floor":36,"turns":3},{"damage":5,"enemies":"Nemesis","floor":41,"turns":5},{"damage":70,"enemies":"Maw","floor":44,"turns":7},{"damage":36,"enemies":"Reptomancer","floor":47,"turns":5},{"damage":10,"enemies":"Writhing Mass","floor":48,"turns":2}],"seed_played":"2748331136922720558","potions_obtained":[{"floor":0.0,"key":"Dexterity Potion"},{"floor":0.0,"key":"SteroidPotion"},{"floor":0.0,"key":"SpeedPotion"},{"floor":2.0,"key":"Block Potion"},{"floor":7.0,"key":"GamblersBrew"},{"floor":10.0,"key":"AttackPotion"},{"floor":16.0,"key":"FairyPotion"},{"floor":18.0,"key":"Weak Potion"},{"floor":23.0,"key":"SteroidPotion"},{"floor":24.0,"key":"Block Potion"},{"floor":27.0,"key":"Dexterity Potion"},{"floor":36,"key":"Energy Potion"},{"floor":41,"key":"SneckoOil"},{"floor":47,"key":"SpeedPotion"}],"is_trial":false,"path_per_floor":["M","M","$","M","M","R","M","T","T","M","R","M","R","E","R","B",null,"M","?","M","$","M","E","M","?","T","M","$","R","?","E","R","B",null,"M","M","?","$","?","R","E","R","T","M","R","$","E","M"],"character_chosen":"DEFECT","items_purchased":["Vajra","MealTicket","Lantern","Art of War","SpeedPotion","Dark Shackles","Membership Card","Aggregate","Question Card","Dream Catcher","FearPotion","FearPotion","Poison Potion","Mind Blast","Metamorphosis"],"campfire_rested":3,"item_purchase_floors":[21,21,38,38,38,38,46,46,46,46,46,46,46,46,46],"current_hp_per_floor":[75,75,75,75,75,75,75,75,75,68,68,67,67,57,57,57,75,45,70,70,70,63,39,27,27,27,11,26,48,48,27,50,25,77,74,72,72,77,77,77,72,72,72,4,27,42,6,0],"gold":115,"neow_bonus":"THREE_SMALL_POTIONS","is_prod":false,"is_daily":false,"chose_seed":false,"campfire_upgraded":5,"win_rate":0,"timestamp":1551544693,"path_taken":["M","M","$","M","M","R","M","?","T","M","R","M","R","E","R","BOSS","M","?","M","$","M","E","M","?","T","M","$","R","?","E","R","BOSS","M","M","?","$","?","R","E","R","T","M","R","$","E","M"],"build_version":"2019-01-23","purchased_purges":3,"victory":false,"max_hp_per_floor":[75,75,75,75,75,75,75,75,75,75,75,75,75,75,75,75,75,75,75,75,75,75,75,75,75,75,75,75,75,75,77,77,77,77,77,77,77,77,77,77,77,77,77,79,79,79,79,79],"card_choices":[{"not_picked":["Turbo","Defragment"],"picked":"Steam","floor":1.0},{"not_picked":["White Noise","Heatsinks"],"picked":"Capacitor","floor":2.0},{"not_picked":["Coolheaded","Hello World"],"picked":"Compile Driver","floor":4.0},{"not_picked":["Redo","Fusion"],"picked":"Beam Cell","floor":5.0},{"not_picked":["Aggregate","Steam"],"picked":"Streamline","floor":7.0},{"not_picked":["Conserve Battery","Compile Driver"],"picked":"Loop","floor":10.0},{"not_picked":["Leap","Chill"],"picked":"Amplify","floor":12.0},{"not_picked":["Coolheaded","Steam Power"],"picked":"Gash","floor":14.0},{"not_picked":["Reboot","Fission"],"picked":"Electrodynamics","floor":16.0},{"not_picked":["Storm","Rebound"],"picked":"Hologram","floor":18.0},{"not_picked":["Turbo","Skim"],"picked":"Redo","floor":20.0},{"not_picked":["Reprogram","Sunder"],"picked":"Streamline+1","floor":22.0},{"not_picked":["Beam Cell","Turbo"],"picked":"Buffer","floor":23.0},{"not_picked":["Heatsinks+1","Turbo"],"picked":"Leap","floor":24.0},{"not_picked":["Rebound+1","Hologram"],"picked":"Go for the Eyes+1","floor":27.0},{"not_picked":["Undo","Heatsinks","Chill+1"],"picked":"Singing Bowl","floor":31.0},{"not_picked":["Creative AI","Reboot"],"picked":"Multi-Cast","floor":33.0},{"not_picked":["Go for the Eyes+1","Rebound"],"picked":"Barrage","floor":35},{"not_picked":["Multi-Cast","Rebound+1"],"picked":"Aggregate+1","floor":36},{"not_picked":["Hologram+1","Capacitor+1"],"picked":"BootSequence","floor":41},{"not_picked":["Compile Driver+1","Scrape+1","Hologram"],"picked":"Singing Bowl","floor":44},{"not_picked":["Turbo+1","Redo+1","Machine Learning"],"picked":"Conserve Battery+1","floor":47}],"player_experience":516703,"relics_obtained":[{"floor":8.0,"key":"MawBank"},{"floor":9.0,"key":"Happy Flower"},{"floor":14.0,"key":"Pen Nib"},{"floor":23.0,"key":"Ornamental Fan"},{"floor":31.0,"key":"Singing Bowl"},{"floor":41,"key":"Nunchaku"},{"floor":43,"key":"Ancient Tea Set"},{"floor":43,"key":"Potion Belt"},{"floor":47,"key":"PreservedInsect"}],"event_choices":[{"damage_healed":25.0,"max_hp_gain":0.0,"max_hp_loss":0.0,"gold_gain":0.0,"event_name":"The Library","player_choice":"Heal","floor":19.0,"gold_loss":0.0,"damage_taken":0.0},{"damage_healed":0.0,"max_hp_gain":0.0,"max_hp_loss":0.0,"gold_gain":0.0,"event_name":"The Mausoleum","player_choice":"Opened","floor":25.0,"gold_loss":0.0,"damage_taken":0.0,"relics_obtained":["Bronze Scales"],"cards_obtained":["Writhe"]},{"damage_healed":0.0,"max_hp_gain":0.0,"max_hp_loss":0.0,"gold_gain":0.0,"event_name":"Addict","player_choice":"Obtained Relic","floor":30.0,"gold_loss":85.0,"damage_taken":0.0,"relics_obtained":["Matryoshka"]},{"damage_healed":0,"gold_gain":999,"player_choice":"Gold","damage_taken":0,"max_hp_gain":0,"max_hp_loss":0,"event_name":"MindBloom","floor":37,"gold_loss":0,"cards_obtained":["Normality","Normality"]},{"damage_healed":0,"gold_gain":0,"player_choice":"Ignored","damage_taken":0,"max_hp_gain":0,"max_hp_loss":0,"event_name":"Tomb of Lord Red Mask","floor":39,"gold_loss":0}],"is_beta":false,"boss_relics":[{"not_picked":["Tiny House","Runic Pyramid"],"picked":"Pandora\u0027s Box"},{"not_picked":["Astrolabe","Busted Crown"],"picked":"Nuclear Battery"}],"items_purged_floors":[28,38,46],"is_endless":false,"potions_floor_spawned":[2,4,7,10,16,18,23,24,27,36,41,47],"killed_by":"Writhing Mass","ascension_level":1}