{"gold_per_floor":[115,133,133,152,170,204,221,253,326,18,18,18,18,34,34,139,139,157,207,182,192,212,246,246,296,296,296,315,10,10,75,75,178,178,193,243,311,361,371,371,421,3,27,77,127,127,7,22,22,22],"floor_reached":51,"playtime":5039,"items_purged":["Strike_R","Regret","Parasite","Normality"],"score":744,"play_id":"e6db8bee-87bf-48e5-a182-e9f332ff92ac","local_time":"20190204224147","is_ascension_mode":true,"campfire_choices":[{"data":"Metallicize","floor":13.0,"key":"SMITH"},{"data":"Metallicize","floor":15.0,"key":"SMITH"},{"data":"Barricade","floor":24.0,"key":"SMITH"},{"data":"Rage","floor":27,"key":"SMITH"},{"data":"Burning Pact","floor":30,"key":"SMITH"},{"data":"Spot Weakness","floor":32,"key":"SMITH"},{"data":"Corruption","floor":40,"key":"SMITH"},{"data":"Body Slam","floor":46,"key":"SMITH"},{"floor":49,"key":"REST"}],"neow_cost":"NONE","seed_source_timestamp":1323486630143868,"circlet_count":0,"master_deck":["Strike_R","Strike_R","Defend_R","Defend_R","Defend_R","Bash","Seeing Red","Battle Trance","Spot Weakness+1","Rage+1","Burning Pact+1","Cleave","Iron Wave","Metallicize+1","Shrug It Off","Flex","Metallicize+1","Barricade+1","Sword Boomerang+1","Battle Trance","Feel No Pain","Juggernaut","Corruption+1","Body Slam+1","Disarm","Spot Weakness","Burning Pact+1","Entrench+1","Second Wind+1","Madness+1","Madness+1","Metallicize"],"special_seed":0,"relics":["Burning Blood","Orichalcum","The Courier","Meat on the Bone","ClockworkSouvenir","Dead Branch","SsserpentHead","Cursed Key","Bronze Scales","Du-Vu Doll","Champion Belt","HandDrill","Orrery","Toxic Egg 2","Ice Cream","Juzu Bracelet"],"potions_floor_usage":[48,50,50],"damage_taken":[{"damage":3.0,"enemies":"Small Slimes","floor":1.0,"turns":3.0},{"damage":6.0,"enemies":"Cultist","floor":2.0,"turns":4.0},{"damage":2.0,"enemies":"Jaw Worm","floor":4.0,"turns":3.0},{"damage":6.0,"enemies":"Looter","floor":5.0,"turns":3.0},{"damage":47.0,"enemies":"Gremlin Nob","floor":6.0,"turns":5.0},{"damage":1.0,"enemies":"Exordium Thugs","floor":7.0,"turns":3.0},{"damage":15.0,"enemies":"Lagavulin","floor":8.0,"turns":6.0},{"damage":1.0,"enemies":"Gremlin Gang","floor":14.0,"turns":5.0},{"damage":27.0,"enemies":"Hexaghost","floor":16.0,"turns":13.0},{"damage":9.0,"enemies":"Spheric Guardian","floor":18.0,"turns":6.0},{"damage":2.0,"enemies":"Chosen","floor":21.0,"turns":5.0},{"damage":4.0,"enemies":"Snecko","floor":22.0,"turns":6.0},{"damage":24.0,"enemies":"Gremlin Leader","floor":23.0,"turns":4.0},{"damage":9,"enemies":"Centurion and Healer","floor":28,"turns":9},{"damage":20,"enemies":"Snake Plant","floor":31,"turns":4},{"damage":18,"enemies":"Automaton","floor":33,"turns":10},{"damage":45,"enemies":"3 Darklings","floor":35,"turns":4},{"damage":10,"enemies":"3 Shapes","floor":37,"turns":6},{"damage":0,"enemies":"Maw","floor":39,"turns":5},{"damage":8,"enemies":"4 Shapes","floor":48,"turns":4},{"damage":30,"enemies":"Donu and Deca","floor":50,"turns":6}],"seed_played":"1007763214462606660","potions_obtained":[{"floor":1.0,"key":"Explosive Potion"},{"floor":5.0,"key":"EssenceOfSteel"},{"floor":6.0,"key":"BloodPotion"},{"floor":16.0,"key":"Strength Potion"},{"floor":18.0,"key":"Poison Potion"},{"floor":22.0,"key":"Explosive Potion"},{"floor":37,"key":"PowerPotion"},{"floor":48,"key":"LiquidBronze"}],"is_trial":false,"path_per_floor":["M","M","$","M","M","E","M","E","T","$","?","?","R","M","R","B",null,"M","?","?","M","M","E","R","?","T","R","M","$","R","M","R","B",null,"M","?","M","?","M","R","T","$","T","?","?","R","$","M","R","B",null],"character_chosen":"IRONCLAD","items_purchased":["ClockworkSouvenir","Shrug It Off","Flex","Feel No Pain","HandDrill","Entrench+1","Ice Cream","Second Wind+1"],"campfire_rested":1,"item_purchase_floors":[10,10,10,29,29,42,42,42],"current_hp_per_floor":[80,80,80,80,80,39,44,43,43,43,25,25,25,42,42,33,80,77,77,77,80,80,62,62,62,62,62,59,59,59,57,57,57,80,53,53,49,49,55,55,55,55,55,45,45,45,45,55,77,53],"gold":22,"neow_bonus":"THREE_CARDS","is_prod":false,"is_daily":false,"chose_seed":false,"campfire_upgraded":8,"win_rate":0,"timestamp":1549320107,"path_taken":["M","M","$","M","M","E","M","E","T","$","?","?","R","M","R","BOSS","M","?","?","M","M","E","R","?","T","R","M","$","R","?","R","BOSS","M","?","?","?","M","R","?","$","T","?","?","R","$","M","R","BOSS"],"build_version":"2019-01-23","purchased_purges":4,"victory":true,"max_hp_per_floor":[80,80,80,80,80,80,80,80,80,80,80,80,80,80,80,80,80,80,80,80,80,80,80,80,80,80,80,80,80,80,80,80,80,80,80,80,80,80,80,80,80,77,77,77,77,77,77,77,77,77],"card_choices":[{"not_picked":["Second Wind","Warcry"],"picked":"Seeing Red","floor":0.0},{"not_picked":["Havoc","Warcry"],"picked":"Battle Trance","floor":1.0},{"not_picked":["Warcry","Rampage"],"picked":"Spot Weakness","floor":2.0},{"not_picked":["Power Through","Twin Strike"],"picked":"Rage","floor":4.0},{"not_picked":["Wild Strike","Reckless Charge"],"picked":"Burning Pact","floor":5.0},{"not_picked":["Heavy Blade","Pummel"],"picked":"Cleave","floor":6.0},{"not_picked":["Perfected Strike","Wild Strike"],"picked":"Iron Wave","floor":7.0},{"not_picked":["Pommel Strike","Clothesline"],"picked":"Metallicize","floor":8.0},{"not_picked":["Anger","Clothesline"],"picked":"Metallicize","floor":14.0},{"not_picked":["Brutality","Bludgeon"],"picked":"Barricade","floor":16.0},{"not_picked":["Shrug It Off","Havoc"],"picked":"Sword Boomerang+1","floor":18.0},{"not_picked":["Thunderclap","Havoc","Reckless Charge"],"picked":"SKIP","floor":21.0},{"not_picked":["Havoc","Anger+1","Shrug It Off"],"picked":"SKIP","floor":22.0},{"not_picked":["Reckless Charge","Bludgeon","Sentinel"],"picked":"SKIP","floor":23.0},{"not_picked":["Clothesline","Flex","Havoc"],"picked":"SKIP","floor":28},{"not_picked":["Shrug It Off","Pommel Strike+1","Ghostly Armor"],"picked":"SKIP","floor":31},{"not_picked":["Offering","Dark Embrace"],"picked":"Juggernaut","floor":33},{"not_picked":["Armaments","Battle Trance"],"picked":"Corruption","floor":34},{"not_picked":["Twin Strike+1","Hemokinesis"],"picked":"Body Slam","floor":34},{"not_picked":["Sword Boomerang","Wild Strike"],"picked":"Disarm","floor":34},{"not_picked":["Body Slam","Flex+1"],"picked":"Spot Weakness","floor":35},{"not_picked":["Battle Trance","Armaments+1"],"picked":"Burning Pact+1","floor":37},{"not_picked":["Cleave","Power Through+1","Havoc+1"],"picked":"SKIP","floor":39},{"not_picked":["True Grit+1","Rage+1"],"picked":"Metallicize","floor":48}],"player_experience":439958,"relics_obtained":[{"floor":6.0,"key":"Orichalcum"},{"floor":8.0,"key":"The Courier"},{"floor":9.0,"key":"Meat on the Bone"},{"floor":23.0,"key":"Du-Vu Doll"},{"floor":26,"key":"Champion Belt"},{"floor":41,"key":"Toxic Egg 2"},{"floor":43,"key":"Juzu Bracelet"}],"event_choices":[{"damage_healed":0.0,"max_hp_gain":0.0,"max_hp_loss":0.0,"gold_gain":0.0,"event_name":"Scrap Ooze","player_choice":"Success","floor":11.0,"gold_loss":0.0,"damage_taken":18.0,"relics_obtained":["Dead Branch"]},{"damage_healed":0.0,"max_hp_gain":0.0,"max_hp_loss":0.0,"gold_gain":0.0,"event_name":"FaceTrader","player_choice":"Trade","floor":12.0,"gold_loss":0.0,"damage_taken":0.0,"relics_obtained":["SsserpentHead"]},{"damage_healed":0.0,"max_hp_gain":0.0,"max_hp_loss":0.0,"gold_gain":0.0,"event_name":"The Mausoleum","player_choice":"Opened","floor":19.0,"gold_loss":0.0,"damage_taken":0.0,"relics_obtained":["Bronze Scales"]},{"cards_removed":["Defend_R"],"damage_healed":0.0,"max_hp_gain":0.0,"max_hp_loss":0.0,"gold_gain":0.0,"event_name":"Beggar","player_choice":"Gave Gold","floor":20.0,"gold_loss":75.0,"damage_taken":0.0},{"damage_healed":0.0,"max_hp_gain":0.0,"max_hp_loss":0.0,"gold_gain":0.0,"cards_transformed":["Strike_R"],"event_name":"Transmorgrifier","player_choice":"Transformed","floor":25.0,"gold_loss":0.0,"damage_taken":0.0,"cards_obtained":["Battle Trance"]},{"cards_removed":["Strike_R"],"damage_healed":0,"gold_gain":0,"player_choice":"Purged","damage_taken":0,"max_hp_gain":0,"max_hp_loss":0,"event_name":"Purifier","floor":36,"gold_loss":0},{"damage_healed":0,"gold_gain":0,"player_choice":"Ignored","damage_taken":0,"max_hp_gain":0,"max_hp_loss":0,"event_name":"Mysterious Sphere","floor":38,"gold_loss":0},{"damage_healed":0,"gold_gain":0,"player_choice":"Embrace Madness","damage_taken":10,"max_hp_gain":0,"max_hp_loss":0,"event_name":"Winding Halls","floor":44,"gold_loss":0,"cards_obtained":["Madness","Madness"]},{"damage_healed":0,"gold_gain":0,"player_choice":"Ignored","damage_taken":0,"max_hp_gain":0,"max_hp_loss":0,"event_name":"Tomb of Lord Red Mask","floor":45,"gold_loss":0}],"is_beta":false,"boss_relics":[{"not_picked":["Lizard Tail","Busted Crown"],"picked":"Cursed Key"},{"not_picked":["Runic Cube","Black Star"],"picked":"Orrery"}],"items_purged_floors":[10,29,42,47],"is_endless":false,"potions_floor_spawned":[1,5,6,16,18,22,37,48],"ascension_level":3}