{"gold_per_floor":[119,119,137,102,29,29,47,103,103,137,151,162,178,196,196,294,294,311,325,325],"floor_reached":20,"playtime":1105,"items_purged":[],"score":188,"play_id":"d98d0672-2397-4e82-8c6b-13236f370411","local_time":"20181110163907","is_ascension_mode":false,"campfire_choices":[{"data":"Static Discharge","floor":6,"key":"SMITH"},{"floor":15,"key":"REST"}],"neow_cost":"NONE","seed_source_timestamp":427619686695679,"circlet_count":0,"master_deck":["Strike_B","Strike_B","Strike_B","Strike_B","Defend_B","Defend_B","Defend_B","Defend_B","Zap","Dualcast","Static Discharge+1","Beam Cell","Darkness","Darkness","Ball Lightning","Tempest","Stack","Genetic Algorithm","Beam Cell","Rainbow","Buffer","White Noise","Rip and Tear"],"relics":["Cracked Core","Potion Belt","Letter Opener","Tiny Chest","Pantograph","Torii","White Beast Statue"],"potions_floor_usage":[8,12,16,20,20,20],"damage_taken":[{"damage":5,"enemies":"Small Slimes","floor":1,"turns":3},{"damage":9,"enemies":"2 Louse","floor":3,"turns":3},{"damage":8,"enemies":"Jaw Worm","floor":7,"turns":3},{"damage":3,"enemies":"Lagavulin","floor":8,"turns":3},{"damage":38,"enemies":"Gremlin Nob","floor":10,"turns":3},{"damage":10,"enemies":"Looter","floor":11,"turns":3},{"damage":0,"enemies":"Large Slime","floor":12,"turns":4},{"damage":8,"enemies":"Exordium Thugs","floor":13,"turns":4},{"damage":7,"enemies":"2 Fungi Beasts","floor":14,"turns":2},{"damage":14,"enemies":"The Guardian","floor":16,"turns":8},{"damage":3,"enemies":"Chosen","floor":18,"turns":4},{"damage":13,"enemies":"Shell Parasite","floor":19,"turns":4},{"damage":15,"enemies":"Colosseum Slavers","floor":20,"turns":4},{"damage":52,"enemies":"Colosseum Nobs","floor":20,"turns":3}],"seed_played":"8717489210155870301","potions_obtained":[{"floor":1,"key":"Dexterity Potion"},{"floor":7,"key":"AttackPotion"},{"floor":11,"key":"Regen Potion"},{"floor":14,"key":"Dexterity Potion"},{"floor":18,"key":"Strength Potion"},{"floor":19,"key":"Explosive Potion"}],"is_trial":false,"path_per_floor":["M","?","M","?","$","R","M","E","T","E","M","M","M","M","R","B",null,"M","M","?"],"character_chosen":"DEFECT","items_purchased":["Darkness"],"campfire_rested":1,"item_purchase_floors":[5],"current_hp_per_floor":[70,67,58,75,75,75,67,64,64,26,16,28,20,13,35,46,75,72,59,0],"gold":325,"neow_bonus":"RANDOM_COMMON_RELIC","is_prod":false,"is_daily":false,"chose_seed":false,"campfire_upgraded":1,"win_rate":0.0,"timestamp":1541885947,"path_taken":["M","?","M","?","?","R","M","E","T","E","M","M","M","M","R","BOSS","M","M","?"],"build_version":"2018-11-08","purchased_purges":0,"victory":false,"max_hp_per_floor":[75,75,75,75,75,75,75,75,75,75,75,75,75,75,75,75,75,75,75,75],"card_choices":[{"not_picked":["Rebound","Barrage"],"picked":"Static Discharge","floor":1},{"not_picked":["Hologram","Blizzard"],"picked":"Beam Cell","floor":3},{"not_picked":["Rip and Tear","Hologram"],"picked":"Darkness","floor":7},{"not_picked":["Beam Cell","FTL"],"picked":"Ball Lightning","floor":8},{"not_picked":["Rebound","Hologram"],"picked":"Tempest","floor":10},{"not_picked":["Scrape","Reprogram"],"picked":"Stack","floor":11},{"not_picked":["Beam Cell","Fusion"],"picked":"Genetic Algorithm","floor":12},{"not_picked":["Cold Snap","Scrape"],"picked":"Beam Cell","floor":13},{"not_picked":["Barrage","Hologram"],"picked":"Rainbow","floor":14},{"not_picked":["Seek","Echo Form"],"picked":"Buffer","floor":16},{"not_picked":["Leap","Ball Lightning"],"picked":"White Noise","floor":18},{"not_picked":["Cold Snap","Beam Cell"],"picked":"Rip and Tear","floor":19}],"player_experience":155071,"relics_obtained":[{"floor":8,"key":"Tiny Chest"},{"floor":9,"key":"Pantograph"},{"floor":10,"key":"Torii"}],"event_choices":[{"damage_healed":0,"gold_gain":0,"player_choice":"Success","damage_taken":3,"relics_obtained":["Letter Opener"],"max_hp_gain":0,"max_hp_loss":0,"event_name":"Scrap Ooze","floor":2,"gold_loss":0},{"damage_healed":18,"gold_gain":0,"player_choice":"Healed","damage_taken":0,"max_hp_gain":0,"max_hp_loss":0,"event_name":"The Cleric","floor":4,"gold_loss":35},{"damage_healed":0,"gold_gain":0,"player_choice":"Fight","damage_taken":0,"max_hp_gain":0,"max_hp_loss":0,"event_name":"Colosseum","floor":20,"gold_loss":0},{"damage_healed":0,"gold_gain":0,"player_choice":"Fought Nobs","damage_taken":0,"max_hp_gain":0,"max_hp_loss":0,"event_name":"Colosseum","floor":20,"gold_loss":0}],"is_beta":false,"boss_relics":[{"not_picked":["Runic Pyramid","Coffee Dripper"],"picked":"White Beast Statue"}],"items_purged_floors":[],"is_endless":false,"potions_floor_spawned":[1,7,11,14,18,19,20],"killed_by":"Colosseum Nobs","ascension_level":0}