{"path_per_floor":["M","M","M","$","M","R","M","$","T","?","R","M","M","M","R","B",null,"M","M","$","?","$"],"character_chosen":"THE_SILENT","items_purchased":["Infinite Blades","Dash","Cloak And Dagger","Cloak And Dagger"],"gold_per_floor":[118,136,147,35,54,54,69,29,29,29,29,39,56,67,67,168,168,188,203,58,58,8,8],"floor_reached":23,"campfire_rested":1,"playtime":1405,"current_hp_per_floor":[63,56,56,56,50,50,40,40,50,50,50,46,42,42,66,9,62,60,51,51,43,43,0],"items_purged":["Strike_G","Regret"],"gold":8,"score":266,"play_id":"d1c977e4-467a-4874-a2c8-eacba90a7556","local_time":"20180416181420","is_prod":false,"is_daily":false,"chose_seed":false,"is_ascension_mode":true,"campfire_upgraded":2,"timestamp":1523916860,"path_taken":["M","M","M","$","M","R","M","$","T","?","R","?","M","M","R","BOSS","M","M","$","?","$","E"],"build_version":"2018-04-12","seed_source_timestamp":0,"purchased_purges":2,"victory":false,"master_deck":["Defend_G","Defend_G","Defend_G","Defend_G","Defend_G","Strike_G","Strike_G","Strike_G","Strike_G","Survivor","Neutralize","Well Laid Plans","Quick Slash","Cloak And Dagger+1","Infinite Blades","Dagger Throw","Cloak And Dagger+1","Dash","Tools of the Trade","Backflip","After Image","Cloak And Dagger","Cloak And Dagger","Cloak And Dagger"],"max_hp_per_floor":[70,70,70,70,70,70,70,70,80,80,80,80,80,80,80,80,80,80,80,80,80,80,80],"relics":["Ring of the Snake","Pear","Shuriken","Sozu"],"card_choices":[{"not_picked":["Masterful Stab","Bane"],"picked":"Well Laid Plans","floor":1.0},{"not_picked":["Slice","Reflex"],"picked":"Quick Slash","floor":2.0},{"not_picked":["Backstab","Dagger Spray"],"picked":"Cloak And Dagger","floor":3.0},{"not_picked":["Acrobatics","Quick Slash"],"picked":"Dagger Throw","floor":5.0},{"not_picked":["Flechettes","Catalyst"],"picked":"Cloak And Dagger","floor":7.0},{"not_picked":["Deflect","Heel Hook"],"picked":"Tools of the Trade","floor":12.0},{"not_picked":["All Out Attack","Outmaneuver"],"picked":"Backflip","floor":13.0},{"not_picked":["Phantasmal Killer","Doppelganger"],"picked":"After Image","floor":16.0},{"not_picked":["Poisoned Stab","Quick Slash"],"picked":"Cloak And Dagger","floor":18}],"player_experience":451669,"potions_floor_usage":[23,23],"damage_taken":[{"damage":0.0,"enemies":"Cultist","floor":1.0,"turns":4.0},{"damage":7.0,"enemies":"Jaw Worm","floor":2.0,"turns":5.0},{"damage":0.0,"enemies":"2 Louse","floor":3.0,"turns":3.0},{"damage":6.0,"enemies":"Red Slaver","floor":5.0,"turns":6.0},{"damage":10.0,"enemies":"3 Louse","floor":7.0,"turns":4.0},{"damage":4.0,"enemies":"Blue Slaver","floor":12.0,"turns":3.0},{"damage":4.0,"enemies":"Red Slaver","floor":13.0,"turns":4.0},{"damage":0.0,"enemies":"Exordium Thugs","floor":14.0,"turns":4.0},{"damage":57.0,"enemies":"The Guardian","floor":16.0,"turns":12.0},{"damage":2,"enemies":"Chosen","floor":18,"turns":5},{"damage":9,"enemies":"Spheric Guardian","floor":19,"turns":4},{"damage":48,"enemies":"Slavers","floor":23,"turns":5}],"event_choices":[{"event_name":"Big Fish","player_choice":"Box","floor":10.0,"damage_taken":0.0},{"event_name":"Wheel of Change","player_choice":"Damage","floor":21,"damage_taken":0}],"boss_relics":[{"not_picked":["Velvet Choker","Lizard Tail"],"picked":"Sozu"}],"potions_floor_spawned":[1,3,16,19],"seed_played":"4693390761434946756","killed_by":"Slavers","ascension_level":6,"is_trial":false}