{"gold_per_floor":[112,125,138,151,161,194,194,222,246,246,246,246,211,238,238,334,334,350,350,350],"floor_reached":20,"playtime":1494,"items_purged":[],"score":492,"play_id":"12b73ca7-e6e7-48cf-831d-ecbeef59f7b3","local_time":"20190114125635","is_ascension_mode":true,"campfire_choices":[{"floor":7,"key":"REST"},{"floor":11,"key":"REST"},{"floor":15,"key":"REST"}],"neow_cost":"NONE","seed_source_timestamp":173127215175481,"circlet_count":0,"master_deck":["AscendersBane","Survivor","Neutralize","Wraith Form v2","Distraction","Cloak And Dagger","Leg Sweep","Poisoned Stab","Flying Knee","Envenom","Deadly Poison","After Image","Burst","Adrenaline","Die Die Die","Burst","Skewer","Leg Sweep","Accuracy","Storm of Steel","Wraith Form v2","Slice","Crippling Poison","Bite","Bite","Bite","Bite","Bite"],"special_seed":0,"relics":["Ring of the Snake","Bag of Preparation","Omamori","Lantern","Juzu Bracelet","PreservedInsect","Pandora\u0027s Box"],"potions_floor_usage":[6,8],"damage_taken":[{"damage":2.0,"enemies":"Cultist","floor":1.0,"turns":6.0},{"damage":1.0,"enemies":"Jaw Worm","floor":2.0,"turns":7.0},{"damage":2.0,"enemies":"2 Louse","floor":3.0,"turns":4.0},{"damage":3.0,"enemies":"Looter","floor":4.0,"turns":3.0},{"damage":4.0,"enemies":"Blue Slaver","floor":5.0,"turns":5.0},{"damage":30,"enemies":"3 Sentries","floor":6,"turns":14},{"damage":49,"enemies":"Lagavulin","floor":8,"turns":8},{"damage":18,"enemies":"3 Sentries","floor":14,"turns":12},{"damage":52,"enemies":"Slime Boss","floor":16,"turns":14},{"damage":11,"enemies":"Spheric Guardian","floor":18,"turns":7},{"damage":0,"enemies":"Shell Parasite","floor":20,"turns":1}],"seed_played":"-6710616933662817966","potions_obtained":[{"floor":1.0,"key":"FearPotion"},{"floor":3.0,"key":"AttackPotion"},{"floor":6,"key":"Regen Potion"},{"floor":8,"key":"SteroidPotion"},{"floor":18,"key":"Poison Potion"}],"is_trial":false,"path_per_floor":["M","M","M","M","M","E","R","E","T","?","R","?","?","E","R","B",null,"M","?","M"],"character_chosen":"THE_SILENT","items_purchased":[],"campfire_rested":3,"item_purchase_floors":[],"current_hp_per_floor":[61,60,58,55,51,21,42,8,8,8,29,34,52,34,56,4,57,46,46,46],"gold":350,"neow_bonus":"ONE_RANDOM_RARE_CARD","is_prod":false,"is_daily":false,"chose_seed":false,"campfire_upgraded":0,"win_rate":0,"timestamp":1547463395,"path_taken":["M","?","M","M","M","E","R","E","T","?","R","?","?","E","R","BOSS","M","?","M"],"build_version":"2019-01-10","purchased_purges":0,"victory":false,"max_hp_per_floor":[70,70,70,70,70,70,70,70,70,70,70,75,75,75,75,75,75,75,52,52],"card_choices":[{"not_picked":["Finisher","Outmaneuver"],"picked":"Distraction","floor":1.0},{"not_picked":["Quick Slash","Leg Sweep"],"picked":"Cloak And Dagger","floor":2.0},{"not_picked":["Dodge and Roll","Masterful Stab"],"picked":"Leg Sweep","floor":3.0},{"not_picked":["Prepared","Deadly Poison"],"picked":"Poisoned Stab","floor":4.0},{"not_picked":["Deadly Poison","Sucker Punch"],"picked":"Flying Knee","floor":5.0},{"not_picked":["PiercingWail","Outmaneuver"],"picked":"Envenom","floor":6},{"not_picked":["Sucker Punch","Concentrate","Skewer"],"picked":"SKIP","floor":8},{"not_picked":["Slice","Prepared"],"picked":"Deadly Poison","floor":14},{"not_picked":["Malaise","Grand Finale"],"picked":"After Image","floor":16},{"not_picked":["Flying Knee","Cloak And Dagger"],"picked":"Crippling Poison","floor":18}],"player_experience":266615,"relics_obtained":[{"floor":6,"key":"Bag of Preparation"},{"floor":8,"key":"Omamori"},{"floor":9,"key":"Lantern"},{"floor":14,"key":"PreservedInsect"}],"event_choices":[{"damage_healed":0,"gold_gain":0,"player_choice":"Gave Potion","damage_taken":0,"relics_obtained":["Juzu Bracelet"],"max_hp_gain":0,"max_hp_loss":0,"event_name":"WeMeetAgain","floor":10,"gold_loss":0},{"damage_healed":0,"gold_gain":0,"player_choice":"Donut","damage_taken":0,"max_hp_gain":5,"max_hp_loss":0,"event_name":"Big Fish","floor":12,"gold_loss":0},{"damage_healed":18,"gold_gain":0,"player_choice":"Healed","damage_taken":0,"max_hp_gain":0,"max_hp_loss":0,"event_name":"The Cleric","floor":13,"gold_loss":35},{"damage_healed":0,"gold_gain":0,"player_choice":"Became a vampire","damage_taken":0,"max_hp_gain":0,"max_hp_loss":23,"event_name":"Vampires","floor":19,"gold_loss":0,"cards_obtained":["Bite","Bite","Bite","Bite","Bite"]}],"is_beta":false,"boss_relics":[{"not_picked":["Empty Cage","HoveringKite"],"picked":"Pandora\u0027s Box"}],"items_purged_floors":[],"is_endless":false,"potions_floor_spawned":[1,3,6,8,18],"killed_by":"Shell Parasite","ascension_level":12}