{"gold_per_floor":[17,17,17,31,31,56,56,90,169,169,203,203,203,163,163,163],"floor_reached":16,"playtime":666,"items_purged":[],"score":182,"play_id":"2175bb0c-b54b-4d68-9155-6e5ca6edfdd5","local_time":"20190114135217","is_ascension_mode":true,"campfire_choices":[{"floor":7.0,"key":"REST"},{"floor":10.0,"key":"REST"},{"floor":13.0,"key":"REST"},{"floor":15.0,"key":"REST"}],"neow_cost":"NO_GOLD","seed_source_timestamp":2488571626506,"circlet_count":0,"master_deck":["AscendersBane","Defend_G","Defend_G","Defend_G","Defend_G","Defend_G","Strike_G","Strike_G","Strike_G","Strike_G","Strike_G","Survivor","Neutralize+1","All Out Attack","Deflect","Backstab","Escape Plan"],"special_seed":0,"relics":["Ring of the Snake","Unceasing Top","Potion Belt","Letter Opener","Ninja Scroll","Frozen Egg 2","Golden Idol"],"potions_floor_usage":[16,16,16],"damage_taken":[{"damage":3.0,"enemies":"Jaw Worm","floor":1.0,"turns":5.0},{"damage":1.0,"enemies":"Small Slimes","floor":4.0,"turns":4.0},{"damage":63.0,"enemies":"Gremlin Nob","floor":6.0,"turns":7.0},{"damage":39.0,"enemies":"Lagavulin","floor":8.0,"turns":7.0},{"damage":8.0,"enemies":"3 Sentries","floor":11.0,"turns":8.0},{"damage":52,"enemies":"Hexaghost","floor":16,"turns":14}],"seed_played":"-2779313043310871564","potions_obtained":[{"floor":4.0,"key":"Fire Potion"},{"floor":6.0,"key":"FairyPotion"},{"floor":14.0,"key":"Block Potion"},{"floor":14.0,"key":"Fruit Juice"},{"floor":14.0,"key":"SkillPotion"}],"is_trial":false,"path_per_floor":["M","?","?","M","$","E","R","E","T","R","E","?","R","?","R","B"],"character_chosen":"THE_SILENT","items_purchased":[],"campfire_rested":4,"item_purchase_floors":[],"current_hp_per_floor":[60,65,65,64,64,1,23,6,6,28,20,2,24,24,46,0],"gold":163,"neow_bonus":"ONE_RARE_RELIC","is_prod":false,"is_daily":false,"chose_seed":false,"campfire_upgraded":0,"win_rate":0,"timestamp":1547466737,"path_taken":["M","?","?","M","?","E","R","E","T","R","E","?","R","?","R","BOSS"],"build_version":"2019-01-10","purchased_purges":0,"victory":false,"max_hp_per_floor":[70,75,75,75,75,75,75,75,75,75,75,75,75,75,75,80],"card_choices":[{"not_picked":["PiercingWail","Blade Dance"],"picked":"All Out Attack","floor":1.0},{"not_picked":["Sucker Punch","Deadly Poison","Eviscerate"],"picked":"SKIP","floor":4.0},{"not_picked":["Blade Dance","Doppelganger"],"picked":"Deflect","floor":6.0},{"not_picked":["Leg Sweep","Sucker Punch"],"picked":"Backstab","floor":8.0},{"not_picked":["Bane","Flechettes"],"picked":"Escape Plan","floor":11.0}],"player_experience":269901,"relics_obtained":[{"floor":6.0,"key":"Potion Belt"},{"floor":8.0,"key":"Letter Opener"},{"floor":9.0,"key":"Ninja Scroll"},{"floor":11.0,"key":"Frozen Egg 2"}],"event_choices":[{"damage_healed":0.0,"max_hp_gain":5.0,"max_hp_loss":0.0,"gold_gain":0.0,"event_name":"Big Fish","player_choice":"Donut","floor":2.0,"gold_loss":0.0,"damage_taken":0.0},{"damage_healed":0.0,"max_hp_gain":0.0,"max_hp_loss":0.0,"gold_gain":0.0,"event_name":"Living Wall","player_choice":"Grow","floor":3.0,"gold_loss":0.0,"damage_taken":0.0,"cards_upgraded":["Neutralize"]},{"damage_healed":0.0,"max_hp_gain":0.0,"max_hp_loss":0.0,"gold_gain":0.0,"event_name":"Golden Idol","player_choice":"Take Damage","floor":12.0,"gold_loss":0.0,"damage_taken":18.0,"relics_obtained":["Golden Idol"]},{"damage_healed":0.0,"max_hp_gain":0.0,"max_hp_loss":0.0,"gold_gain":0.0,"event_name":"The Woman in Blue","player_choice":"Bought 3 Potions","floor":14.0,"gold_loss":0.0,"damage_taken":0.0}],"is_beta":false,"boss_relics":[],"items_purged_floors":[],"is_endless":false,"potions_floor_spawned":[4,6],"killed_by":"Hexaghost","ascension_level":12}