{"gold_per_floor":[110,35,51,51,66,66,98,98,98,115,135,42,57,76,76,178,178,198,48,48,45,58,58,76,76,76,87,87,104,104,121,121,224,224,239,239,251,266,278,278,206,106,106,31,47,47,67,83,83,83],"floor_reached":51,"playtime":5780,"items_purged":["Writhe","Strike_B"],"score":682,"play_id":"7fc9b683-e6dc-44b6-8150-a5c35ff702b3","local_time":"20180914213735","is_ascension_mode":false,"campfire_choices":[{"data":"Buffer","floor":6,"key":"SMITH"},{"floor":15,"key":"REST"},{"data":"Scrape","floor":23,"key":"SMITH"},{"data":"Zap","floor":30,"key":"SMITH"},{"floor":32,"key":"REST"},{"data":"Consume","floor":40,"key":"SMITH"},{"data":"Redo","floor":49,"key":"SMITH"}],"neow_cost":"CURSE","seed_source_timestamp":95292226161943,"circlet_count":0,"master_deck":["Strike_B","Strike_B","Defend_B","Defend_B","Defend_B","Defend_B","Zap+1","Dualcast","Beam Cell","Go for the Eyes","Buffer+1","Gash","Scrape+1","BootSequence","Gash","Beam Cell","Capacitor+1","Self Repair+1","Reboot","Coolheaded","Impatience","Sweeping Beam","Necronomicurse","Beam Cell","Steam","Defragment+1","Beam Cell+1","FTL","All For One","Consume+1","Buffer+1","Gash+1","Coolheaded+1","Stack+1","Defragment+1","Scrape","Coolheaded","Redo+1","Beam Cell"],"relics":["Cracked Core","Torii","Sundial","Frozen Egg 2","Du-Vu Doll","Nuclear Battery","Necronomicon","MutagenicStrength","Blue Candle","Bag of Marbles","Inserter","Letter Opener","Incense Burner"],"potions_floor_usage":[7,10,11,16,31,33,33,50,50,50],"damage_taken":[{"damage":11,"enemies":"Jaw Worm","floor":1,"turns":2},{"damage":0,"enemies":"Cultist","floor":3,"turns":2},{"damage":0,"enemies":"Small Slimes","floor":5,"turns":2},{"damage":0,"enemies":"Gremlin Nob","floor":7,"turns":4},{"damage":0,"enemies":"Gremlin Gang","floor":10,"turns":5},{"damage":8,"enemies":"Red Slaver","floor":11,"turns":3},{"damage":0,"enemies":"Looter","floor":13,"turns":3},{"damage":0,"enemies":"Blue Slaver","floor":14,"turns":3},{"damage":7,"enemies":"Slime Boss","floor":16,"turns":8},{"damage":0,"enemies":"Chosen","floor":18,"turns":6},{"damage":18,"enemies":"2 Thieves","floor":21,"turns":5},{"damage":1,"enemies":"Centurion and Healer","floor":22,"turns":6},{"damage":18,"enemies":"Sentry and Sphere","floor":24,"turns":6},{"damage":23,"enemies":"Snake Plant","floor":27,"turns":6},{"damage":2,"enemies":"3 Cultists","floor":29,"turns":5},{"damage":0,"enemies":"Snecko","floor":31,"turns":4},{"damage":26,"enemies":"Champ","floor":33,"turns":10},{"damage":0,"enemies":"Orb Walker","floor":35,"turns":2},{"damage":0,"enemies":"3 Shapes","floor":37,"turns":5},{"damage":0,"enemies":"Spire Growth","floor":38,"turns":2},{"damage":22,"enemies":"Maw","floor":39,"turns":7},{"damage":0,"enemies":"Transient","floor":45,"turns":5},{"damage":1,"enemies":"Mind Bloom Boss Battle","floor":46,"turns":9},{"damage":0,"enemies":"Reptomancer","floor":47,"turns":6},{"damage":0,"enemies":"3 Darklings","floor":48,"turns":4},{"damage":21,"enemies":"Awakened One","floor":50,"turns":10}],"seed_played":"1658531505146815654","potions_obtained":[{"floor":3,"key":"Poison Potion"},{"floor":7,"key":"LiquidBronze"},{"floor":10,"key":"PowerPotion"},{"floor":11,"key":"PowerPotion"},{"floor":16,"key":"Strength Potion"},{"floor":18,"key":"FocusPotion"},{"floor":22,"key":"GamblersBrew"},{"floor":24,"key":"Ancient Potion"},{"floor":33,"key":"Explosive Potion"},{"floor":35,"key":"Ancient Potion"},{"floor":39,"key":"Weak Potion"},{"floor":47,"key":"Fire Potion"},{"floor":48,"key":"PowerPotion"}],"is_trial":false,"path_per_floor":["M","$","M","?","M","R","E","?","T","M","M","$","M","M","R","B",null,"M","$","?","M","M","R","M","?","T","M","T","M","R","M","R","B",null,"M","?","M","M","M","R","$","$","T","$","M","?","M","M","R","B"],"character_chosen":"DEFECT","items_purchased":["Gash","Beam Cell","Impatience","Sweeping Beam","Defragment+1","Scrape"],"campfire_rested":2,"item_purchase_floors":[12,12,19,19,41,44],"current_hp_per_floor":[64,64,64,39,39,39,39,39,39,39,31,31,31,31,53,56,75,75,75,59,51,60,60,52,52,52,39,39,47,47,57,75,59,75,75,75,75,75,63,63,63,63,63,63,73,75,75,75,75,64],"gold":83,"neow_bonus":"ONE_RARE_RELIC","is_prod":false,"is_daily":false,"chose_seed":false,"campfire_upgraded":5,"win_rate":0,"timestamp":1536957455,"path_taken":["M","$","M","?","M","R","E","?","T","?","M","?","M","M","R","BOSS","M","$","?","M","M","R","M","?","T","M","?","M","R","M","R","BOSS","M","?","M","M","M","R","?","$","T","$","M","?","?","M","R","BOSS"],"build_version":"2018-09-06","purchased_purges":2,"victory":true,"max_hp_per_floor":[75,75,75,75,75,75,75,75,75,75,75,75,75,75,75,75,75,75,75,75,75,75,75,75,75,75,75,75,75,75,75,75,75,75,75,75,75,75,75,75,75,75,75,75,75,75,75,75,75,75],"card_choices":[{"not_picked":["Streamline","Rebound"],"picked":"Beam Cell","floor":1},{"not_picked":["Storm","White Noise"],"picked":"Go for the Eyes","floor":3},{"not_picked":["White Noise","Rip and Tear"],"picked":"Buffer","floor":5},{"not_picked":["Glacier","Beam Cell"],"picked":"Gash","floor":7},{"not_picked":["Conserve Battery","Barrage"],"picked":"Scrape","floor":10},{"not_picked":["Steam","Coolheaded"],"picked":"BootSequence","floor":11},{"not_picked":["Barrage","Gash"],"picked":"Capacitor+1","floor":13},{"not_picked":["Steam","Capacitor+1"],"picked":"Self Repair+1","floor":14},{"not_picked":["Multi-Cast","Fission"],"picked":"Reboot","floor":16},{"not_picked":["Doom and Gloom+1","Compile Driver+1"],"picked":"Coolheaded","floor":18},{"not_picked":["Skim","Cold Snap"],"picked":"Beam Cell","floor":21},{"not_picked":["Sweeping Beam","Conserve Battery","Leap"],"picked":"SKIP","floor":22},{"not_picked":["Stack","Undo"],"picked":"Steam","floor":24},{"not_picked":["Go for the Eyes","Sweeping Beam"],"picked":"Defragment+1","floor":27},{"not_picked":["Rebound","Coolheaded"],"picked":"Beam Cell+1","floor":29},{"not_picked":["Buffer+1","BootSequence"],"picked":"FTL","floor":31},{"not_picked":["Thunder Strike","Meteor Strike"],"picked":"All For One","floor":33},{"not_picked":["Storm+1","Cold Snap","Sweeping Beam"],"picked":"SKIP","floor":35},{"not_picked":["Conserve Battery","Turbo"],"picked":"Gash+1","floor":37},{"not_picked":["Beam Cell","Barrage+1"],"picked":"Coolheaded+1","floor":38},{"not_picked":["Streamline+1","Echo Form+1"],"picked":"Stack+1","floor":39},{"not_picked":["Melter+1","Ball Lightning","Turbo+1"],"picked":"SKIP","floor":45},{"not_picked":["Self Repair+1","Consume"],"picked":"Coolheaded","floor":46},{"not_picked":["Conserve Battery+1","Cold Snap"],"picked":"Redo","floor":47},{"not_picked":["Doom and Gloom+1","White Noise"],"picked":"Beam Cell","floor":48}],"player_experience":148599,"relics_obtained":[{"floor":7,"key":"Frozen Egg 2"},{"floor":9,"key":"Du-Vu Doll"},{"floor":20,"key":"Necronomicon"},{"floor":26,"key":"Blue Candle"},{"floor":28,"key":"Bag of Marbles"},{"floor":43,"key":"Letter Opener"},{"floor":46,"key":"Incense Burner"}],"event_choices":[{"event_name":"Scrap Ooze","player_choice":"success","floor":4,"damage_taken":25},{"event_name":"Bonfire Elementals","player_choice":"BASIC","floor":8,"damage_taken":0},{"event_name":"Cursed Tome","player_choice":"Obtained Book","floor":20,"damage_taken":0},{"event_name":"Drug Dealer","player_choice":"Inject Mutagens","floor":25,"damage_taken":0},{"event_name":"Match and Keep!","player_choice":"2 cards matched","floor":36,"damage_taken":0},{"event_name":"MindBloom","player_choice":"Fight","floor":46,"damage_taken":0}],"is_beta":false,"boss_relics":[{"not_picked":["Calling Bell","Busted Crown"],"picked":"Nuclear Battery"},{"not_picked":["Philosopher\u0027s Stone","Fusion Hammer"],"picked":"Inserter"}],"items_purged_floors":[2,42],"is_endless":false,"potions_floor_spawned":[3,7,10,11,16,18,22,24,33,35,39,47,48],"ascension_level":0}