{"gold_per_floor":[117,131,131,131,131,131,131,162,185,165,179,200,124,162,162,282,282,307,331,331,246,271,271],"floor_reached":23,"playtime":977,"items_purged":[],"score":294,"play_id":"4867cac5-8fa2-4a35-a31c-547c4244f6cc","local_time":"20181202103021","is_ascension_mode":true,"campfire_choices":[{"data":"After Image","floor":7,"key":"SMITH"},{"data":"Catalyst","floor":15,"key":"SMITH"}],"neow_cost":"NONE","seed_source_timestamp":735524988107260,"circlet_count":0,"master_deck":["Defend_G","Defend_G","Defend_G","Defend_G","Defend_G","Survivor","Neutralize","Bouncing Flask","After Image+1","Crippling Poison","Deadly Poison","Catalyst+1","Bullet Time","Cloak And Dagger+1","Bite","Bite","Bite","Bite","Bite","Poisoned Stab"],"relics":["Ring of the Snake","NeowsBlessing","Golden Idol","Ice Cream","Blue Candle","Black Star","Shuriken"],"potions_floor_usage":[16,18,19,19,22],"damage_taken":[{"damage":0,"enemies":"2 Louse","floor":1,"turns":1},{"damage":0,"enemies":"Jaw Worm","floor":2,"turns":1},{"damage":0,"enemies":"Gremlin Nob","floor":8,"turns":1},{"damage":0,"enemies":"Small Slimes","floor":11,"turns":3},{"damage":6,"enemies":"2 Fungi Beasts","floor":12,"turns":4},{"damage":19,"enemies":"3 Sentries","floor":14,"turns":10},{"damage":2,"enemies":"Hexaghost","floor":16,"turns":7},{"damage":0,"enemies":"Spheric Guardian","floor":18,"turns":3},{"damage":18,"enemies":"2 Thieves","floor":19,"turns":4},{"damage":40,"enemies":"Snake Plant","floor":22,"turns":5},{"damage":25,"enemies":"Slavers","floor":23,"turns":3}],"seed_played":"555706579267616872","potions_obtained":[{"floor":2,"key":"Strength Potion"},{"floor":10,"key":"Swift Potion"},{"floor":11,"key":"Weak Potion"},{"floor":16,"key":"AttackPotion"},{"floor":18,"key":"EssenceOfSteel"}],"is_trial":false,"path_per_floor":["M","M","?","?","$","?","R","E","T","?","M","M","$","E","R","B",null,"M","M","?","?","M","E"],"character_chosen":"THE_SILENT","items_purchased":["Catalyst"],"campfire_rested":0,"item_purchase_floors":[13],"current_hp_per_floor":[70,70,63,63,63,63,63,63,63,63,65,59,59,42,42,42,65,65,47,47,47,17,0],"gold":271,"neow_bonus":"THREE_ENEMY_KILL","is_prod":false,"is_daily":false,"chose_seed":false,"campfire_upgraded":2,"win_rate":0,"timestamp":1543764621,"path_taken":["M","M","?","?","?","?","R","E","T","?","M","?","$","E","R","BOSS","M","M","?","?","M","E"],"build_version":"2018-11-15","purchased_purges":0,"victory":false,"max_hp_per_floor":[70,70,70,65,65,65,65,65,65,65,65,65,65,65,65,65,65,65,65,65,65,65,65],"card_choices":[{"not_picked":["Deflect","Dagger Spray"],"picked":"Bouncing Flask","floor":1},{"not_picked":["Underhanded Strike","Sucker Punch","Deflect"],"picked":"SKIP","floor":2},{"not_picked":["Riddle With Holes","Wraith Form v2","Concentrate"],"picked":"SKIP","floor":8},{"not_picked":["Bane","Expertise"],"picked":"Crippling Poison","floor":11},{"not_picked":["Sucker Punch","PiercingWail"],"picked":"Deadly Poison","floor":12},{"not_picked":["Sucker Punch","Outmaneuver","Cloak And Dagger"],"picked":"SKIP","floor":14},{"not_picked":["Malaise","Corpse Explosion"],"picked":"Bullet Time","floor":16},{"not_picked":["Quick Slash","Masterful Stab","Skewer"],"picked":"SKIP","floor":18},{"not_picked":["Skewer","Underhanded Strike"],"picked":"Cloak And Dagger+1","floor":19},{"not_picked":["Deadly Poison","Bane"],"picked":"Poisoned Stab","floor":22}],"player_experience":238822,"relics_obtained":[{"floor":8,"key":"Ice Cream"},{"floor":9,"key":"Blood Vial"},{"floor":14,"key":"Blue Candle"}],"event_choices":[{"cards_removed":["Strike_G"],"damage_healed":0,"gold_gain":0,"player_choice":"Card Removal","damage_taken":7,"max_hp_gain":0,"max_hp_loss":0,"event_name":"Golden Wing","floor":3,"gold_loss":0},{"damage_healed":0,"gold_gain":0,"player_choice":"Lose Max HP","damage_taken":0,"relics_obtained":["Golden Idol"],"max_hp_gain":0,"max_hp_loss":5,"event_name":"Golden Idol","floor":4,"gold_loss":0},{"damage_healed":0,"gold_gain":0,"cards_transformed":["Strike_G"],"player_choice":"Change","damage_taken":0,"max_hp_gain":0,"max_hp_loss":0,"event_name":"Living Wall","floor":6,"gold_loss":0,"cards_obtained":["After Image"]},{"damage_healed":0,"gold_gain":0,"player_choice":"Bought 1 Potion","damage_taken":0,"max_hp_gain":0,"max_hp_loss":0,"event_name":"The Woman in Blue","floor":10,"gold_loss":0},{"damage_healed":0,"gold_gain":0,"player_choice":"Became a vampire (Vial)","damage_taken":0,"max_hp_gain":0,"max_hp_loss":0,"event_name":"Vampires","floor":20,"relics_lost":["Blood Vial"],"gold_loss":0,"cards_obtained":["Bite","Bite","Bite","Bite","Bite"]},{"damage_healed":0,"gold_gain":0,"player_choice":"Obtained Relic","damage_taken":0,"relics_obtained":["Shuriken"],"max_hp_gain":0,"max_hp_loss":0,"event_name":"Addict","floor":21,"gold_loss":85}],"is_beta":false,"boss_relics":[{"not_picked":["Orrery","Tiny House"],"picked":"Black Star"}],"items_purged_floors":[],"is_endless":false,"potions_floor_spawned":[2,11,14,16,18],"killed_by":"Slavers","ascension_level":4}