{"gold_per_floor":[360,379,68,85,104,104,136,136,136,111,111,122,146,165,165,262,262,274,158,169,184,214,214,227,227,251,263,279,279,293,307,307,407,407,422,422,422,422],"floor_reached":38,"playtime":1443,"items_purged":[],"score":456,"play_id":"998d4f05-a2f8-437a-8bdb-775def4e642b","local_time":"20190123113219","is_ascension_mode":true,"campfire_choices":[{"data":"Spot Weakness","floor":6,"key":"SMITH"},{"data":"Defend_R","floor":8,"key":"SMITH"},{"data":"Metallicize","floor":15,"key":"SMITH"},{"floor":23,"key":"REST"},{"floor":29,"key":"REST"},{"floor":32,"key":"REST"}],"neow_cost":"PERCENT_DAMAGE","seed_source_timestamp":1099054492899690,"circlet_count":0,"master_deck":["Strike_R","Strike_R","Strike_R","Strike_R","Strike_R","Defend_R","Defend_R","Defend_R+1","Defend_R","Bash","Spot Weakness+1","Body Slam","Shrug It Off","Sword Boomerang","Iron Wave","Perfected Strike","Heavy Blade","Sword Boomerang","Metallicize+1","Juggernaut+1","Pummel","Infernal Blade","Iron Wave","Spot Weakness","Twin Strike","Reaper","Perfected Strike+1","Dark Shackles"],"relics":["Black Blood","Incense Burner","Turnip","Gremlin Horn","Paper Frog","Odd Mushroom","Busted Crown","Red Mask","Dream Catcher"],"potions_floor_usage":[7,7,22,24,27,28,33,33,33,33],"damage_taken":[{"damage":6,"enemies":"Cultist","floor":1,"turns":3},{"damage":7,"enemies":"Small Slimes","floor":2,"turns":4},{"damage":2,"enemies":"2 Louse","floor":4,"turns":3},{"damage":8,"enemies":"Blue Slaver","floor":5,"turns":4},{"damage":19,"enemies":"Gremlin Nob","floor":7,"turns":4},{"damage":0,"enemies":"Gremlin Gang","floor":12,"turns":4},{"damage":13,"enemies":"The Mushroom Lair","floor":13,"turns":3},{"damage":1,"enemies":"3 Louse","floor":14,"turns":2},{"damage":42,"enemies":"Slime Boss","floor":16,"turns":13},{"damage":6,"enemies":"3 Byrds","floor":18,"turns":4},{"damage":15,"enemies":"2 Thieves","floor":20,"turns":3},{"damage":7,"enemies":"Shelled Parasite and Fungi","floor":21,"turns":4},{"damage":61,"enemies":"Masked Bandits","floor":22,"turns":5},{"damage":25,"enemies":"Snake Plant","floor":24,"turns":4},{"damage":20,"enemies":"3 Cultists","floor":27,"turns":5},{"damage":0,"enemies":"Cultist and Chosen","floor":28,"turns":4},{"damage":15,"enemies":"Snake Plant","floor":30,"turns":5},{"damage":0,"enemies":"Centurion and Healer","floor":31,"turns":6},{"damage":63,"enemies":"Champ","floor":33,"turns":9},{"damage":45,"enemies":"3 Darklings","floor":35,"turns":4},{"damage":72,"enemies":"Time Eater","floor":38,"turns":5}],"seed_played":"-4442340098412043902","potions_obtained":[{"floor":1,"key":"Swift Potion"},{"floor":4,"key":"BloodPotion"},{"floor":5,"key":"Weak Potion"},{"floor":13,"key":"Dexterity Potion"},{"floor":18,"key":"PowerPotion"},{"floor":21,"key":"BloodPotion"},{"floor":22,"key":"EssenceOfSteel"},{"floor":24,"key":"Dexterity Potion"},{"floor":30,"key":"EntropicBrew"}],"is_trial":false,"path_per_floor":["M","M","$","M","M","R","E","R","T","$","?","M","?","M","R","B",null,"M","$","M","M","?","R","M","?","T","M","M","R","M","M","R","B",null,"M","?","?","B"],"character_chosen":"IRONCLAD","items_purchased":["Incense Burner","Perfected Strike","Pummel","Infernal Blade"],"campfire_rested":3,"item_purchase_floors":[3,10,19,19],"current_hp_per_floor":[56,55,55,59,57,57,52,52,52,52,45,51,44,49,49,13,80,80,80,71,70,15,39,28,28,28,14,20,44,35,41,65,8,80,61,61,61,0],"gold":422,"neow_bonus":"TWO_FIFTY_GOLD","is_prod":false,"is_daily":false,"chose_seed":false,"campfire_upgraded":3,"win_rate":0,"timestamp":1548271939,"path_taken":["M","M","$","M","M","R","E","R","T","?","?","M","?","M","R","BOSS","M","$","M","M","?","R","M","?","T","?","M","R","M","M","R","BOSS","M","?","?","BOSS"],"build_version":"2019-01-23","purchased_purges":0,"victory":false,"max_hp_per_floor":[80,80,80,80,80,80,80,80,80,80,80,80,80,80,80,80,80,80,80,80,80,80,80,80,80,80,80,80,80,80,80,80,80,80,80,80,80,80],"card_choices":[{"not_picked":["Corruption","True Grit"],"picked":"Spot Weakness","floor":1},{"not_picked":["Corruption","Battle Trance"],"picked":"Body Slam","floor":2},{"not_picked":["Rage","Body Slam"],"picked":"Shrug It Off","floor":4},{"not_picked":["Second Wind","Havoc"],"picked":"Sword Boomerang","floor":5},{"not_picked":["Wild Strike","Ghostly Armor"],"picked":"Iron Wave","floor":7},{"not_picked":["Sever Soul","Shrug It Off"],"picked":"Heavy Blade","floor":12},{"not_picked":["Pommel Strike","Warcry"],"picked":"Sword Boomerang","floor":13},{"not_picked":["Headbutt","Twin Strike"],"picked":"Metallicize","floor":14},{"not_picked":["Offering","Double Tap"],"picked":"Juggernaut","floor":16},{"not_picked":["Disarm+1"],"picked":"SKIP","floor":18},{"not_picked":[],"picked":"Iron Wave","floor":20},{"not_picked":["Bloodletting"],"picked":"SKIP","floor":21},{"not_picked":[],"picked":"Spot Weakness","floor":24},{"not_picked":["Reckless Charge"],"picked":"SKIP","floor":27},{"not_picked":["Whirlwind"],"picked":"SKIP","floor":28},{"not_picked":[],"picked":"Twin Strike","floor":30},{"not_picked":["Feel No Pain+1"],"picked":"SKIP","floor":31},{"not_picked":[],"picked":"Reaper","floor":33},{"not_picked":[],"picked":"Perfected Strike+1","floor":35},{"not_picked":[],"picked":"Dark Shackles","floor":36}],"player_experience":195812,"relics_obtained":[{"floor":7,"key":"Turnip"},{"floor":9,"key":"Gremlin Horn"},{"floor":13,"key":"Odd Mushroom"},{"floor":22,"key":"Red Mask"},{"floor":26,"key":"Dream Catcher"}],"event_choices":[{"damage_healed":0,"gold_gain":0,"player_choice":"Success","damage_taken":7,"relics_obtained":["Paper Frog"],"max_hp_gain":0,"max_hp_loss":0,"event_name":"Scrap Ooze","floor":11,"gold_loss":0},{"damage_healed":0,"gold_gain":0,"player_choice":"Fought Mushrooms","damage_taken":0,"max_hp_gain":0,"max_hp_loss":0,"event_name":"Mushrooms","floor":13,"gold_loss":0},{"damage_healed":0,"gold_gain":0,"player_choice":"Fought Bandits","damage_taken":0,"max_hp_gain":0,"max_hp_loss":0,"event_name":"Masked Bandits","floor":22,"gold_loss":0},{"damage_healed":0,"gold_gain":0,"player_choice":"Forge","damage_taken":0,"max_hp_gain":0,"max_hp_loss":0,"event_name":"Accursed Blacksmith","floor":25,"gold_loss":0,"cards_upgraded":["Juggernaut"]},{"damage_healed":0,"gold_gain":0,"player_choice":"Memory 1","damage_taken":0,"max_hp_gain":0,"max_hp_loss":0,"event_name":"SensoryStone","floor":36,"gold_loss":0},{"damage_healed":0,"gold_gain":0,"player_choice":"Took Portal","damage_taken":0,"max_hp_gain":0,"max_hp_loss":0,"event_name":"SecretPortal","floor":37,"gold_loss":0}],"is_beta":false,"boss_relics":[{"not_picked":["Lizard Tail","Velvet Choker"],"picked":"Busted Crown"},{"not_picked":["Black Star","Coffee Dripper"],"picked":"Black Blood"}],"items_purged_floors":[],"is_endless":false,"potions_floor_spawned":[1,4,5,13,18,21,22,24,30],"killed_by":"Time Eater","ascension_level":4}