{"gold_per_floor":[118,193,468,483,483,516,516,516,563,582,582,507,518,530,530,607,607,617,634,253,253,86,86,86],"floor_reached":24,"playtime":836,"items_purged":["Regret","Strike_R"],"score":442,"play_id":"e29a4738-1aeb-4192-8cb9-f597b5838ce5","local_time":"20190303134502","is_ascension_mode":true,"campfire_choices":[{"data":"Bash","floor":8,"key":"SMITH"},{"data":"Metallicize","floor":11,"key":"SMITH"},{"data":"Sword Boomerang","floor":15,"key":"SMITH"},{"data":"Juggernaut","floor":23,"key":"SMITH"}],"neow_cost":"NONE","seed_source_timestamp":145262742491738,"circlet_count":0,"master_deck":["AscendersBane","Strike_R","Strike_R","Strike_R","Strike_R","Defend_R","Defend_R+1","Defend_R","Defend_R","Bash+1","Metallicize+1","Shrug It Off+1","Sword Boomerang+1","Juggernaut+1","Metallicize+1"],"relics":["Burning Blood","NeowsBlessing","Centennial Puzzle","CultistMask","War Paint","White Beast Statue","Pantograph","Omamori"],"potions_floor_usage":[16,18,19,21],"damage_taken":[{"damage":0,"enemies":"Small Slimes","floor":1,"turns":1},{"damage":0,"enemies":"Jaw Worm","floor":4,"turns":1},{"damage":0,"enemies":"Lagavulin","floor":6,"turns":1},{"damage":10,"enemies":"Cultist","floor":10,"turns":5},{"damage":8,"enemies":"Blue Slaver","floor":13,"turns":6},{"damage":14,"enemies":"Large Slime","floor":14,"turns":6},{"damage":47,"enemies":"The Guardian","floor":16,"turns":16},{"damage":24,"enemies":"Shell Parasite","floor":18,"turns":7},{"damage":15,"enemies":"Chosen","floor":19,"turns":7},{"damage":5,"enemies":"Snake Plant","floor":21,"turns":3},{"damage":59,"enemies":"Chosen and Byrds","floor":24,"turns":7}],"seed_played":"7513730983999497894","potions_obtained":[{"floor":1,"key":"LiquidBronze"},{"floor":14,"key":"SmokeBomb"},{"floor":16,"key":"Energy Potion"},{"floor":18,"key":"Block Potion"},{"floor":19,"key":"Strength Potion"}],"is_trial":false,"path_per_floor":["M","?","?","M","?","E","?","R","T","M","R","$","M","M","R","B",null,"M","M","$","M","$","R","M"],"character_chosen":"IRONCLAD","items_purchased":["Pantograph","Omamori"],"campfire_rested":0,"item_purchase_floors":[20,22],"current_hp_per_floor":[74,63,63,69,69,75,75,75,75,71,71,71,69,61,61,20,61,43,34,34,35,35,35,0],"gold":86,"neow_bonus":"THREE_ENEMY_KILL","is_prod":false,"is_daily":false,"chose_seed":false,"campfire_upgraded":4,"win_rate":0,"timestamp":1551588302,"path_taken":["M","?","?","?","?","E","?","R","T","?","R","?","M","M","R","BOSS","M","M","$","M","$","R","M"],"build_version":"2019-01-23","purchased_purges":2,"victory":false,"max_hp_per_floor":[75,75,75,75,75,75,75,75,75,75,75,75,75,75,75,75,75,75,75,75,75,75,75,75],"card_choices":[{"not_picked":["Burning Pact","Heavy Blade"],"picked":"Metallicize","floor":1},{"not_picked":["Wild Strike","Iron Wave","Havoc"],"picked":"SKIP","floor":4},{"not_picked":["Body Slam","Perfected Strike"],"picked":"Shrug It Off","floor":6},{"not_picked":["Iron Wave","Combust","Wild Strike"],"picked":"SKIP","floor":10},{"not_picked":["Wild Strike","Dark Embrace","Iron Wave"],"picked":"SKIP","floor":13},{"not_picked":["Feel No Pain","Infernal Blade"],"picked":"Sword Boomerang","floor":14},{"not_picked":["Limit Break","Double Tap"],"picked":"Juggernaut","floor":16},{"not_picked":["Flex","Flame Barrier"],"picked":"Metallicize+1","floor":18},{"not_picked":["Headbutt","Armaments","Havoc"],"picked":"SKIP","floor":19}],"player_experience":1032428,"relics_obtained":[{"floor":6,"key":"Centennial Puzzle"},{"floor":9,"key":"War Paint"}],"event_choices":[{"damage_healed":0,"gold_gain":75,"player_choice":"Gather Gold","damage_taken":11,"max_hp_gain":0,"max_hp_loss":0,"event_name":"World of Goop","floor":2,"gold_loss":0},{"damage_healed":0,"gold_gain":275,"player_choice":"Desecrate","damage_taken":0,"max_hp_gain":0,"max_hp_loss":0,"event_name":"Golden Shrine","floor":3,"gold_loss":0,"cards_obtained":["Regret"]},{"damage_healed":0,"gold_gain":0,"player_choice":"Ignored","damage_taken":0,"max_hp_gain":0,"max_hp_loss":0,"event_name":"Liars Game","floor":5,"gold_loss":0},{"damage_healed":0,"gold_gain":0,"player_choice":"Trade","damage_taken":0,"relics_obtained":["CultistMask"],"max_hp_gain":0,"max_hp_loss":0,"event_name":"FaceTrader","floor":7,"gold_loss":0}],"is_beta":false,"boss_relics":[{"not_picked":["Fusion Hammer","Black Star"],"picked":"White Beast Statue"}],"items_purged_floors":[12,20],"is_endless":false,"potions_floor_spawned":[1,14,16,18,19,21],"killed_by":"Chosen and Byrds","ascension_level":20}