{"path_per_floor":["M","M","$","M","M","R","M","M","T","R","M","R","E","M","R","B",null,"M","?","$","M","M","R","E","R","T","M","M","M","R","E","R","B",null,"M","$","?","T","$","E","R","M","T","M","M","R","?","M","R","B"],"character_chosen":"IRONCLAD","items_purchased":["Regen Potion","Weak Potion","Whetstone","Deep Breath"],"gold_per_floor":[212,232,55,74,87,87,97,110,158,158,168,168,203,222,222,322,322,341,266,166,185,201,201,228,228,304,322,341,351,351,383,383,482,482,499,374,374,399,11,40,40,54,54,68,80,80,80,91,91,91],"floor_reached":51,"campfire_rested":0,"playtime":4878,"current_hp_per_floor":[60,60,60,55,62,62,42,42,42,42,42,42,34,44,44,34,84,85,85,85,89,95,95,88,88,88,90,85,80,80,75,75,78,103,109,109,109,109,109,125,125,125,125,111,106,106,106,118,118,64],"items_purged":["Parasite","Strike_R","Strike_R","Strike_R"],"gold":91,"score":910,"play_id":"648c0bd8-f8ef-4a4a-b2f4-1d6ff748711a","is_prod":false,"is_daily":false,"is_ascension_mode":true,"campfire_upgraded":8,"path_taken":["M","M","$","M","M","R","M","M","T","R","M","R","E","M","R","BOSS","M","?","$","M","M","R","E","R","T","?","M","?","R","E","R","BOSS","M","$","?","?","$","E","R","M","T","M","?","R","?","M","R","BOSS"],"build_version":"2018-02-06-BETA1","purchased_purges":4,"victory":true,"master_deck":["Strike_R+1","Bash","Searing Blow+7","Feed+1","Shrug It Off","True Grit","True Grit","Metallicize","Battle Trance","Armaments+1","Fiend Fire","Armaments","Battle Trance","Metallicize","Impervious","Impervious","Deep Breath","Dropkick+1"],"max_hp_per_floor":[80,80,77,80,83,83,86,86,86,86,86,86,96,100,100,100,100,100,100,100,104,108,108,108,108,108,111,111,111,111,111,111,111,111,111,111,111,111,111,125,125,125,125,125,125,125,125,129,129,129],"relics":["Burning Blood","Bag of Preparation","Strawberry","Velvet Choker","Mercury Hourglass","Darkstone Periapt","Peace Pipe","Sozu","Blood Vial","Whetstone","Mango"],"card_choices":[{"not_picked":["Thunderclap","Havoc"],"picked":"Searing Blow"},{"not_picked":["Havoc","Rupture"],"picked":"Feed"},{"not_picked":["Dual Wield","Carnage"],"picked":"Shrug It Off"},{"not_picked":["Searing Blow","Flex"],"picked":"True Grit"},{"not_picked":["Pummel","Body Slam"],"picked":"True Grit"},{"not_picked":["Limit Break","Cleave"],"picked":"Metallicize"},{"not_picked":["Headbutt","True Grit"],"picked":"Battle Trance"},{"not_picked":["Iron Wave","Cleave"],"picked":"Armaments"},{"not_picked":["Brutality","Exhume"],"picked":"Fiend Fire"},{"not_picked":["Twin Strike","Pommel Strike"],"picked":"Armaments"},{"not_picked":["Thunderclap","Heavy Blade"],"picked":"Battle Trance"},{"not_picked":["Shockwave","Perfected Strike"],"picked":"Metallicize"},{"not_picked":["Iron Wave","Sentinel"],"picked":"Impervious"},{"not_picked":["Bludgeon","Brutality"],"picked":"Impervious"},{"not_picked":["Havoc","Feel No Pain"],"picked":"Dropkick"}],"player_experience":702452,"potions_floor_usage":[5,5,16,28],"damage_taken":[{"damage":18,"enemies":"Jaw Worm","floor":1,"turns":4},{"damage":6,"enemies":"Cultist","floor":2,"turns":4},{"damage":14,"enemies":"Blue Slaver","floor":4,"turns":4},{"damage":17,"enemies":"Gremlin Gang","floor":5,"turns":13},{"damage":29,"enemies":"Lots of Slimes","floor":7,"turns":7},{"damage":6,"enemies":"Exordium Wildlife","floor":8,"turns":5},{"damage":6,"enemies":"Red Slaver","floor":11,"turns":3},{"damage":24,"enemies":"3 Sentries","floor":13,"turns":9},{"damage":0,"enemies":"2 Fungi Beasts","floor":14,"turns":5},{"damage":16,"enemies":"The Guardian","floor":16,"turns":13},{"damage":5,"enemies":"3 Byrds","floor":18,"turns":6},{"damage":6,"enemies":"Chosen","floor":21,"turns":6},{"damage":4,"enemies":"Centurion and Healer","floor":22,"turns":7},{"damage":13,"enemies":"Slavers","floor":24,"turns":5},{"damage":7,"enemies":"Snake Plant","floor":27,"turns":4},{"damage":11,"enemies":"Sentry and Sphere","floor":28,"turns":8},{"damage":11,"enemies":"Cultist and Chosen","floor":29,"turns":7},{"damage":11,"enemies":"Book of Stabbing","floor":31,"turns":6},{"damage":3,"enemies":"Champ","floor":33,"turns":8},{"damage":0,"enemies":"3 Shapes","floor":35,"turns":6},{"damage":0,"enemies":"Giant Head","floor":40,"turns":6},{"damage":0,"enemies":"3 Darklings","floor":42,"turns":7},{"damage":20,"enemies":"Sphere and 2 Shapes","floor":44,"turns":6},{"damage":13,"enemies":"Flame Bruiser 2 Orb","floor":45,"turns":2},{"damage":0,"enemies":"Maw","floor":48,"turns":7},{"damage":62,"enemies":"Awakened One","floor":50,"turns":9}],"event_choices":[{"event_name":"Beggar","player_choice":"Gave Gold","floor":19,"damage_taken":0},{"event_name":"The Lab","player_choice":"Got Potions","floor":37,"damage_taken":0}],"boss_relics":[{"not_picked":["Tiny House","Ectoplasm"],"picked":"Velvet Choker"},{"not_picked":["Runic Dome","Runic Pyramid"],"picked":"Sozu"}],"potions_floor_spawned":[2,8,11,13,16,22,24,28,29,33,42,44,48],"seed_played":"-8905370492205181479","ascension_level":10,"is_trial":false}