{"gold_per_floor":[111,36,186,186,207,240,240,263,316,316,331,344,344,344,344,344],"floor_reached":16,"playtime":694,"items_purged":["Strike_R"],"score":238,"play_id":"b1070e32-e2ab-47f3-a6cb-229258e57d16","local_time":"20190301080243","is_ascension_mode":true,"campfire_choices":[{"data":"Bash","floor":7,"key":"SMITH"},{"data":"Shrug It Off","floor":13,"key":"SMITH"},{"data":"Metallicize","floor":15,"key":"SMITH"}],"neow_cost":"NONE","seed_source_timestamp":0,"circlet_count":0,"master_deck":["AscendersBane","Strike_R","Strike_R","Strike_R","Strike_R","Defend_R","Defend_R","Defend_R","Defend_R","Bash+1","Doubt","Shrug It Off+1","Metallicize+1"],"special_seed":0,"relics":["Burning Blood","NeowsBlessing","Golden Idol","Vajra","Happy Flower","FaceOfCleric"],"potions_floor_usage":[11,16],"damage_taken":[{"damage":0,"enemies":"Jaw Worm","floor":1,"turns":1},{"damage":0,"enemies":"Small Slimes","floor":5,"turns":1},{"damage":0,"enemies":"3 Sentries","floor":6,"turns":1},{"damage":14,"enemies":"2 Louse","floor":8,"turns":3},{"damage":7,"enemies":"Red Slaver","floor":11,"turns":4},{"damage":17,"enemies":"2 Fungi Beasts","floor":12,"turns":5},{"damage":42,"enemies":"Slime Boss","floor":16,"turns":11}],"seed_played":"7404993943780880033","potions_obtained":[{"floor":5,"key":"SkillPotion"},{"floor":11,"key":"Weak Potion"},{"floor":12,"key":"SpeedPotion"}],"is_trial":false,"path_per_floor":["M","$","?","?","M","E","R","M","T","?","M","M","R","?","R","B"],"character_chosen":"IRONCLAD","items_purchased":[],"campfire_rested":0,"item_purchase_floors":[],"current_hp_per_floor":[74,74,74,48,54,60,60,52,52,52,52,42,42,47,47,5],"gold":344,"neow_bonus":"THREE_ENEMY_KILL","is_prod":false,"is_daily":false,"chose_seed":false,"campfire_upgraded":3,"win_rate":0,"timestamp":1551394963,"path_taken":["M","$","?","?","M","E","R","M","T","?","?","M","R","?","R","BOSS"],"build_version":"2019-01-23","purchased_purges":1,"victory":false,"max_hp_per_floor":[75,75,75,75,75,75,75,75,75,75,76,77,77,82,82,82],"card_choices":[{"not_picked":["Armaments","Havoc","Headbutt"],"picked":"SKIP","floor":1},{"not_picked":["Body Slam","Sword Boomerang","Reckless Charge"],"picked":"SKIP","floor":5},{"not_picked":["Headbutt","Pommel Strike"],"picked":"Shrug It Off","floor":6},{"not_picked":["Reckless Charge","Blood for Blood","Iron Wave"],"picked":"SKIP","floor":8},{"not_picked":["Sentinel","Feel No Pain","Heavy Blade"],"picked":"SKIP","floor":11},{"not_picked":["Bludgeon","Armaments"],"picked":"Metallicize","floor":12}],"player_experience":959756,"relics_obtained":[{"floor":6,"key":"Vajra"},{"floor":9,"key":"Happy Flower"}],"event_choices":[{"damage_healed":0,"gold_gain":150,"player_choice":"AGREE","damage_taken":0,"max_hp_gain":0,"max_hp_loss":0,"event_name":"Liars Game","floor":3,"gold_loss":0,"cards_obtained":["Doubt"]},{"damage_healed":0,"gold_gain":0,"player_choice":"Take Damage","damage_taken":26,"relics_obtained":["Golden Idol"],"max_hp_gain":0,"max_hp_loss":0,"event_name":"Golden Idol","floor":4,"gold_loss":0},{"damage_healed":0,"gold_gain":0,"player_choice":"Trade","damage_taken":0,"relics_obtained":["FaceOfCleric"],"max_hp_gain":0,"max_hp_loss":0,"event_name":"FaceTrader","floor":10,"gold_loss":0},{"damage_healed":0,"gold_gain":0,"player_choice":"Donut","damage_taken":0,"max_hp_gain":5,"max_hp_loss":0,"event_name":"Big Fish","floor":14,"gold_loss":0}],"is_beta":false,"boss_relics":[],"items_purged_floors":[2],"is_endless":false,"potions_floor_spawned":[5,11,12],"killed_by":"Slime Boss","ascension_level":18}