{"path_per_floor":["M","?","?","?","M","E","R","E","T","M","M","R","M","M","R","B",null,"M","M","?"],"character_chosen":"THE_SILENT","items_purchased":[],"gold_per_floor":[116,116,116,191,210,241,241,266,266,285,305,305,324,343,343,448,448,460,400,350,350],"floor_reached":21,"campfire_rested":2,"playtime":1095,"current_hp_per_floor":[70,70,70,59,59,59,59,23,23,23,8,29,29,21,42,23,58,15,11,11,0],"items_purged":[],"gold":350,"score":268,"play_id":"abbbb30f-47a3-432e-ba81-ac3bad0e984f","local_time":"20180408000940","is_prod":false,"is_daily":false,"is_ascension_mode":true,"campfire_upgraded":1,"timestamp":1523160580,"path_taken":["M","?","?","?","M","E","R","E","T","?","M","R","M","M","R","BOSS","M","M","?","M"],"build_version":"2018-04-05v2","purchased_purges":0,"victory":false,"master_deck":["Defend_G","Defend_G","Defend_G","Defend_G","Defend_G","Strike_G+1","Strike_G","Strike_G","Strike_G+1","Survivor","Neutralize","Acrobatics","Bouncing Flask+1","Infinite Blades","Dagger Throw","Blur","Bouncing Flask","Acrobatics","Poisoned Stab"],"max_hp_per_floor":[70,70,70,70,70,70,70,70,70,70,70,70,70,70,70,70,70,70,70,70,70],"relics":["Ring of the Snake","NeowsBlessing","Paper Crane","Whetstone","Ginger","Eternal Feather"],"card_choices":[{"not_picked":["Slice","Poisoned Stab"],"picked":"Acrobatics","floor":1},{"not_picked":["PiercingWail","Dodge and Roll"],"picked":"Bouncing Flask","floor":5},{"not_picked":["Sucker Punch","Burst"],"picked":"Infinite Blades","floor":6},{"not_picked":["Endless Agony","Quick Slash"],"picked":"Dagger Throw","floor":8},{"not_picked":["Flying Knee","Blade Dance"],"picked":"Blur","floor":10},{"not_picked":["Dodge and Roll","Setup"],"picked":"Bouncing Flask","floor":11},{"not_picked":["Slice","Dagger Throw"],"picked":"Acrobatics","floor":13},{"not_picked":["Acrobatics","PiercingWail"],"picked":"Poisoned Stab","floor":14}],"player_experience":421192,"potions_floor_usage":[8,16,16,16,19,19],"damage_taken":[{"damage":0,"enemies":"Cultist","floor":1,"turns":1},{"damage":0,"enemies":"2 Louse","floor":5,"turns":1},{"damage":0,"enemies":"Lagavulin","floor":6,"turns":4},{"damage":36,"enemies":"Gremlin Nob","floor":8,"turns":4},{"damage":0,"enemies":"Small Slimes","floor":10,"turns":2},{"damage":15,"enemies":"Gremlin Gang","floor":11,"turns":4},{"damage":0,"enemies":"2 Fungi Beasts","floor":13,"turns":3},{"damage":8,"enemies":"Large Slime","floor":14,"turns":5},{"damage":19,"enemies":"The Guardian","floor":16,"turns":10},{"damage":43,"enemies":"3 Byrds","floor":18,"turns":7},{"damage":16,"enemies":"2 Thieves","floor":19,"turns":4},{"damage":20,"enemies":"3 Cultists","floor":21,"turns":3}],"event_choices":[{"event_name":"The Lab","player_choice":"Got Potions","floor":2,"damage_taken":0},{"event_name":"Purifier","player_choice":"One Purge","floor":3,"damage_taken":0},{"event_name":"World of Goop","player_choice":"Gather Gold","floor":4,"damage_taken":0},{"event_name":"The Joust","player_choice":"Bet on Murderer","floor":20,"damage_taken":0}],"boss_relics":[{"not_picked":["Philosopher\u0027s Stone","Pandora\u0027s Box"],"picked":"Eternal Feather"}],"potions_floor_spawned":[8,10,14,16,18],"seed_played":"-3436581824337593563","killed_by":"3 Cultists","ascension_level":5,"is_trial":false}