{"path_per_floor":["M","?","$","M","M","E","M","E","T","R","?","M","R","$","R","B",null,"M","?","M","M","M","R","M","R","T","R","$","M","?","M","R"],"character_chosen":"IRONCLAD","items_purchased":["Flex"],"gold_per_floor":[99,69,19,19,19,19,19,19,19,19,19,19,19,19,19,19,19,0,0,0,0,0,0,0,0,0,0,0,0,0,0,0],"floor_reached":33,"campfire_rested":4,"playtime":1571,"current_hp_per_floor":[73,73,73,67,67,51,48,35,35,35,35,28,28,28,67,31,80,68,68,48,34,3,42,28,67,67,67,67,48,32,18,57],"items_purged":[],"gold":0,"score":259,"play_id":"fd3d0896-0a2a-4473-8216-1c3de4002ca4","local_time":"20180304140729","is_prod":false,"is_daily":false,"is_ascension_mode":false,"campfire_upgraded":3,"timestamp":1520190449,"path_taken":["M","?","$","M","M","E","M","E","T","R","?","?","R","?","R","BOSS","M","?","M","?","M","R","?","R","T","R","?","M","?","?","R","BOSS"],"build_version":"2018-03-01-PROD1","purchased_purges":0,"victory":false,"master_deck":["Strike_R","Strike_R","Strike_R","Strike_R","Strike_R","Defend_R","Defend_R","Defend_R","Defend_R+1","Bash","Whirlwind","Flex+1","Whirlwind","Dual Wield","Brutality+1","Rampage+1","Whirlwind","Decay","Dual Wield","Limit Break+1","Heavy Blade","Uppercut","Impervious","Pommel Strike+1","Parasite","Seeing Red","Heavy Blade"],"max_hp_per_floor":[80,80,80,80,80,80,80,80,80,80,80,80,80,80,80,80,80,80,80,80,80,80,80,80,80,80,80,80,80,80,80,80],"relics":["Ectoplasm","Centennial Puzzle","Regal Pillow","Cursed Key","Nloth\u0027s Gift","Pen Nib","Enchiridion"],"card_choices":[{"not_picked":["Iron Wave","Anger"],"picked":"Whirlwind"},{"not_picked":["Intimidate","Perfected Strike"],"picked":"Whirlwind"},{"not_picked":["Cleave","Clothesline"],"picked":"Dual Wield"},{"not_picked":["Sword Boomerang","Disarm"],"picked":"Brutality"},{"not_picked":["Rupture","Sword Boomerang"],"picked":"Rampage"},{"not_picked":["Pummel","Warcry"],"picked":"Whirlwind"},{"not_picked":["Shrug It Off","Entrench"],"picked":"Dual Wield"},{"not_picked":["Immolate","Feed"],"picked":"Limit Break"},{"not_picked":["Warcry","Headbutt"],"picked":"Heavy Blade"},{"not_picked":["Warcry","Hemokinesis"],"picked":"Uppercut"},{"not_picked":["Heavy Blade","Shrug It Off"],"picked":"Impervious"},{"not_picked":["Perfected Strike","Dropkick"],"picked":"Pommel Strike"},{"not_picked":["Pummel","Infernal Blade"],"picked":"Seeing Red"},{"not_picked":["Iron Wave","Rage"],"picked":"Heavy Blade"}],"player_experience":89497,"potions_floor_usage":[6,6,16,18,21,22,24,29],"damage_taken":[{"damage":7,"enemies":"Small Slimes","floor":1,"turns":3},{"damage":6,"enemies":"Cultist","floor":4,"turns":3},{"damage":0,"enemies":"2 Louse","floor":5,"turns":1},{"damage":16,"enemies":"Lagavulin","floor":6,"turns":5},{"damage":3,"enemies":"Large Slime","floor":7,"turns":4},{"damage":13,"enemies":"3 Sentries","floor":8,"turns":3},{"damage":7,"enemies":"Red Slaver","floor":12,"turns":2},{"damage":36,"enemies":"Slime Boss","floor":16,"turns":7},{"damage":12,"enemies":"2 Thieves","floor":18,"turns":3},{"damage":20,"enemies":"Shell Parasite","floor":20,"turns":4},{"damage":20,"enemies":"3 Cultists","floor":21,"turns":3},{"damage":31,"enemies":"Centurion and Healer","floor":22,"turns":5},{"damage":14,"enemies":"Snake Plant","floor":24,"turns":4},{"damage":19,"enemies":"Cultist and Chosen","floor":29,"turns":5},{"damage":14,"enemies":"Chosen and Byrds","floor":31,"turns":3},{"damage":61,"enemies":"Champ","floor":33,"turns":9}],"event_choices":[{"event_name":"The Woman in Blue","player_choice":"Bought 2 Potions","floor":2,"damage_taken":0},{"event_name":"Wheel of Change","player_choice":"Curse","floor":11,"damage_taken":0},{"event_name":"N\u0027loth","player_choice":"Traded a War Paint","floor":19,"damage_taken":0},{"event_name":"Cursed Tome","player_choice":"Obtained Book","floor":30,"damage_taken":0}],"boss_relics":[{"not_picked":["Philosopher\u0027s Stone","Lizard Tail"],"picked":"Cursed Key"}],"potions_floor_spawned":[1,8,16,21,22,24],"seed_played":"4982124467821446918","killed_by":"Champ","ascension_level":0,"is_trial":false}