{"path_per_floor":["M","?","M","?","$","R","M","R","T","M","M","$","R","M","R","B",null,"M","?","$","M","?","R","?","R","T","M","M","R","$","M","R"],"character_chosen":"IRONCLAD","items_purchased":["Hemokinesis","Singing Bowl","Rampage","Flex","Bag of Marbles","Offering","Shrug It Off"],"gold_per_floor":[117,117,128,303,41,41,59,59,112,131,148,73,73,93,93,191,191,208,208,11,27,27,27,27,27,99,115,135,135,5,22,22],"floor_reached":33,"campfire_rested":1,"playtime":1178,"current_hp_per_floor":[78,78,80,80,80,80,82,82,82,82,81,81,81,84,84,73,84,82,82,82,62,45,45,45,45,45,41,27,27,27,20,48],"items_purged":["Doubt"],"gold":22,"score":308,"play_id":"60569e43-c7bd-4c09-be5c-922cc4e2d683","local_time":"20180320203437","is_prod":false,"is_daily":false,"is_ascension_mode":true,"campfire_upgraded":7,"timestamp":1521592477,"path_taken":["M","?","M","?","$","R","M","R","T","?","?","$","R","M","R","BOSS","M","?","?","M","?","R","?","R","T","?","M","R","$","M","R","BOSS"],"build_version":"2018-03-15v3","purchased_purges":1,"victory":false,"master_deck":["Strike_R","Strike_R","Strike_R","Strike_R","Strike_R","Defend_R","Defend_R","Defend_R","Defend_R","Bash","Flex+1","Shockwave+1","Hemokinesis+1","Shrug It Off","Rampage+1","Pummel+1","Brutality+1","Flex+1","Flex+1","Disarm+1","Offering","Shrug It Off","Sword Boomerang+1"],"max_hp_per_floor":[80,80,80,80,80,80,82,82,82,84,84,84,84,84,84,84,84,86,86,86,88,93,93,93,93,93,93,95,95,95,95,95],"relics":["Burning Blood","Red Skull","Spirit Poop","Singing Bowl","Lantern","Mark of Pain","Bag of Marbles","Paper Frog","Letter Opener"],"card_choices":[{"not_picked":["Thunderclap","Wild Strike"],"picked":"Flex"},{"not_picked":["Clothesline","Headbutt"],"picked":"Shockwave"},{"not_picked":["Immolate","Rage"],"picked":"Shrug It Off"},{"not_picked":["Headbutt","Rage"],"picked":"Pummel"},{"not_picked":["Dark Embrace","Juggernaut"],"picked":"Brutality"},{"not_picked":["Feel No Pain","Cleave"],"picked":"Disarm"},{"not_picked":["Dark Embrace","Infernal Blade"],"picked":"Sword Boomerang"}],"player_experience":303393,"potions_floor_usage":[33],"damage_taken":[{"damage":8.0,"enemies":"Jaw Worm","floor":1.0,"turns":4.0},{"damage":1.0,"enemies":"Cultist","floor":3.0,"turns":3.0},{"damage":3.0,"enemies":"Small Slimes","floor":7.0,"turns":3.0},{"damage":8.0,"enemies":"Exordium Wildlife","floor":10.0,"turns":3.0},{"damage":7.0,"enemies":"Exordium Thugs","floor":11.0,"turns":3.0},{"damage":0.0,"enemies":"3 Louse","floor":14.0,"turns":2.0},{"damage":17.0,"enemies":"Slime Boss","floor":16.0,"turns":7.0},{"damage":10.0,"enemies":"3 Byrds","floor":18.0,"turns":6.0},{"damage":28.0,"enemies":"Shell Parasite","floor":21.0,"turns":3.0},{"damage":10,"enemies":"Sentry and Sphere","floor":27,"turns":3},{"damage":22,"enemies":"Snake Plant","floor":28,"turns":3},{"damage":13,"enemies":"Centurion and Healer","floor":31,"turns":4},{"damage":68,"enemies":"Automaton","floor":33,"turns":6}],"event_choices":[{"event_name":"Bonfire Elementals","player_choice":"CURSE","floor":2.0,"damage_taken":0.0},{"event_name":"Liars Game","player_choice":"agreed","floor":4.0,"damage_taken":0.0},{"event_name":"Duplicator","player_choice":"One dupe","floor":19.0,"damage_taken":0.0},{"event_name":"Forgotten Altar","player_choice":"Shed Blood","floor":22,"damage_taken":0},{"event_name":"The Mausoleum","player_choice":"Yes","floor":24,"damage_taken":0}],"boss_relics":[],"potions_floor_spawned":[3,10,11,14,16,18,21,27,31],"seed_played":"-4889746927722618338","killed_by":"Automaton","ascension_level":4,"is_trial":false}