{"path_per_floor":["M","?","M","M","M","E","?","E","T","R","M","R","$","M","R","B",null,"M","?","?","M","$","R","E","?","T"],"character_chosen":"IRONCLAD","items_purchased":["Molten Egg 2","Ancient Tea Set","Panache","Paper Frog"],"gold_per_floor":[359,359,377,391,410,438,613,644,644,644,662,662,73,93,93,198,228,247,247,247,257,5,5,33,33,33],"floor_reached":27,"campfire_rested":1,"playtime":998,"current_hp_per_floor":[77,77,77,80,80,32,32,11,11,35,36,36,36,37,37,8,85,61,61,61,64,64,64,28,28,28],"items_purged":[],"gold":33,"score":241,"play_id":"0989af72-e572-49f2-b4a8-2495439d1c62","local_time":"20180304122655","is_prod":false,"is_daily":false,"is_ascension_mode":false,"campfire_upgraded":3,"timestamp":1520184415,"path_taken":["M","?","?","M","M","E","?","E","T","R","M","R","$","?","R","BOSS","M","?","?","M","$","R","E","?","T","M"],"build_version":"2018-03-01-PROD1","purchased_purges":0,"victory":false,"master_deck":["Strike_R","Strike_R","Strike_R","Strike_R","Strike_R","Defend_R","Defend_R","Defend_R+1","Defend_R","Bash","Thunderclap","Pommel Strike","Sword Boomerang","Heavy Blade","Perfected Strike+1","Doubt","Whirlwind+1","Feed+1","Panache","Twin Strike+1","Juggernaut","Dual Wield","Cleave+1","Clothesline+1","Brutality"],"max_hp_per_floor":[80,80,80,80,80,80,80,80,80,80,80,80,80,80,80,80,85,89,89,89,93,93,93,93,93,93],"relics":["Burning Blood","Gremlin Horn","Centennial Puzzle","Ginger","Molten Egg 2","Ancient Tea Set","Tiny House","Paper Frog","Magic Flower","Sundial"],"card_choices":[{"not_picked":["Wild Strike","True Grit"],"picked":"Thunderclap"},{"not_picked":["Battle Trance","Thunderclap"],"picked":"Pommel Strike"},{"not_picked":["Clash","Shrug It Off"],"picked":"Sword Boomerang"},{"not_picked":["Thunderclap","Rage"],"picked":"Heavy Blade"},{"not_picked":["Juggernaut","Twin Strike"],"picked":"Perfected Strike"},{"not_picked":["Twin Strike","Armaments"],"picked":"Whirlwind"},{"not_picked":["Sentinel","Uppercut"],"picked":"Feed"},{"not_picked":["Shrug It Off","Cleave"],"picked":"Twin Strike"},{"not_picked":["Immolate","Exhume"],"picked":"Juggernaut"},{"not_picked":["Shockwave","Spot Weakness"],"picked":"Dual Wield"},{"not_picked":["Sentinel","Heavy Blade"],"picked":"Cleave"},{"not_picked":["True Grit","Havoc"],"picked":"Clothesline"},{"not_picked":["Carnage","Blood for Blood"],"picked":"Brutality"}],"player_experience":84161,"potions_floor_usage":[16,21,21,21,24,27],"damage_taken":[{"damage":9,"enemies":"Jaw Worm","floor":1,"turns":3},{"damage":6,"enemies":"Cultist","floor":3,"turns":3},{"damage":2,"enemies":"Small Slimes","floor":4,"turns":4},{"damage":0,"enemies":"Gremlin Gang","floor":5,"turns":4},{"damage":54,"enemies":"Lagavulin","floor":6,"turns":6},{"damage":27,"enemies":"Gremlin Nob","floor":8,"turns":4},{"damage":5,"enemies":"Large Slime","floor":11,"turns":5},{"damage":5,"enemies":"Exordium Wildlife","floor":14,"turns":2},{"damage":35,"enemies":"Hexaghost","floor":16,"turns":9},{"damage":34,"enemies":"2 Thieves","floor":18,"turns":4},{"damage":7,"enemies":"Shell Parasite","floor":21,"turns":2},{"damage":42,"enemies":"Slavers","floor":24,"turns":4},{"damage":30,"enemies":"Snake Plant","floor":27,"turns":3}],"event_choices":[{"event_name":"Purifier","player_choice":"One Purge","floor":2,"damage_taken":0},{"event_name":"Liars Game","player_choice":"agreed","floor":7,"damage_taken":0},{"event_name":"Vampires","player_choice":"Ignored","floor":19,"damage_taken":0},{"event_name":"The Lab","player_choice":"Got Potions","floor":20,"damage_taken":0},{"event_name":"Addict","player_choice":"Ignored","floor":25,"damage_taken":0}],"boss_relics":[{"not_picked":["Eternal Feather","Question Card"],"picked":"Tiny House"}],"potions_floor_spawned":[8,14,16,21,24],"seed_played":"3709844892107331313","killed_by":"Snake Plant","ascension_level":0,"is_trial":false}