{"path_per_floor":["M","M","M","?","M","R","$","M","T","M","?","M","M","?","R","B",null,"M","$","M","?","M","R","M","M","T","?","M","R","?","M","R","B",null,"M","M","$","M","M","R","$","R","T","?","R","M","$","?","R","B"],"character_chosen":"THE_SILENT","items_purchased":["Toxic Egg 2","Enlightenment","Choke","Vajra","Distraction","Secret Weapon","Leg Sweep"],"gold_per_floor":[114,125,137,237,253,253,12,27,27,37,37,49,64,126,126,226,256,269,57,75,75,91,91,105,115,415,415,434,434,434,453,453,548,548,562,580,320,339,355,355,69,69,69,0,0,12,12,12,12,12],"floor_reached":51,"campfire_rested":3,"playtime":4498,"current_hp_per_floor":[70,70,70,70,68,68,68,68,68,68,68,68,68,61,61,51,75,72,72,72,72,72,72,53,53,53,53,53,53,37,37,74,26,75,68,50,50,25,15,52,52,52,52,52,75,68,68,68,68,29],"items_purged":[],"gold":12,"play_id":"72406572-34f8-4ce1-a171-1d7f83aeaf76","is_prod":false,"is_daily":false,"is_ascension_mode":false,"campfire_upgraded":6,"path_taken":["M","M","M","?","M","R","$","M","T","M","?","M","?","?","R","BOSS","M","$","M","?","M","R","M","M","T","?","M","R","?","M","R","BOSS","M","M","$","M","M","R","$","R","T","?","R","M","?","?","R","BOSS"],"build_version":"2018-02-01-PROD3","purchased_purges":0,"victory":true,"master_deck":["Defend_G","Defend_G","Defend_G","Defend_G","Defend_G","Strike_G","Strike_G","Survivor","Neutralize","Eviscerate+1","Backstab+1","Venomology+1","Dash","Acrobatics+1","Prepared+1","Backflip","Escape Plan+1","Escape Plan+1","PiercingWail+1","Caltrops","Eviscerate+1","After Image+1","Dodge and Roll+1","Underhanded Strike+1","Enlightenment+1","Predator+1","Panacea+1","Dagger Throw","Quick Slash","Reflex+1","Dagger Throw","Backstab","Wraith Form+1","Acrobatics+1","Choke+1","Distraction+1","Backflip+1","PiercingWail+1","Secret Weapon+1","Leg Sweep+1","Adrenaline+1"],"max_hp_per_floor":[70,70,70,70,70,70,70,70,70,70,70,70,70,70,70,70,75,75,75,75,75,75,75,75,75,75,75,75,75,75,75,75,75,75,75,75,75,75,75,75,75,75,75,75,75,75,75,75,75,75],"relics":["Toxic Egg 2","Regal Pillow","Ginger","Tiny House","Old Coin","Nloth\u0027s Gift","Enchiridion","Lizard Tail","Vajra","Thread and Needle","Red Mask"],"card_choices":[{"not_picked":["Skewer","Bane"],"picked":"Dash"},{"not_picked":["Blade Dance","Flying Knee"],"picked":"Acrobatics"},{"not_picked":["Terror","Blur"],"picked":"Prepared"},{"not_picked":["Doppelganger","Flying Knee"],"picked":"Backflip"},{"not_picked":["Bane","Skewer"],"picked":"Escape Plan"},{"not_picked":["Deadly Poison","Poisoned Stab"],"picked":"Escape Plan"},{"not_picked":["Poisoned Stab","Escape Plan"],"picked":"PiercingWail"},{"not_picked":["Acrobatics","Burst"],"picked":"Caltrops"},{"not_picked":["Deadly Poison","Sucker Punch"],"picked":"Eviscerate"},{"not_picked":["Phantasmal Killer","Bullet Time"],"picked":"After Image"},{"not_picked":["Dagger Spray","Endless Agony"],"picked":"Dodge and Roll"},{"not_picked":["Malaise","Infinite Blades"],"picked":"Underhanded Strike"},{"not_picked":["Malaise","Sucker Punch"],"picked":"Predator"},{"not_picked":["Dagger Spray","Noxious Fumes"],"picked":"Quick Slash"},{"not_picked":["Bane","Sucker Punch"],"picked":"Reflex"},{"not_picked":["Sucker Punch","Acrobatics"],"picked":"Dagger Throw"},{"not_picked":["Deflect","All Out Attack"],"picked":"Backstab"},{"not_picked":["Corpse Explosion","Envenom"],"picked":"Wraith Form"},{"not_picked":["Slice","Poisoned Stab"],"picked":"Acrobatics"},{"not_picked":["Quick Slash","Outmaneuver"],"picked":"Backflip"},{"not_picked":["Dagger Throw","Noxious Fumes"],"picked":"PiercingWail"},{"not_picked":["Underhanded Strike","Outmaneuver"],"picked":"Adrenaline"}],"player_experience":52863,"potions_floor_usage":[5,8,10,12,13,14,16,16,18,20,20,24,24,33,33,33,33,36,38,39,39,39,46,50,50],"damage_taken":[{"damage":0,"enemies":"Jaw Worm","floor":1,"turns":8},{"damage":0,"enemies":"Blue Slaver","floor":2,"turns":4},{"damage":0,"enemies":"2 Louse","floor":3,"turns":2},{"damage":2,"enemies":"Looter","floor":5,"turns":2},{"damage":0,"enemies":"Exordium Thugs","floor":8,"turns":2},{"damage":0,"enemies":"Large Slime","floor":10,"turns":7},{"damage":0,"enemies":"2 Fungi Beasts","floor":12,"turns":2},{"damage":0,"enemies":"Red Slaver","floor":13,"turns":2},{"damage":7,"enemies":"Lagavulin Event","floor":14,"turns":7},{"damage":10,"enemies":"Hexaghost","floor":16,"turns":10},{"damage":3,"enemies":"3 Byrds","floor":18,"turns":6},{"damage":0,"enemies":"Chosen","floor":20,"turns":5},{"damage":0,"enemies":"Centurion and Healer","floor":22,"turns":7},{"damage":19,"enemies":"Slaver and Parasite","floor":24,"turns":6},{"damage":0,"enemies":"Chosen and Byrds","floor":25,"turns":6},{"damage":0,"enemies":"Snake Plant","floor":28,"turns":3},{"damage":0,"enemies":"Snecko","floor":31,"turns":3},{"damage":48,"enemies":"Collector","floor":33,"turns":11},{"damage":7,"enemies":"Orb Walker","floor":35,"turns":4},{"damage":18,"enemies":"3 Shapes","floor":36,"turns":9},{"damage":25,"enemies":"Sphere and 2 Shapes","floor":38,"turns":5},{"damage":25,"enemies":"Maw","floor":39,"turns":10},{"damage":7,"enemies":"4 Shapes","floor":46,"turns":9},{"damage":88,"enemies":"Time Eater","floor":50,"turns":13}],"event_choices":[{"event_name":"Golden Shrine","player_choice":"Pray","floor":4,"damage_taken":0},{"event_name":"The Cleric","player_choice":"Leave","floor":11,"damage_taken":0},{"event_name":"Dead Adventurer","player_choice":"Searched \u00272\u0027 times","floor":14,"damage_taken":0},{"event_name":"Match and Keep!","player_choice":"2 cards matched","floor":21,"damage_taken":0},{"event_name":"Match and Keep!","player_choice":"2 cards matched","floor":21,"damage_taken":0},{"event_name":"Match and Keep!","player_choice":"2 cards matched","floor":21,"damage_taken":0},{"event_name":"N\u0027loth","player_choice":"Traded a Astrolabe","floor":27,"damage_taken":0},{"event_name":"Cursed Tome","player_choice":"Obtained Book","floor":30,"damage_taken":0},{"event_name":"Tomb of Lord Red Mask","player_choice":"Paid","floor":44,"damage_taken":0},{"event_name":"Mysterious Sphere","player_choice":"Ignore","floor":48,"damage_taken":0}],"boss_relics":[{"not_picked":["Snecko Eye","Runic Dome"],"picked":"Tiny House"},{"not_picked":["Question Card","Philosopher\u0027s Stone"],"picked":"Lizard Tail"}],"potions_floor_spawned":[5,8,12,14,14,22,25,33,35,36,38],"seed_played":"-1547166209468990022","ascension_level":0,"is_trial":false}