{"path_per_floor":["M","M","?","M","?","R","?","M","T","M","R","M","M","$","R","B",null,"M","M","$","?","M","R","E","R","T","E","?"],"character_chosen":"THE_SILENT","items_purchased":["Envenom"],"gold_per_floor":[117,128,78,91,91,91,91,110,110,125,125,137,148,1,1,100,100,113,128,53,53,68,68,100,100,127,159,159,159],"floor_reached":29,"campfire_rested":0,"playtime":1144,"item_purchase_floors":[14],"current_hp_per_floor":[63,63,63,61,58,58,58,55,55,40,40,24,24,24,24,24,59,48,44,44,44,22,22,12,12,12,4,4,0],"items_purged":["Strike_G"],"gold":159,"score":458,"play_id":"ea6beb4a-2de5-4415-98ee-6e8bdec5d96e","local_time":"20180601020952","is_prod":false,"is_daily":false,"chose_seed":false,"is_ascension_mode":true,"campfire_upgraded":5,"win_rate":0,"timestamp":1527786592,"campfire_choices":[{"data":"Deadly Poison","floor":6,"key":"SMITH"},{"data":"Catalyst","floor":11,"key":"SMITH"},{"data":"Envenom","floor":15,"key":"SMITH"},{"data":"Burst","floor":23,"key":"SMITH"},{"data":"Footwork","floor":25,"key":"SMITH"}],"path_taken":["M","M","?","M","?","R","?","M","T","M","R","M","M","?","R","BOSS","M","M","$","?","M","R","E","R","T","E","?","E"],"build_version":"2018-05-24","seed_source_timestamp":707831026053633,"purchased_purges":1,"victory":false,"master_deck":["Defend_G","Defend_G","Defend_G","Defend_G","Strike_G+1","Strike_G","Strike_G","Strike_G+1","Survivor","Neutralize+1","AscendersBane","Deadly Poison+1","Noxious Fumes+1","Well Laid Plans","Catalyst+1","Deadly Poison","Footwork+1","Envenom+1","Burst+1","Bane"],"max_hp_per_floor":[70,70,70,70,70,70,70,70,70,70,70,70,70,70,70,70,70,70,70,70,70,70,70,70,70,70,70,70,70],"relics":["Ring of the Snake","Mercury Hourglass","Unceasing Top","Sozu","Potion Belt","Blood Vial","Whetstone"],"card_choices":[{"not_picked":["Deflect","Setup"],"picked":"Deadly Poison","floor":1},{"not_picked":["Underhanded Strike","Heel Hook","Deflect"],"picked":"SKIP","floor":2},{"not_picked":["Acrobatics","Endless Agony"],"picked":"Noxious Fumes","floor":4},{"not_picked":["Prepared","Night Terror"],"picked":"Well Laid Plans","floor":8},{"not_picked":["Predator","Cloak And Dagger"],"picked":"Catalyst","floor":10},{"not_picked":["Flechettes","Underhanded Strike"],"picked":"Deadly Poison","floor":12},{"not_picked":["Escape Plan","Quick Slash"],"picked":"Footwork","floor":13},{"not_picked":["Doppelganger","Tools of the Trade"],"picked":"Burst","floor":16},{"not_picked":["Calculated Gamble","Backflip","Flying Knee"],"picked":"SKIP","floor":18},{"not_picked":["Poisoned Stab","Terror","Dagger Spray"],"picked":"SKIP","floor":19},{"not_picked":["Expertise","Leg Sweep"],"picked":"Bane","floor":22},{"not_picked":["Crippling Poison","Outmaneuver+1","Acrobatics+1"],"picked":"SKIP","floor":24},{"not_picked":["Dash+1","Sucker Punch","Dagger Throw+1"],"picked":"SKIP","floor":27}],"player_experience":725557,"potions_floor_usage":[16,18,27,29],"damage_taken":[{"damage":0,"enemies":"Small Slimes","floor":1,"turns":5},{"damage":0,"enemies":"2 Louse","floor":2,"turns":2},{"damage":2,"enemies":"Jaw Worm","floor":4,"turns":4},{"damage":3,"enemies":"Looter","floor":8,"turns":3},{"damage":15,"enemies":"3 Louse","floor":10,"turns":3},{"damage":16,"enemies":"Lots of Slimes","floor":12,"turns":3},{"damage":0,"enemies":"Large Slime","floor":13,"turns":3},{"damage":0,"enemies":"Slime Boss","floor":16,"turns":4},{"damage":11,"enemies":"Chosen","floor":18,"turns":4},{"damage":4,"enemies":"3 Byrds","floor":19,"turns":3},{"damage":22,"enemies":"3 Cultists","floor":22,"turns":6},{"damage":10,"enemies":"Book of Stabbing","floor":24,"turns":4},{"damage":10,"enemies":"Slavers","floor":27,"turns":5},{"damage":6,"enemies":"Book of Stabbing","floor":29,"turns":2}],"relics_obtained":[{"floor":9,"key":"Unceasing Top"},{"floor":24,"key":"Potion Belt"},{"floor":26,"key":"Blood Vial"},{"floor":27,"key":"Whetstone"}],"event_choices":[{"event_name":"The Cleric","player_choice":"Card Removal","floor":3,"damage_taken":0},{"event_name":"Scrap Ooze","player_choice":"success","floor":5,"damage_taken":3},{"event_name":"Upgrade Shrine","player_choice":"Upgraded","floor":7,"damage_taken":0},{"event_name":"Ghosts","player_choice":"Ignored","floor":21,"damage_taken":0},{"event_name":"Cursed Tome","player_choice":"Ignored","floor":28,"damage_taken":0}],"boss_relics":[{"not_picked":["Runic Pyramid","Philosopher\u0027s Stone"],"picked":"Sozu"}],"items_purged_floors":[20],"potions_floor_spawned":[1,10,12,16,18,19,22],"seed_played":"3732860057750571320","killed_by":"Book of Stabbing","ascension_level":10,"potions_obtained":[{"floor":1,"key":"GhostInAJar"},{"floor":10,"key":"Fire Potion"},{"floor":12,"key":"Block Potion"},{"floor":16,"key":"EssenceOfSteel"}],"is_trial":false}