{"path_per_floor":["M","?","$","?","?","M","R","M","T","M","M","R","M","M","R","B",null,"M","$","?","?","M","R"],"character_chosen":"DEFECT","items_purchased":["Impulse","Leap","Deep Breath"],"gold_per_floor":[116,116,42,7,7,27,27,45,45,64,78,78,90,110,110,209,209,134,47,0,0,18,18,18],"floor_reached":24,"campfire_rested":2,"playtime":1723,"current_hp_per_floor":[64,64,64,75,68,58,75,75,85,82,85,85,81,85,85,44,85,65,65,65,65,64,85,0],"items_purged":[],"gold":18,"score":186,"play_id":"434b287c-d7c6-4e3c-9247-87a2b4d41b73","local_time":"20180428085504","is_prod":false,"is_daily":false,"chose_seed":false,"is_ascension_mode":false,"campfire_upgraded":2,"timestamp":1524902104,"path_taken":["M","?","$","?","?","M","R","M","T","M","M","R","M","M","R","BOSS","M","$","?","?","?","R","E"],"build_version":"2018-04-27","seed_source_timestamp":1494819408078936,"purchased_purges":0,"victory":false,"master_deck":["Strike_B","Strike_B","Strike_B","Defend_B","Defend_B","Defend_B","Defend_B","Zap","Dualcast","Chaos","Double Energy","Impulse","Leap","Buffer+1","Defragment+1","Self Repair","Go for the Eyes","Conserve Battery","Reprogram","Machine Learning","Deep Breath"],"max_hp_per_floor":[75,75,75,75,75,75,75,75,85,85,85,85,85,85,85,85,85,85,85,85,85,85,85,85],"relics":["Cracked Core","Pear","Inserter"],"card_choices":[{"not_picked":["Capacitor","Beam Cell"],"picked":"Chaos","floor":0},{"not_picked":["Glacier","Chaos"],"picked":"Double Energy","floor":1},{"not_picked":["Ball Lightning","Cold Snap"],"picked":"Buffer","floor":6},{"not_picked":["Impulse","Streamline"],"picked":"Defragment","floor":8},{"not_picked":["Buffer","Axe Kick"],"picked":"Self Repair","floor":10},{"not_picked":["Glacier","Coolheaded"],"picked":"Go for the Eyes","floor":11},{"not_picked":["Skim","Steam Power"],"picked":"Conserve Battery","floor":13},{"not_picked":["Go for the Eyes","Beam Cell"],"picked":"Reprogram","floor":14},{"not_picked":["Reboot","Seek"],"picked":"Machine Learning","floor":16}],"player_experience":3726,"potions_floor_usage":[10,16,16],"damage_taken":[{"damage":11,"enemies":"Jaw Worm","floor":1,"turns":4},{"damage":10,"enemies":"Small Slimes","floor":6,"turns":3},{"damage":0,"enemies":"Cultist","floor":8,"turns":4},{"damage":3,"enemies":"3 Louse","floor":10,"turns":2},{"damage":3,"enemies":"2 Fungi Beasts","floor":11,"turns":5},{"damage":11,"enemies":"Exordium Thugs","floor":13,"turns":5},{"damage":0,"enemies":"Large Slime","floor":14,"turns":6},{"damage":48,"enemies":"Hexaghost","floor":16,"turns":11},{"damage":27,"enemies":"2 Thieves","floor":18,"turns":5},{"damage":8,"enemies":"Shell Parasite","floor":22,"turns":9},{"damage":86,"enemies":"Gremlin Leader","floor":24,"turns":4}],"event_choices":[{"event_name":"Shining Light","player_choice":"Ignored","floor":2,"damage_taken":0},{"event_name":"The Cleric","player_choice":"Healed","floor":4,"damage_taken":0},{"event_name":"Golden Wing","player_choice":"Card Removal","floor":5,"damage_taken":0},{"event_name":"Masked Bandits","player_choice":"Paid Bandits 47 gold","floor":20,"damage_taken":0},{"event_name":"Ghosts","player_choice":"Ignored","floor":21,"damage_taken":0}],"boss_relics":[{"not_picked":["Eternal Feather","Snecko Eye"],"picked":"Inserter"}],"potions_floor_spawned":[8,11,13],"seed_played":"-4849613453556081596","killed_by":"Gremlin Leader","ascension_level":0,"is_trial":false}