{"gold_per_floor":[111,131,145,224,224,224,256,271,298,330,348,523,553,563,563,563],"floor_reached":16,"playtime":1074,"items_purged":[],"score":165,"play_id":"5ed21a89-aebb-4a9b-a6fe-83f9a4a28fa0","local_time":"20181222153348","is_ascension_mode":true,"campfire_choices":[{"data":"Neutralize","floor":6,"key":"SMITH"},{"floor":15,"key":"REST"}],"neow_cost":"NONE","seed_source_timestamp":163886380813597,"circlet_count":0,"master_deck":["Defend_G+1","Defend_G+1","Defend_G","Defend_G","Defend_G","Strike_G","Strike_G","Strike_G","Strike_G","Strike_G","Survivor","Neutralize+1","Blur","Backstab","Poisoned Stab","Regret","Infinite Blades","Blur","Backstab","Crippling Poison","Doubt","Dash","Storm of Steel"],"relics":["Ring of the Snake","Potion Belt","Snake Skull","PreservedInsect","War Paint","Bronze Scales","Ninja Scroll"],"potions_floor_usage":[10,13,13,16],"damage_taken":[{"damage":1,"enemies":"Cultist","floor":1,"turns":5},{"damage":2,"enemies":"2 Louse","floor":2,"turns":3},{"damage":0,"enemies":"Small Slimes","floor":3,"turns":5},{"damage":32,"enemies":"Lagavulin","floor":7,"turns":8},{"damage":2,"enemies":"3 Louse","floor":8,"turns":4},{"damage":7,"enemies":"3 Sentries","floor":10,"turns":7},{"damage":9,"enemies":"Large Slime","floor":11,"turns":6},{"damage":2,"enemies":"Lagavulin","floor":13,"turns":5},{"damage":0,"enemies":"Blue Slaver","floor":14,"turns":2},{"damage":46,"enemies":"Slime Boss","floor":16,"turns":13}],"seed_played":"4240761927135952205","potions_obtained":[{"floor":1,"key":"GhostInAJar"},{"floor":3,"key":"PowerPotion"},{"floor":11,"key":"Dexterity Potion"},{"floor":14,"key":"Regen Potion"}],"is_trial":false,"path_per_floor":["M","M","M","?","?","R","E","M","T","E","M","?","E","M","R","B"],"character_chosen":"THE_SILENT","items_purchased":[],"campfire_rested":1,"item_purchase_floors":[],"current_hp_per_floor":[62,60,60,60,60,60,28,26,26,19,10,10,8,8,29,0],"gold":563,"neow_bonus":"RANDOM_COMMON_RELIC","is_prod":false,"is_daily":false,"chose_seed":false,"campfire_upgraded":1,"win_rate":0,"timestamp":1545510828,"path_taken":["M","?","?","?","?","R","E","M","T","E","M","?","E","M","R","BOSS"],"build_version":"2018-12-20","purchased_purges":0,"victory":false,"max_hp_per_floor":[70,70,70,70,70,70,70,70,70,70,70,70,70,70,70,70],"card_choices":[{"not_picked":["Riddle With Holes","Skewer"],"picked":"Blur","floor":1},{"not_picked":["Dagger Throw","Outmaneuver"],"picked":"Backstab","floor":2},{"not_picked":["Slice","Quick Slash"],"picked":"Poisoned Stab","floor":3},{"not_picked":["Skewer","Blade Dance"],"picked":"Infinite Blades","floor":7},{"not_picked":["PiercingWail","Quick Slash"],"picked":"Blur","floor":8},{"not_picked":["Flying Knee","Dagger Spray"],"picked":"Backstab","floor":10},{"not_picked":["Accuracy","Dodge and Roll"],"picked":"Crippling Poison","floor":11},{"not_picked":["Blade Dance","Calculated Gamble"],"picked":"Dash","floor":13},{"not_picked":["Backstab","Poisoned Stab"],"picked":"Storm of Steel","floor":14}],"player_experience":345176,"relics_obtained":[{"floor":7,"key":"PreservedInsect"},{"floor":9,"key":"War Paint"},{"floor":10,"key":"Bronze Scales"},{"floor":13,"key":"Ninja Scroll"}],"event_choices":[{"damage_healed":0,"gold_gain":79,"player_choice":"Gained Gold","damage_taken":0,"max_hp_gain":0,"max_hp_loss":0,"event_name":"Golden Wing","floor":4,"gold_loss":0},{"damage_healed":0,"gold_gain":0,"player_choice":"Box","damage_taken":0,"relics_obtained":["Snake Skull"],"max_hp_gain":0,"max_hp_loss":0,"event_name":"Big Fish","floor":5,"gold_loss":0,"cards_obtained":["Regret"]},{"damage_healed":0,"gold_gain":175,"player_choice":"AGREE","damage_taken":0,"max_hp_gain":0,"max_hp_loss":0,"event_name":"Liars Game","floor":12,"gold_loss":0,"cards_obtained":["Doubt"]}],"is_beta":false,"boss_relics":[],"items_purged_floors":[],"is_endless":false,"potions_floor_spawned":[1,3,11,14],"killed_by":"Slime Boss","ascension_level":7}