{"path_per_floor":["M","M","M","?","M","E","R","E","T","E","R","?","M","?","R","B",null,"M","$","?","M","M","E","R","$","T","R","M","M","E","M","R","B",null,"M","M","M","?","$","R","?","M","T","E","M","E","$","?","R","B"],"character_chosen":"IRONCLAD","items_purchased":["Matryoshka","True Grit","Blind","Armaments","Pommel Strike"],"gold_per_floor":[15,25,43,43,55,83,83,112,185,212,212,212,228,228,228,327,327,342,9,9,29,44,70,70,21,21,21,40,54,80,97,97,200,200,216,234,244,244,37,37,37,57,57,87,103,129,21,21,21,21],"floor_reached":51,"campfire_rested":5,"playtime":7876,"current_hp_per_floor":[75,72,75,89,74,55,55,38,38,8,36,36,34,34,34,30,112,100,100,100,82,59,33,68,68,68,68,63,60,30,40,77,59,126,117,88,69,69,69,109,134,127,127,122,124,98,98,98,142,69],"items_purged":["Strike_R","Strike_R"],"gold":21,"score":731,"play_id":"5b482336-b137-4c75-8ead-af1897c95757","is_prod":false,"is_daily":false,"is_ascension_mode":true,"campfire_upgraded":3,"path_taken":["M","M","M","?","M","E","R","E","T","E","R","?","M","?","R","BOSS","M","$","?","M","M","E","R","$","T","R","M","M","E","?","R","BOSS","M","M","M","?","$","R","?","M","T","E","M","E","$","?","R","BOSS"],"build_version":"2018-02-08-BETA1","purchased_purges":2,"victory":true,"master_deck":["Strike_R","Strike_R","Defend_R","Defend_R","Defend_R","Defend_R","Bash","Feed","Headbutt","Armaments+1","Battle Trance","Dual Wield","Shrug It Off","Evolve+1","Offering","True Grit","Searing Blow+2","True Grit","Armaments+1","Warcry+1","Fiend Fire+1","Feed+1","Searing Blow+2","Blind","Wild Strike+1","Rupture+1","Demon Form","Armaments","Pommel Strike+1","Bludgeon+1"],"max_hp_per_floor":[83,86,89,89,92,96,96,96,96,96,96,96,100,100,100,112,112,112,112,112,112,115,119,119,119,119,119,119,122,122,126,126,126,126,126,130,134,134,134,134,134,134,134,148,148,148,148,148,148,148],"relics":["Burning Blood","Ginger","Frozen Eye","Gremlin Horn","Molten Egg 2","Sozu","Matryoshka","Prayer Wheel","Letter Opener","Mummified Hand","Omamori","Black Star","Happy Flower","Lantern","Ice Cream","Calipers","Mango","Meat on the Bone","Centennial Puzzle"],"card_choices":[{"not_picked":["Double Tap","Juggernaut"],"picked":"Feed"},{"not_picked":["Iron Wave","Second Wind"],"picked":"Headbutt"},{"not_picked":["Rupture","Thunderclap"],"picked":"Armaments"},{"not_picked":["Shrug It Off","Reckless Charge"],"picked":"Battle Trance"},{"not_picked":["Cleave","Corruption"],"picked":"Dual Wield"},{"not_picked":["Seeing Red","Warcry"],"picked":"Shrug It Off"},{"not_picked":["Cleave","Flex"],"picked":"Evolve"},{"not_picked":["Reaper","Berserk"],"picked":"Offering"},{"not_picked":["Fire Breathing","Wild Strike"],"picked":"True Grit"},{"not_picked":["Dual Wield","Thunderclap"],"picked":"Searing Blow"},{"not_picked":["Wild Strike","Whirlwind"],"picked":"Armaments"},{"not_picked":["Clash","Wild Strike"],"picked":"Warcry"},{"not_picked":["Combust","Iron Wave"],"picked":"Fiend Fire"},{"not_picked":["Pommel Strike","Disarm"],"picked":"Feed"},{"not_picked":["Armaments","Perfected Strike"],"picked":"Searing Blow"},{"not_picked":["Heavy Blade","Pommel Strike"],"picked":"Wild Strike"},{"not_picked":["Dropkick","Headbutt"],"picked":"Rupture"},{"not_picked":["Body Slam","Shrug It Off"],"picked":"Demon Form"},{"not_picked":["Sword Boomerang","Intimidate"],"picked":"Inflame"}],"player_experience":49073,"potions_floor_usage":[6,6,16],"damage_taken":[{"damage":14,"enemies":"Jaw Worm","floor":1,"turns":7},{"damage":12,"enemies":"Blue Slaver","floor":2,"turns":5},{"damage":6,"enemies":"2 Louse","floor":3,"turns":5},{"damage":24,"enemies":"Lots of Slimes","floor":5,"turns":8},{"damage":29,"enemies":"Lagavulin","floor":6,"turns":9},{"damage":23,"enemies":"Gremlin Nob","floor":8,"turns":4},{"damage":36,"enemies":"Lagavulin","floor":10,"turns":8},{"damage":12,"enemies":"Looter","floor":13,"turns":4},{"damage":22,"enemies":"Slime Boss","floor":16,"turns":11},{"damage":18,"enemies":"2 Thieves","floor":18,"turns":4},{"damage":24,"enemies":"Spheric Guardian","floor":21,"turns":4},{"damage":32,"enemies":"Cultist and Chosen","floor":22,"turns":8},{"damage":36,"enemies":"Gremlin Leader","floor":23,"turns":9},{"damage":11,"enemies":"Snake Plant","floor":28,"turns":3},{"damage":12,"enemies":"Centurion and Healer","floor":29,"turns":6},{"damage":36,"enemies":"Book of Stabbing","floor":30,"turns":5},{"damage":0,"enemies":"Sentry and Sphere","floor":31,"turns":3},{"damage":24,"enemies":"Champ","floor":33,"turns":10},{"damage":15,"enemies":"Orb Walker","floor":35,"turns":3},{"damage":39,"enemies":"3 Darklings","floor":36,"turns":9},{"damage":29,"enemies":"Sphere and 2 Shapes","floor":37,"turns":4},{"damage":13,"enemies":"Spire Growth","floor":42,"turns":7},{"damage":25,"enemies":"2 Orb Walkers","floor":44,"turns":4},{"damage":4,"enemies":"Maw","floor":45,"turns":7},{"damage":32,"enemies":"Giant Head","floor":46,"turns":7},{"damage":91,"enemies":"Awakened One","floor":50,"turns":10}],"event_choices":[{"event_name":"Wheel of Change","player_choice":"Full Heal","floor":4,"damage_taken":0},{"event_name":"Bonfire Elementals","player_choice":"BASIC","floor":12,"damage_taken":0},{"event_name":"Match and Keep!","player_choice":"0 cards matched","floor":14,"damage_taken":0},{"event_name":"The Lab","player_choice":"Got Potions","floor":20,"damage_taken":0},{"event_name":"Accursed Blacksmith","player_choice":"Rummage","floor":38,"damage_taken":0},{"event_name":"Winding Halls","player_choice":"Writhe","floor":41,"damage_taken":0},{"event_name":"Transmorgrifier","player_choice":"Transform","floor":48,"damage_taken":0}],"boss_relics":[{"not_picked":["Black Blood","Snecko Eye"],"picked":"Sozu"},{"not_picked":["Orrery","Question Card"],"picked":"Black Star"}],"potions_floor_spawned":[2,5,10,13,21,22,28,31,33,36,37,42,46],"seed_played":"5802062672352205840","ascension_level":3,"is_trial":false}