{"gold_per_floor":[109,127,141,161,173,173,203,213,269,269,284,46,66,66,66,167,167,180,279,302,26,46,46,46],"floor_reached":24,"playtime":897,"items_purged":[],"score":290,"play_id":"736f9d2d-7db4-4dc3-b9c9-c2e334244fba","local_time":"20190302203010","is_ascension_mode":true,"campfire_choices":[{"floor":6.0,"key":"REST"},{"floor":10.0,"key":"REST"},{"data":"Inflame","floor":15.0,"key":"SMITH"},{"floor":23,"key":"REST"}],"neow_cost":"TEN_PERCENT_HP_LOSS","seed_source_timestamp":0,"circlet_count":0,"master_deck":["Bash","Inflame","Flex","Heavy Blade","Inflame+1","Disarm","Juggernaut","Flame Barrier","Limit Break","Combust","Infernal Blade","Fire Breathing","Rupture","Feel No Pain","Intimidate","Double Tap","Bludgeon","Immolate","Burning Pact+1","Second Wind","Rupture"],"special_seed":0,"relics":["Burning Blood","Bird Faced Urn","Champion Belt","Tiny Chest","Pantograph","Pandora\u0027s Box","Orichalcum","MealTicket"],"potions_floor_usage":[24,24],"damage_taken":[{"damage":1.0,"enemies":"Cultist","floor":1.0,"turns":3.0},{"damage":5.0,"enemies":"Small Slimes","floor":2.0,"turns":4.0},{"damage":7.0,"enemies":"Jaw Worm","floor":3.0,"turns":3.0},{"damage":41.0,"enemies":"Exordium Thugs","floor":4.0,"turns":9.0},{"damage":36.0,"enemies":"Gremlin Gang","floor":5.0,"turns":4.0},{"damage":20.0,"enemies":"Gremlin Nob","floor":7.0,"turns":4.0},{"damage":16.0,"enemies":"3 Louse","floor":8.0,"turns":4.0},{"damage":23.0,"enemies":"2 Fungi Beasts","floor":11.0,"turns":4.0},{"damage":16.0,"enemies":"Red Slaver","floor":13.0,"turns":5.0},{"damage":43.0,"enemies":"Hexaghost","floor":16.0,"turns":9.0},{"damage":31.0,"enemies":"Shell Parasite","floor":18.0,"turns":5.0},{"damage":21,"enemies":"Spheric Guardian","floor":22,"turns":4},{"damage":64,"enemies":"Gremlin Leader","floor":24,"turns":5}],"seed_played":"7923616561783393121","potions_obtained":[{"floor":4.0,"key":"Poison Potion"},{"floor":5.0,"key":"EssenceOfSteel"},{"floor":11.0,"key":"Ancient Potion"},{"floor":13.0,"key":"AttackPotion"},{"floor":16.0,"key":"SteroidPotion"},{"floor":18.0,"key":"SkillPotion"}],"is_trial":false,"path_per_floor":["M","M","M","M","M","R","E","M","T","R","M","$","M","?","R","B",null,"M","?","T","$","M","R","E"],"character_chosen":"IRONCLAD","items_purchased":["Pantograph","Second Wind","MealTicket"],"campfire_rested":3,"item_purchase_floors":[12,21,21],"current_hp_per_floor":[72,72,71,38,10,31,21,15,15,36,23,23,19,19,19,13,57,42,42,42,42,35,56,0],"gold":46,"neow_bonus":"ONE_RARE_RELIC","is_prod":false,"is_daily":false,"chose_seed":false,"campfire_upgraded":1,"win_rate":0,"timestamp":1551587410,"path_taken":["M","?","M","?","M","R","E","M","T","R","M","$","M","?","R","BOSS","M","?","?","$","?","R","E"],"build_version":"2019-01-23","purchased_purges":0,"victory":false,"max_hp_per_floor":[72,72,72,72,72,72,72,72,72,72,72,72,72,72,72,72,72,72,72,72,72,72,72,72],"card_choices":[{"not_picked":["Clash","Cleave","Havoc"],"picked":"SKIP","floor":1.0},{"not_picked":["Clash","Cleave"],"picked":"Inflame","floor":2.0},{"not_picked":["Pommel Strike","Clash"],"picked":"Flex","floor":3.0},{"not_picked":["Flex","Blood for Blood"],"picked":"Heavy Blade","floor":4.0},{"not_picked":["Armaments","Uppercut"],"picked":"Inflame","floor":5.0},{"not_picked":["Combust","Dual Wield"],"picked":"Disarm","floor":7.0},{"not_picked":["Thunderclap","Body Slam","Heavy Blade"],"picked":"SKIP","floor":8.0},{"not_picked":["Intimidate","Anger"],"picked":"Juggernaut","floor":11.0},{"not_picked":["Flex","Whirlwind"],"picked":"Flame Barrier","floor":13.0},{"not_picked":["Feed","Berserk"],"picked":"Limit Break","floor":16.0},{"not_picked":["Warcry","Heavy Blade"],"picked":"Burning Pact+1","floor":18.0},{"not_picked":["Rage+1","Blood for Blood"],"picked":"Rupture","floor":22}],"player_experience":322317,"relics_obtained":[{"floor":7.0,"key":"Champion Belt"},{"floor":9.0,"key":"Tiny Chest"},{"floor":20.0,"key":"Orichalcum"}],"event_choices":[{"damage_healed":0.0,"max_hp_gain":0.0,"max_hp_loss":0.0,"gold_gain":0.0,"event_name":"Dead Adventurer","player_choice":"Searched \u00271\u0027 times","floor":14.0,"gold_loss":0.0,"damage_taken":0.0},{"damage_healed":0.0,"max_hp_gain":0.0,"max_hp_loss":0.0,"gold_gain":99.0,"event_name":"Nest","player_choice":"Stole From Cult","floor":19.0,"gold_loss":0.0,"damage_taken":0.0}],"is_beta":false,"boss_relics":[{"not_picked":["White Beast Statue","Tiny House"],"picked":"Pandora\u0027s Box"}],"items_purged_floors":[],"is_endless":false,"potions_floor_spawned":[4,5,11,13,16,18],"killed_by":"Gremlin Leader","ascension_level":9}