{"gold_per_floor":[110,110,60,70,18,52,66,66,145,145,161,177,209,209,209,286,286,297,297,312,23,34,34,34],"floor_reached":24,"playtime":993,"items_purged":[],"score":393,"play_id":"2e5dfd0e-440a-4312-b2dc-6be83ab9a197","local_time":"20190302181311","is_ascension_mode":true,"campfire_choices":[{"data":"Neutralize","floor":8,"key":"SMITH"},{"data":"Dagger Spray","floor":10,"key":"SMITH"},{"floor":15,"key":"REST"},{"data":"Leg Sweep","floor":23,"key":"SMITH"}],"neow_cost":"NONE","seed_source_timestamp":57185208747875,"circlet_count":0,"master_deck":["AscendersBane","Defend_G+1","Defend_G+1","Defend_G+1","Defend_G+1","Defend_G+1","Strike_G+1","Strike_G+1","Strike_G+1","Strike_G+1","Survivor","Neutralize+1","Dagger Spray+1","Deadly Poison","Bouncing Flask","Bane+1","PiercingWail","After Image+1","Leg Sweep+1","Footwork+1","Footwork+1"],"relics":["Ring of the Snake","NeowsBlessing","Strawberry","Frozen Egg 2","Regal Pillow","WristBlade","Ninja Scroll"],"potions_floor_usage":[13,16,22,24],"damage_taken":[{"damage":0,"enemies":"Jaw Worm","floor":1,"turns":1},{"damage":0,"enemies":"Small Slimes","floor":4,"turns":1},{"damage":0,"enemies":"3 Sentries","floor":6,"turns":2},{"damage":1,"enemies":"2 Louse","floor":7,"turns":3},{"damage":11,"enemies":"Exordium Wildlife","floor":11,"turns":5},{"damage":3,"enemies":"Looter","floor":12,"turns":3},{"damage":15,"enemies":"Lagavulin","floor":13,"turns":8},{"damage":77,"enemies":"Slime Boss","floor":16,"turns":13},{"damage":0,"enemies":"3 Byrds","floor":18,"turns":6},{"damage":1,"enemies":"Spheric Guardian","floor":20,"turns":4},{"damage":0,"enemies":"Snecko","floor":22,"turns":6},{"damage":67,"enemies":"Gremlin Leader","floor":24,"turns":8}],"seed_played":"5365379932065734583","potions_obtained":[{"floor":7,"key":"Energy Potion"},{"floor":11,"key":"SkillPotion"},{"floor":13,"key":"FairyPotion"},{"floor":16,"key":"Swift Potion"},{"floor":20,"key":"PowerPotion"}],"is_trial":false,"path_per_floor":["M","$","?","M","$","E","M","R","T","R","M","M","E","?","R","B",null,"M","?","M","$","M","R","E"],"character_chosen":"THE_SILENT","items_purchased":["Deadly Poison","Footwork+1","Ninja Scroll"],"campfire_rested":1,"item_purchase_floors":[5,21,21],"current_hp_per_floor":[59,59,59,59,59,66,65,65,65,65,54,51,36,36,72,7,57,57,57,56,56,56,56,0],"gold":34,"neow_bonus":"THREE_ENEMY_KILL","is_prod":false,"is_daily":false,"chose_seed":false,"campfire_upgraded":3,"win_rate":0,"timestamp":1551546791,"path_taken":["M","$","?","M","$","E","M","R","T","R","M","M","E","?","R","BOSS","M","?","M","$","M","R","E"],"build_version":"2019-01-23","purchased_purges":0,"victory":false,"max_hp_per_floor":[66,66,66,66,66,73,73,73,73,73,73,73,73,73,73,73,73,73,73,73,73,73,73,73],"card_choices":[{"not_picked":["Deadly Poison","Dodge and Roll"],"picked":"Dagger Spray","floor":1},{"not_picked":["Acrobatics","Underhanded Strike","Flying Knee"],"picked":"SKIP","floor":4},{"not_picked":["Die Die Die","Blur"],"picked":"Bouncing Flask","floor":6},{"not_picked":["Underhanded Strike","Slice","Terror"],"picked":"SKIP","floor":7},{"not_picked":["Flying Knee","Slice"],"picked":"Bane","floor":11},{"not_picked":["Slice","Acrobatics"],"picked":"PiercingWail","floor":12},{"not_picked":["Eviscerate","Bane","Slice"],"picked":"SKIP","floor":13},{"not_picked":["Grand Finale","Unload"],"picked":"After Image+1","floor":16},{"not_picked":["Flechettes","Bouncing Flask"],"picked":"Leg Sweep","floor":18},{"not_picked":["Bane","Dagger Spray","Dagger Throw"],"picked":"SKIP","floor":20},{"not_picked":["Escape Plan","Backflip"],"picked":"Footwork+1","floor":22}],"player_experience":720969,"relics_obtained":[{"floor":6,"key":"Strawberry"},{"floor":9,"key":"Frozen Egg 2"},{"floor":13,"key":"Regal Pillow"}],"event_choices":[{"cards_removed":["Strike_G"],"damage_healed":0,"gold_gain":0,"player_choice":"Card Removal","damage_taken":0,"max_hp_gain":0,"max_hp_loss":0,"event_name":"The Cleric","floor":3,"gold_loss":50},{"damage_healed":0,"gold_gain":0,"player_choice":"Grow","damage_taken":0,"max_hp_gain":0,"max_hp_loss":0,"event_name":"Living Wall","floor":14,"gold_loss":0,"cards_upgraded":["Bane"]},{"damage_healed":0,"gold_gain":0,"player_choice":"Simplicity","damage_taken":0,"max_hp_gain":0,"max_hp_loss":0,"event_name":"Back to Basics","floor":19,"gold_loss":0,"cards_upgraded":["Defend_G","Defend_G","Defend_G","Defend_G","Defend_G","Strike_G","Strike_G","Strike_G","Strike_G"]}],"is_beta":false,"boss_relics":[{"not_picked":["Snecko Eye","Lizard Tail"],"picked":"WristBlade"}],"items_purged_floors":[],"is_endless":false,"potions_floor_spawned":[7,11,13,16,20],"killed_by":"Gremlin Leader","ascension_level":14}