{"path_per_floor":["M","?","?","M","M","E","R","M","T","T","$","M","?","M","R","B",null,"M","?","M","?","M","R","?","R","T","E","M","M","E","M","R"],"character_chosen":"IRONCLAD","items_purchased":["Singing Bowl","Bag of Marbles"],"gold_per_floor":[118,118,198,210,230,258,258,268,268,343,34,49,49,65,65,166,166,186,101,114,114,132,132,132,132,132,158,174,186,217,236,236],"floor_reached":33,"campfire_rested":0,"playtime":1531,"current_hp_per_floor":[80,80,80,80,80,64,64,60,60,60,60,53,53,47,47,19,84,71,71,53,53,51,51,51,51,51,52,55,57,51,53,53],"items_purged":[],"gold":236,"score":315,"play_id":"37584651-3dfd-4643-8008-fb13d0934c05","local_time":"20180304130126","is_prod":false,"is_daily":false,"is_ascension_mode":false,"campfire_upgraded":5,"timestamp":1520186486,"path_taken":["M","?","?","M","M","E","R","M","T","?","$","M","?","M","R","BOSS","M","?","M","?","M","R","?","R","T","E","?","M","E","?","R","BOSS"],"build_version":"2018-03-01-PROD1","purchased_purges":0,"victory":false,"master_deck":["Strike_R+1","Strike_R+1","Strike_R+1","Strike_R+1","Strike_R+1","Defend_R+1","Defend_R+1","Defend_R+1","Defend_R+1","Bash+1","Pommel Strike+1","Flex+1","Offering+1","Berserk+1","Pommel Strike","Bludgeon+1","Cleave+1","Pommel Strike","Shrug It Off+1","Barricade+1","Intimidate","Pommel Strike+1","Hemokinesis+1"],"max_hp_per_floor":[80,80,80,80,80,80,80,80,80,80,80,82,82,84,84,84,84,84,84,84,84,84,84,84,84,84,84,86,86,86,86,86],"relics":["Burning Blood","Ancient Tea Set","Gremlin Horn","Pantograph","Singing Bowl","Bag of Marbles","Lizard Tail","Nloth\u0027s Gift","Letter Opener","Thread and Needle","Bottled Lightning"],"card_choices":[{"not_picked":["Iron Wave","Warcry"],"picked":"Pommel Strike"},{"not_picked":["Iron Wave","Clothesline"],"picked":"Flex"},{"not_picked":["Power Through","Evolve"],"picked":"Offering"},{"not_picked":["Body Slam","Twin Strike"],"picked":"Berserk"},{"not_picked":["Iron Wave","Clothesline"],"picked":"Pommel Strike"},{"not_picked":["Exhume","Juggernaut"],"picked":"Bludgeon"},{"not_picked":["Fire Breathing","Clash"],"picked":"Cleave"},{"not_picked":["Havoc","Sever Soul"],"picked":"Pommel Strike"},{"not_picked":["Bloodletting","Second Wind"],"picked":"Shrug It Off"},{"not_picked":["Wild Strike","Entrench"],"picked":"Barricade"},{"not_picked":["Sword Boomerang","Body Slam"],"picked":"Intimidate"},{"not_picked":["Hemokinesis","Immolate"],"picked":"Pommel Strike"},{"not_picked":["Heavy Blade","Body Slam"],"picked":"Hemokinesis"}],"player_experience":85679,"potions_floor_usage":[6,6,16,29,30,33,33],"damage_taken":[{"damage":6,"enemies":"Jaw Worm","floor":1,"turns":3},{"damage":1,"enemies":"Cultist","floor":4,"turns":3},{"damage":0,"enemies":"Small Slimes","floor":5,"turns":2},{"damage":34,"enemies":"Lagavulin","floor":6,"turns":6},{"damage":10,"enemies":"Exordium Wildlife","floor":8,"turns":2},{"damage":15,"enemies":"Large Slime","floor":12,"turns":2},{"damage":14,"enemies":"Blue Slaver","floor":14,"turns":3},{"damage":59,"enemies":"The Guardian","floor":16,"turns":5},{"damage":19,"enemies":"2 Thieves","floor":18,"turns":3},{"damage":24,"enemies":"Spheric Guardian","floor":20,"turns":4},{"damage":8,"enemies":"Centurion and Healer","floor":22,"turns":3},{"damage":5,"enemies":"Slavers","floor":27,"turns":2},{"damage":5,"enemies":"Snecko","floor":28,"turns":4},{"damage":4,"enemies":"Cultist and Chosen","floor":29,"turns":4},{"damage":18,"enemies":"Gremlin Leader","floor":30,"turns":3},{"damage":4,"enemies":"Snake Plant","floor":31,"turns":1},{"damage":152,"enemies":"Automaton","floor":33,"turns":12}],"event_choices":[{"event_name":"Upgrade Shrine","player_choice":"Upgraded","floor":2,"damage_taken":0},{"event_name":"Golden Wing","player_choice":"Gained Gold","floor":3,"damage_taken":0},{"event_name":"Living Wall","player_choice":"Grow","floor":13,"damage_taken":0},{"event_name":"Addict","player_choice":"Obtained Relic","floor":19,"damage_taken":0},{"event_name":"Back to Basics","player_choice":"Simplicity","floor":21,"damage_taken":0},{"event_name":"N\u0027loth","player_choice":"Traded a Bag of Preparation","floor":24,"damage_taken":0}],"boss_relics":[{"not_picked":["Ectoplasm","Mark of Pain"],"picked":"Lizard Tail"}],"potions_floor_spawned":[4,5,8,22,27,28,31],"seed_played":"-2535139104501261372","killed_by":"Automaton","ascension_level":0,"is_trial":false}