{"path_per_floor":["M","?","?","M","T","R","M","R","T","M","M","$","M","M","R","B",null,"M","?","?","M","$","R","M","?","T","M","?","?","R","$","R"],"character_chosen":"IRONCLAD","items_purchased":["Heavy Blade","Inflame"],"gold_per_floor":[109,59,59,78,78,78,89,89,114,134,153,26,36,49,49,150,150,162,162,162,173,96,96,115,115,115,135,60,60,60,60,60],"floor_reached":33,"campfire_rested":1,"playtime":1194,"current_hp_per_floor":[80,80,64,70,70,70,76,76,76,80,80,80,80,80,80,25,80,74,74,74,78,78,78,86,69,69,52,52,36,36,36,79],"items_purged":["Defend_R"],"gold":60,"score":284,"play_id":"354590f6-2e3d-4d9d-a419-30036f8115f3","local_time":"20180313192903","is_prod":false,"is_daily":false,"is_ascension_mode":true,"campfire_upgraded":5,"timestamp":1520983743,"path_taken":["M","?","?","M","?","R","M","R","T","M","M","$","M","M","R","BOSS","M","?","?","M","$","R","M","?","T","?","?","?","R","$","R","BOSS"],"build_version":"2018-03-09","purchased_purges":1,"victory":false,"master_deck":["Strike_R","Strike_R","Strike_R","Defend_R+1","Defend_R","Defend_R","Bash+1","Limit Break+1","Battle Trance","Flex+1","Cleave","Heavy Blade+1","Flex+1","Flex","Feed","Writhe","Inflame+1","Warcry","Dropkick+1"],"max_hp_per_floor":[80,80,80,80,80,80,80,80,80,80,80,80,80,80,80,80,80,83,83,83,83,83,83,86,91,91,94,94,94,94,94,94],"relics":["Burning Blood","Anchor","Regal Pillow","Sozu","Ginger","Calipers","Nilry\u0027s Codex"],"card_choices":[{"not_picked":["Clothesline","Armaments"],"picked":"Battle Trance"},{"not_picked":["Headbutt","Clash"],"picked":"Flex"},{"not_picked":["Clothesline","Pommel Strike"],"picked":"Cleave"},{"not_picked":["Exhume","Clash"],"picked":"Flex"},{"not_picked":["Shrug It Off","Havoc"],"picked":"Flex"},{"not_picked":["Berserk","Dark Embrace"],"picked":"Feed"},{"not_picked":["Evolve","Thunderclap"],"picked":"Warcry"},{"not_picked":["Perfected Strike","True Grit"],"picked":"Dropkick"}],"player_experience":249084,"potions_floor_usage":[33,33],"damage_taken":[{"damage":3,"enemies":"Jaw Worm","floor":1,"turns":5},{"damage":0,"enemies":"2 Louse","floor":4,"turns":2},{"damage":0,"enemies":"Small Slimes","floor":7,"turns":3},{"damage":0,"enemies":"3 Louse","floor":10,"turns":2},{"damage":5,"enemies":"Blue Slaver","floor":11,"turns":3},{"damage":0,"enemies":"Large Slime","floor":13,"turns":3},{"damage":0,"enemies":"2 Fungi Beasts","floor":14,"turns":2},{"damage":61,"enemies":"The Guardian","floor":16,"turns":7},{"damage":15,"enemies":"2 Thieves","floor":18,"turns":3},{"damage":2,"enemies":"Chosen","floor":21,"turns":2},{"damage":0,"enemies":"Snake Plant","floor":24,"turns":2},{"damage":26,"enemies":"3 Cultists","floor":27,"turns":5},{"damage":120,"enemies":"Automaton","floor":33,"turns":6}],"event_choices":[{"event_name":"The Cleric","player_choice":"Card Removal","floor":2,"damage_taken":0},{"event_name":"Shining Light","player_choice":"Entered Light","floor":3,"damage_taken":0},{"event_name":"Vampires","player_choice":"Ignored","floor":19,"damage_taken":0},{"event_name":"The Mausoleum","player_choice":"Yes","floor":20,"damage_taken":0},{"event_name":"Forgotten Altar","player_choice":"Shed Blood","floor":25,"damage_taken":0},{"event_name":"Beggar","player_choice":"Gave Gold","floor":28,"damage_taken":0},{"event_name":"Cursed Tome","player_choice":"Obtained Book","floor":29,"damage_taken":0}],"boss_relics":[{"not_picked":["Black Star","Philosopher\u0027s Stone"],"picked":"Sozu"}],"potions_floor_spawned":[1,4,11,13,21,27],"seed_played":"-8775251546503226580","killed_by":"Automaton","ascension_level":4,"is_trial":false}