{"gold_per_floor":[116,116,23,41,41,41,75,75,98,125,138,138,150,165,165,239,239,223,273,285,285,285,285,313,313,313,340,340,355,355,228,228,228],"floor_reached":33,"playtime":1815,"items_purged":[],"score":551,"play_id":"56ab7941-f6c0-4718-aaf0-9bb7fe031a39","local_time":"20190219204519","is_ascension_mode":true,"campfire_choices":[{"data":"Go for the Eyes","floor":6,"key":"SMITH"},{"data":"Sunder","floor":8,"key":"SMITH"},{"floor":12,"key":"REST"},{"floor":15,"key":"REST"},{"data":"Zap","floor":23,"key":"SMITH"},{"data":"Hologram","floor":25,"key":"SMITH"},{"floor":28,"key":"REST"},{"floor":30,"key":"REST"},{"data":"Defragment","floor":32,"key":"SMITH"}],"neow_cost":"NONE","seed_source_timestamp":5785104451200,"circlet_count":0,"master_deck":["AscendersBane","Strike_B+1","Strike_B+1","Strike_B+1","Strike_B+1","Defend_B+1","Defend_B+1","Defend_B+1","Defend_B+1","Zap+1","Dualcast","Sweeping Beam","Capacitor","Coolheaded","Go for the Eyes+1","Sunder+1","Hologram+1","Chill","Self Repair","All For One+1","Compile Driver+1","Ghostly","Ghostly","Ghostly","Electrodynamics","Ball Lightning","Defragment+1","Beam Cell"],"relics":["Cracked Core","NeowsBlessing","Bottled Flame","Smiling Mask","Bag of Preparation","Nuclear Battery","Vajra","Pear","Whetstone"],"potions_floor_usage":[16,20],"damage_taken":[{"damage":0,"enemies":"2 Louse","floor":1,"turns":1},{"damage":0,"enemies":"Small Slimes","floor":4,"turns":1},{"damage":0,"enemies":"Lagavulin","floor":7,"turns":2},{"damage":12,"enemies":"Jaw Worm","floor":11,"turns":4},{"damage":7,"enemies":"Blue Slaver","floor":13,"turns":4},{"damage":7,"enemies":"Red Slaver","floor":14,"turns":4},{"damage":54,"enemies":"Slime Boss","floor":16,"turns":11},{"damage":20,"enemies":"2 Thieves","floor":18,"turns":4},{"damage":10,"enemies":"3 Byrds","floor":20,"turns":4},{"damage":8,"enemies":"Slavers","floor":24,"turns":7},{"damage":37,"enemies":"Book of Stabbing","floor":27,"turns":8},{"damage":12,"enemies":"Centurion and Healer","floor":29,"turns":7},{"damage":37,"enemies":"Collector","floor":33,"turns":7}],"seed_played":"-3581014093647906641","potions_obtained":[{"floor":7,"key":"Explosive Potion"},{"floor":13,"key":"LiquidBronze"},{"floor":20,"key":"Ancient Potion"},{"floor":24,"key":"Explosive Potion"},{"floor":29,"key":"Weak Potion"}],"is_trial":false,"path_per_floor":["M","?","$","M","?","R","E","R","T","T","M","R","M","M","R","B",null,"M","?","M","?","?","R","E","R","T","E","R","M","R","$","R","B"],"character_chosen":"DEFECT","items_purchased":["Capacitor","Coolheaded","Defragment","Beam Cell"],"campfire_rested":4,"item_purchase_floors":[3,3,31,31],"current_hp_per_floor":[64,64,64,64,43,43,43,43,43,43,31,52,45,38,59,5,55,42,42,39,39,35,35,34,34,44,14,27,15,28,28,28,0],"gold":228,"neow_bonus":"THREE_ENEMY_KILL","is_prod":false,"is_daily":false,"chose_seed":false,"campfire_upgraded":5,"win_rate":0,"timestamp":1550605519,"path_taken":["M","?","$","M","?","R","E","R","T","?","M","R","?","M","R","BOSS","M","?","?","?","?","R","E","R","T","E","R","M","R","$","R","BOSS"],"build_version":"2019-01-23","purchased_purges":0,"victory":false,"max_hp_per_floor":[71,71,71,71,71,71,71,71,71,71,71,71,71,71,71,71,71,71,71,71,71,35,35,35,35,45,45,45,45,45,45,45,45],"card_choices":[{"not_picked":["Redo","Hello World"],"picked":"Sweeping Beam","floor":1},{"not_picked":["Coolheaded","Tempest"],"picked":"Go for the Eyes","floor":4},{"not_picked":["Go for the Eyes","Multi-Cast"],"picked":"Sunder","floor":7},{"not_picked":["Rebound","Turbo"],"picked":"Hologram","floor":11},{"not_picked":["FTL","Leap"],"picked":"Chill","floor":13},{"not_picked":["Undo","Cold Snap"],"picked":"Self Repair","floor":14},{"not_picked":["Fission","Buffer"],"picked":"All For One","floor":16},{"not_picked":["Scrape","Sweeping Beam","Force Field"],"picked":"SKIP","floor":18},{"not_picked":["Leap","Blizzard"],"picked":"Compile Driver","floor":20},{"not_picked":["Compile Driver","Leap"],"picked":"Electrodynamics","floor":24},{"not_picked":["White Noise","Heatsinks","Barrage"],"picked":"SKIP","floor":27},{"not_picked":["Darkness","Chaos"],"picked":"Ball Lightning","floor":29}],"player_experience":579222,"relics_obtained":[{"floor":7,"key":"Bottled Flame"},{"floor":9,"key":"Smiling Mask"},{"floor":10,"key":"Bag of Preparation"},{"floor":24,"key":"Vajra"},{"floor":26,"key":"Pear"},{"floor":27,"key":"Whetstone"}],"event_choices":[{"damage_healed":0,"gold_gain":0,"player_choice":"Leave","damage_taken":0,"max_hp_gain":0,"max_hp_loss":0,"event_name":"The Cleric","floor":2,"gold_loss":0},{"damage_healed":0,"gold_gain":0,"player_choice":"Entered Light","damage_taken":21,"max_hp_gain":0,"max_hp_loss":0,"event_name":"Shining Light","floor":5,"gold_loss":0,"cards_upgraded":["Defend_B","Strike_B"]},{"damage_healed":0,"gold_gain":50,"player_choice":"Pray","damage_taken":0,"max_hp_gain":0,"max_hp_loss":0,"event_name":"Golden Shrine","floor":19,"gold_loss":0},{"damage_healed":0,"gold_gain":0,"player_choice":"Simplicity","damage_taken":0,"max_hp_gain":0,"max_hp_loss":0,"event_name":"Back to Basics","floor":21,"gold_loss":0,"cards_upgraded":["Strike_B","Strike_B","Strike_B","Defend_B","Defend_B","Defend_B"]},{"damage_healed":0,"gold_gain":0,"player_choice":"Became a Ghost","damage_taken":0,"max_hp_gain":0,"max_hp_loss":36,"event_name":"Ghosts","floor":22,"gold_loss":0,"cards_obtained":["Ghostly","Ghostly","Ghostly"]}],"is_beta":false,"boss_relics":[{"not_picked":["Busted Crown","Lizard Tail"],"picked":"Nuclear Battery"}],"items_purged_floors":[],"is_endless":false,"potions_floor_spawned":[7,13,14,20,24,29],"killed_by":"Collector","ascension_level":16}