{"gold_per_floor":[111,111,121,133,43,58,69,69,69,69,69,69,84,100,100,199,199,209,209,227,106,125,125,140,140,140,154,164,164],"floor_reached":29,"playtime":881,"items_purged":["Tempest+1"],"score":325,"play_id":"636daa9a-aa6d-4771-a4e2-6fae164073c2","local_time":"20181106223254","is_ascension_mode":true,"campfire_choices":[{"data":"Hyperbeam","floor":8,"key":"SMITH"},{"data":"1","floor":11,"key":"LIFT"},{"data":"2","floor":15,"key":"LIFT"},{"data":"3","floor":23,"key":"LIFT"},{"data":"Hyperbeam","floor":25,"key":"SMITH"}],"neow_cost":"NONE","seed_source_timestamp":269741576237689,"circlet_count":0,"master_deck":["Strike_B","Strike_B","Defend_B","Defend_B","Defend_B","Dualcast","Hyperbeam+1","Leap","Gash","Go for the Eyes","FTL","Genetic Algorithm+1","Stack","Beam Cell","All For One","Stack+1","Electrodynamics+1","Streamline+1","RitualDagger","Conserve Battery","Conserve Battery","Gash","Hyperbeam+1","Streamline"],"relics":["Cracked Core","Girya","Symbiotic Virus","Frozen Egg 2","Astrolabe","Ginger"],"potions_floor_usage":[28],"damage_taken":[{"damage":0,"enemies":"Small Slimes","floor":1,"turns":2},{"damage":0,"enemies":"Cultist","floor":3,"turns":3},{"damage":0,"enemies":"2 Louse","floor":4,"turns":1},{"damage":8,"enemies":"Blue Slaver","floor":6,"turns":3},{"damage":1,"enemies":"Large Slime","floor":7,"turns":4},{"damage":0,"enemies":"2 Fungi Beasts","floor":13,"turns":2},{"damage":0,"enemies":"Exordium Wildlife","floor":14,"turns":3},{"damage":0,"enemies":"Slime Boss","floor":16,"turns":5},{"damage":3,"enemies":"3 Byrds","floor":18,"turns":4},{"damage":6,"enemies":"2 Thieves","floor":20,"turns":3},{"damage":18,"enemies":"Snecko","floor":22,"turns":4},{"damage":0,"enemies":"Centurion and Healer","floor":24,"turns":3},{"damage":29,"enemies":"Snake Plant","floor":27,"turns":4},{"damage":0,"enemies":"3 Cultists","floor":28,"turns":3},{"damage":29,"enemies":"Shelled Parasite and Fungi","floor":29,"turns":2}],"seed_played":"4475697957619973659","potions_obtained":[{"floor":3,"key":"EssenceOfSteel"},{"floor":13,"key":"SneckoOil"},{"floor":16,"key":"SteroidPotion"}],"is_trial":false,"path_per_floor":["M","?","M","M","?","M","M","R","T","?","R","?","M","M","R","B",null,"M","?","M","$","M","R","M","R","T","M","M","M"],"character_chosen":"DEFECT","items_purchased":["Conserve Battery"],"campfire_rested":0,"item_purchase_floors":[21],"current_hp_per_floor":[75,68,68,68,68,60,59,59,59,59,59,52,52,52,52,52,75,72,66,60,60,42,42,42,42,42,13,13,0],"gold":164,"neow_bonus":"ONE_RANDOM_RARE_CARD","is_prod":false,"is_daily":false,"chose_seed":false,"campfire_upgraded":2,"win_rate":0,"timestamp":1541561574,"path_taken":["M","?","M","M","?","M","?","R","T","?","R","?","M","M","R","BOSS","M","?","M","$","M","R","M","R","T","M","M","M"],"build_version":"2018-11-01","purchased_purges":1,"victory":false,"max_hp_per_floor":[75,75,75,75,75,75,75,75,75,75,75,75,75,75,75,75,75,75,75,75,75,75,75,75,75,75,75,75,75],"card_choices":[{"not_picked":["Compile Driver","Cold Snap"],"picked":"Leap","floor":1},{"not_picked":["Ball Lightning","Darkness"],"picked":"Gash","floor":3},{"not_picked":["Amplify","Redo"],"picked":"Go for the Eyes","floor":4},{"not_picked":["Beam Cell","Turbo"],"picked":"FTL","floor":6},{"not_picked":["Self Repair","White Noise"],"picked":"Genetic Algorithm","floor":7},{"not_picked":["Leap","Redo"],"picked":"Stack","floor":13},{"not_picked":["Stack","Defragment+1"],"picked":"Beam Cell","floor":14},{"not_picked":["Rainbow","Reboot"],"picked":"All For One","floor":16},{"not_picked":["Storm+1","Leap"],"picked":"Streamline+1","floor":18},{"not_picked":["Rebound","Undo"],"picked":"Conserve Battery","floor":20},{"not_picked":["Steam","Barrage"],"picked":"Gash","floor":22},{"not_picked":["Beam Cell","Coolheaded"],"picked":"Hyperbeam","floor":24},{"not_picked":["Stack","Chaos","Static Discharge+1"],"picked":"SKIP","floor":27},{"not_picked":["Aggregate+1","Storm+1"],"picked":"Streamline","floor":28}],"player_experience":761730,"relics_obtained":[{"floor":9,"key":"Symbiotic Virus"},{"floor":26,"key":"Ginger"}],"event_choices":[{"cards_removed":["Strike_B"],"damage_healed":0,"gold_gain":0,"player_choice":"Card Removal","damage_taken":7,"max_hp_gain":0,"max_hp_loss":0,"event_name":"Golden Wing","floor":2,"gold_loss":0},{"damage_healed":0,"gold_gain":0,"player_choice":"Paid Gold","damage_taken":0,"relics_obtained":["Girya"],"max_hp_gain":0,"max_hp_loss":0,"event_name":"WeMeetAgain","floor":5,"gold_loss":90},{"damage_healed":0,"gold_gain":0,"player_choice":"Grow","damage_taken":0,"max_hp_gain":0,"max_hp_loss":0,"event_name":"Living Wall","floor":10,"gold_loss":0,"cards_upgraded":["Genetic Algorithm"]},{"damage_healed":0,"gold_gain":0,"player_choice":"Success","damage_taken":7,"relics_obtained":["Frozen Egg 2"],"max_hp_gain":0,"max_hp_loss":0,"event_name":"Scrap Ooze","floor":12,"gold_loss":0},{"damage_healed":0,"gold_gain":0,"player_choice":"Joined the Cult","damage_taken":6,"max_hp_gain":0,"max_hp_loss":0,"event_name":"Nest","floor":19,"gold_loss":0,"cards_obtained":["RitualDagger"]}],"is_beta":false,"boss_relics":[{"not_picked":["Ectoplasm","Snecko Eye"],"picked":"Astrolabe"}],"items_purged_floors":[21],"is_endless":false,"potions_floor_spawned":[3,13,16,24],"killed_by":"Shelled Parasite and Fungi","ascension_level":4}