{"gold_per_floor":[219,219,237,254,254,254,273,307,307,307,317,335,335],"floor_reached":13,"playtime":469,"items_purged":[],"score":109,"play_id":"c9570bbb-8d50-4378-b8c2-d17683e90bbd","local_time":"20181121020841","is_ascension_mode":true,"campfire_choices":[{"data":"Genetic Algorithm","floor":6,"key":"SMITH"},{"floor":10,"key":"REST"}],"neow_cost":"NONE","seed_source_timestamp":600531734839024,"circlet_count":0,"master_deck":["Strike_B","Strike_B","Strike_B","Strike_B","Defend_B","Defend_B","Defend_B","Defend_B","Zap","Dualcast","Genetic Algorithm+1","Thunder Strike","Redo","FTL"],"relics":["Cracked Core","Pen Nib","Kunai","Smiling Mask","Ice Cream"],"potions_floor_usage":[],"damage_taken":[{"damage":7,"enemies":"Jaw Worm","floor":1,"turns":3},{"damage":10,"enemies":"Cultist","floor":3,"turns":4},{"damage":0,"enemies":"2 Louse","floor":4,"turns":2},{"damage":7,"enemies":"Looter","floor":7,"turns":3},{"damage":32,"enemies":"3 Sentries","floor":8,"turns":7},{"damage":7,"enemies":"2 Fungi Beasts","floor":11,"turns":3},{"damage":12,"enemies":"Exordium Wildlife","floor":12,"turns":4}],"seed_played":"4467214991136152587","potions_obtained":[{"floor":1,"key":"Energy Potion"},{"floor":7,"key":"Weak Potion"},{"floor":11,"key":"Regen Potion"},{"floor":12,"key":"SkillPotion"}],"is_trial":false,"path_per_floor":["M","?","M","M","T","R","M","E","T","R","M","M","?"],"character_chosen":"DEFECT","items_purchased":[],"campfire_rested":1,"item_purchase_floors":[],"current_hp_per_floor":[68,68,58,58,58,58,51,19,19,41,34,22,0],"gold":335,"neow_bonus":"HUNDRED_GOLD","is_prod":false,"is_daily":false,"chose_seed":false,"campfire_upgraded":1,"win_rate":0,"timestamp":1542784121,"path_taken":["M","?","M","?","?","R","M","E","T","R","M","M","?"],"build_version":"2018-11-15","purchased_purges":0,"victory":false,"max_hp_per_floor":[75,75,75,75,75,75,75,75,75,75,75,75,75],"card_choices":[{"not_picked":["BootSequence","Leap"],"picked":"Genetic Algorithm","floor":1},{"not_picked":["Rebound","Streamline","Aggregate"],"picked":"SKIP","floor":3},{"not_picked":["Compile Driver","Turbo","Sweeping Beam"],"picked":"SKIP","floor":4},{"not_picked":["Sweeping Beam","Go for the Eyes"],"picked":"Thunder Strike","floor":7},{"not_picked":["Streamline","Amplify","Doom and Gloom"],"picked":"SKIP","floor":8},{"not_picked":["Barrage","Compile Driver"],"picked":"Redo","floor":11},{"not_picked":["Coolheaded","Leap"],"picked":"FTL","floor":12}],"player_experience":831494,"relics_obtained":[{"floor":2,"key":"Pen Nib"},{"floor":5,"key":"Kunai"},{"floor":8,"key":"Smiling Mask"},{"floor":9,"key":"Ice Cream"}],"event_choices":[{"damage_healed":0,"gold_gain":0,"player_choice":"Relic","damage_taken":0,"max_hp_gain":0,"max_hp_loss":0,"event_name":"Wheel of Change","floor":2,"gold_loss":0}],"is_beta":false,"boss_relics":[],"items_purged_floors":[],"is_endless":false,"potions_floor_spawned":[1,7,11,12],"ascension_level":5}