{"gold_per_floor":[110,123,123,54,54,89,89,106,106,106,106,126,56,72,72,198,198,216,216,216,234,37,37,51,51,51,51,64,85,85,110,110,110],"floor_reached":33,"playtime":1487,"items_purged":["Strike_B"],"score":322,"play_id":"0db7d43d-6d00-4521-9418-8c2ad5481974","local_time":"20190210224926","is_ascension_mode":false,"campfire_choices":[{"data":"Defragment","floor":7.0,"key":"SMITH"},{"data":"Dualcast","floor":15.0,"key":"SMITH"},{"data":"Streamline","floor":23,"key":"SMITH"},{"data":"Sunder","floor":25,"key":"SMITH"},{"floor":30,"key":"REST"},{"floor":32,"key":"REST"}],"neow_cost":"NONE","seed_source_timestamp":32404241670833,"circlet_count":0,"master_deck":["Strike_B","Defend_B","Defend_B","Defend_B","Defend_B","Zap+1","Dualcast+1","Streamline+1","Defragment+1","BootSequence","White Noise","Sunder+1","Capacitor","All For One","Machine Learning","Conserve Battery","Tempest","Turbo","Blind","Rebound","Steam","Beam Cell","Steam"],"special_seed":0,"relics":["Cracked Core","Gambling Chip","Shovel","Golden Idol","White Beast Statue","Shuriken"],"potions_floor_usage":[29,29,31,33],"damage_taken":[{"damage":0.0,"enemies":"Small Slimes","floor":1.0,"turns":3.0},{"damage":1.0,"enemies":"Jaw Worm","floor":2.0,"turns":3.0},{"damage":38.0,"enemies":"Gremlin Nob","floor":6.0,"turns":4.0},{"damage":0.0,"enemies":"2 Louse","floor":8.0,"turns":1.0},{"damage":0.0,"enemies":"2 Fungi Beasts","floor":12.0,"turns":2.0},{"damage":6.0,"enemies":"Lots of Slimes","floor":14.0,"turns":3.0},{"damage":0.0,"enemies":"Slime Boss","floor":16.0,"turns":6.0},{"damage":23.0,"enemies":"Shell Parasite","floor":18.0,"turns":6.0},{"damage":24.0,"enemies":"3 Byrds","floor":21.0,"turns":4.0},{"damage":10,"enemies":"Cultist and Chosen","floor":24,"turns":4},{"damage":16,"enemies":"Snake Plant","floor":28,"turns":4},{"damage":13,"enemies":"Shelled Parasite and Fungi","floor":29,"turns":4},{"damage":12,"enemies":"Cultist and Chosen","floor":31,"turns":6},{"damage":53,"enemies":"Champ","floor":33,"turns":9}],"seed_played":"-7187597894710796678","potions_obtained":[{"floor":1.0,"key":"EssenceOfSteel"},{"floor":8.0,"key":"AttackPotion"},{"floor":14.0,"key":"LiquidBronze"},{"floor":18.0,"key":"Swift Potion"},{"floor":24,"key":"Block Potion"},{"floor":28,"key":"SkillPotion"},{"floor":29,"key":"Weak Potion"},{"floor":31,"key":"SteroidPotion"}],"is_trial":false,"path_per_floor":["M","M","?","$","?","E","R","M","T","?","?","M","$","M","R","B",null,"M","?","?","M","$","R","M","R","T","?","M","M","R","M","R","B"],"character_chosen":"DEFECT","items_purchased":["Defragment","Capacitor","Turbo","Blind"],"campfire_rested":2,"item_purchase_floors":[4,13,22,22],"current_hp_per_floor":[75,74,79,79,79,41,41,41,41,21,90,90,90,84,84,84,90,67,67,67,43,43,43,33,33,33,33,17,4,31,19,46,0],"gold":110,"neow_bonus":"TRANSFORM_CARD","is_prod":false,"is_daily":false,"chose_seed":false,"campfire_upgraded":4,"win_rate":0,"timestamp":1549856966,"path_taken":["M","M","?","$","?","E","R","M","T","?","?","?","$","M","R","BOSS","M","?","?","M","?","R","M","R","T","?","M","?","R","M","R","BOSS"],"build_version":"2019-01-23","purchased_purges":1,"victory":false,"max_hp_per_floor":[75,75,80,80,80,80,80,80,80,80,90,90,90,90,90,90,90,90,90,90,90,90,90,90,90,90,90,90,90,90,90,90,90],"card_choices":[{"not_picked":["Cold Snap","Scrape"],"picked":"Streamline","floor":1.0},{"not_picked":["Ball Lightning","Hologram","Rebound"],"picked":"SKIP","floor":2.0},{"not_picked":["Cold Snap","Static Discharge"],"picked":"BootSequence","floor":6.0},{"not_picked":["Hello World","Reinforced Body"],"picked":"White Noise","floor":8.0},{"not_picked":["Ball Lightning","Sweeping Beam"],"picked":"Sunder","floor":12.0},{"not_picked":["BootSequence","Tempest"],"picked":"All For One","floor":14.0},{"not_picked":["Thunder Strike","Fission"],"picked":"Machine Learning","floor":16.0},{"not_picked":["Rebound","Steam"],"picked":"Conserve Battery","floor":18.0},{"not_picked":["Creative AI","Coolheaded"],"picked":"Tempest","floor":21},{"not_picked":["Double Energy+1","Barrage+1"],"picked":"Rebound","floor":24},{"not_picked":["Redo","Cold Snap"],"picked":"Steam","floor":28},{"not_picked":["Reprogram","Compile Driver"],"picked":"Beam Cell","floor":29},{"not_picked":["Capacitor","Compile Driver+1"],"picked":"Steam","floor":31}],"player_experience":1025197,"relics_obtained":[{"floor":6.0,"key":"Gambling Chip"},{"floor":9.0,"key":"Shovel"},{"floor":26,"key":"Shuriken"}],"event_choices":[{"damage_healed":0.0,"max_hp_gain":5.0,"max_hp_loss":0.0,"gold_gain":0.0,"event_name":"Big Fish","player_choice":"Donut","floor":3.0,"gold_loss":0.0,"damage_taken":0.0},{"damage_healed":0.0,"max_hp_gain":0.0,"max_hp_loss":0.0,"gold_gain":0.0,"event_name":"Living Wall","player_choice":"Grow","floor":5.0,"gold_loss":0.0,"damage_taken":0.0,"cards_upgraded":["Zap"]},{"damage_healed":0.0,"max_hp_gain":0.0,"max_hp_loss":0.0,"gold_gain":0.0,"event_name":"Golden Idol","player_choice":"Take Damage","floor":10.0,"gold_loss":0.0,"damage_taken":20.0,"relics_obtained":["Golden Idol"]},{"cards_removed":["Meteor Strike"],"damage_healed":59.0,"max_hp_gain":10.0,"max_hp_loss":0.0,"gold_gain":0.0,"event_name":"Bonfire Elementals","player_choice":"Offered Rare","floor":11.0,"gold_loss":0.0,"damage_taken":0.0},{"damage_healed":0.0,"max_hp_gain":0.0,"max_hp_loss":0.0,"gold_gain":0.0,"event_name":"Vampires","player_choice":"Ignored","floor":19.0,"gold_loss":0.0,"damage_taken":0.0},{"cards_removed":["Strike_B"],"damage_healed":0.0,"max_hp_gain":0.0,"max_hp_loss":0.0,"gold_gain":0.0,"event_name":"Purifier","player_choice":"Purged","floor":20.0,"gold_loss":0.0,"damage_taken":0.0},{"damage_healed":0,"gold_gain":0,"player_choice":"Ignored","damage_taken":0,"max_hp_gain":0,"max_hp_loss":0,"event_name":"Ghosts","floor":27,"gold_loss":0}],"is_beta":false,"boss_relics":[{"not_picked":["Sozu","Lizard Tail"],"picked":"White Beast Statue"}],"items_purged_floors":[22],"is_endless":false,"potions_floor_spawned":[1,8,14,18,21,24,28,29,31],"killed_by":"Champ","ascension_level":0}