{"gold_per_floor":[113,128,128,141,216,249,249,261,261,261,261,261,276,319,319,447,447,463,463,474,489,76,76],"floor_reached":23,"playtime":1144,"items_purged":[],"score":271,"play_id":"27a587d9-dc05-4a47-9e2c-4b01d3e7bcb0","local_time":"20181222085007","is_ascension_mode":true,"campfire_choices":[{"floor":7,"key":"REST"},{"floor":10,"key":"REST"},{"data":"Neutralize","floor":12,"key":"SMITH"},{"floor":15,"key":"REST"}],"neow_cost":"NONE","seed_source_timestamp":139592460350307,"circlet_count":0,"master_deck":["Defend_G","Defend_G","Defend_G","Defend_G","Defend_G","Strike_G","Strike_G","Strike_G","Strike_G","Survivor","Neutralize+1","Distraction","Dash","Caltrops","PiercingWail","Dagger Spray","Calculated Gamble","Noxious Fumes","Bullet Time","Bouncing Flask+1","Footwork","Catalyst"],"relics":["Ring of the Snake","NeowsBlessing","Lantern","Mercury Hourglass","Bloody Idol","FossilizedHelix","Busted Crown","Meat on the Bone"],"potions_floor_usage":[6,14,14,20],"damage_taken":[{"damage":0,"enemies":"2 Louse","floor":1,"turns":1},{"damage":0,"enemies":"Cultist","floor":2,"turns":1},{"damage":0,"enemies":"Small Slimes","floor":4,"turns":1},{"damage":47,"enemies":"3 Sentries","floor":6,"turns":12},{"damage":3,"enemies":"Exordium Wildlife","floor":8,"turns":8},{"damage":4,"enemies":"Looter","floor":13,"turns":3},{"damage":18,"enemies":"Lagavulin","floor":14,"turns":7},{"damage":24,"enemies":"Hexaghost","floor":16,"turns":12},{"damage":0,"enemies":"Chosen","floor":18,"turns":6},{"damage":14,"enemies":"3 Byrds","floor":20,"turns":3},{"damage":16,"enemies":"Shelled Parasite and Fungi","floor":21,"turns":6},{"damage":35,"enemies":"Slavers","floor":23,"turns":3}],"seed_played":"7751016284201381366","potions_obtained":[{"floor":4,"key":"Energy Potion"},{"floor":8,"key":"LiquidBronze"},{"floor":13,"key":"Poison Potion"},{"floor":18,"key":"Swift Potion"}],"is_trial":false,"path_per_floor":["M","M","?","M","?","E","R","M","T","R","?","R","M","E","R","B",null,"M","?","M","M","$","E"],"character_chosen":"THE_SILENT","items_purchased":["Meat on the Bone","Footwork","Catalyst"],"campfire_rested":3,"item_purchase_floors":[22,22,22],"current_hp_per_floor":[63,63,63,63,52,5,26,23,23,44,44,44,40,22,41,17,53,53,53,44,33,33,0],"gold":76,"neow_bonus":"THREE_ENEMY_KILL","is_prod":false,"is_daily":false,"chose_seed":false,"campfire_upgraded":1,"win_rate":0,"timestamp":1545486607,"path_taken":["M","M","?","?","?","E","R","M","T","R","?","R","M","E","R","BOSS","M","?","M","M","$","E"],"build_version":"2018-12-20","purchased_purges":0,"victory":false,"max_hp_per_floor":[70,70,70,70,70,70,70,70,70,70,65,65,65,65,65,65,65,65,65,65,65,65,65],"card_choices":[{"not_picked":["Prepared","Backflip"],"picked":"Distraction","floor":1},{"not_picked":["Cloak And Dagger","Poisoned Stab"],"picked":"Dash","floor":2},{"not_picked":["Sucker Punch","Outmaneuver"],"picked":"Caltrops","floor":4},{"not_picked":["Setup","Dodge and Roll"],"picked":"PiercingWail","floor":6},{"not_picked":["Acrobatics","Bane"],"picked":"Dagger Spray","floor":8},{"not_picked":["Dagger Throw","Blade Dance"],"picked":"Calculated Gamble","floor":13},{"not_picked":["Backstab","Poisoned Stab"],"picked":"Noxious Fumes","floor":14},{"not_picked":["Glass Knife","Night Terror"],"picked":"Bullet Time","floor":16},{"not_picked":[],"picked":"Bouncing Flask+1","floor":18},{"not_picked":["Cloak And Dagger"],"picked":"SKIP","floor":20},{"not_picked":["Dagger Throw"],"picked":"SKIP","floor":21}],"player_experience":330261,"relics_obtained":[{"floor":6,"key":"Lantern"},{"floor":9,"key":"Mercury Hourglass"},{"floor":14,"key":"FossilizedHelix"}],"event_choices":[{"cards_removed":["Strike_G"],"damage_healed":0,"gold_gain":0,"player_choice":"Offered Basic","damage_taken":0,"max_hp_gain":0,"max_hp_loss":0,"event_name":"Bonfire Elementals","floor":3,"gold_loss":0},{"damage_healed":0,"gold_gain":75,"player_choice":"Gather Gold","damage_taken":11,"max_hp_gain":0,"max_hp_loss":0,"event_name":"World of Goop","floor":5,"gold_loss":0},{"damage_healed":0,"gold_gain":0,"player_choice":"Lose Max HP","damage_taken":0,"relics_obtained":["Golden Idol"],"max_hp_gain":0,"max_hp_loss":5,"event_name":"Golden Idol","floor":11,"gold_loss":0},{"damage_healed":0,"gold_gain":0,"player_choice":"Gave Idol","damage_taken":0,"relics_obtained":["Bloody Idol"],"max_hp_gain":0,"max_hp_loss":0,"event_name":"Forgotten Altar","floor":19,"relics_lost":["Golden Idol"],"gold_loss":0}],"is_beta":false,"boss_relics":[{"not_picked":["Coffee Dripper","Sozu"],"picked":"Busted Crown"}],"items_purged_floors":[],"is_endless":false,"potions_floor_spawned":[4,8,13,18],"killed_by":"Slavers","ascension_level":7}