{"gold_per_floor":[110,110,110,86,86,121,121,151,204,222,233,82,112,112,112,213,213,223,548,215,180,198,198,218,218,218,236,236,236],"floor_reached":29,"playtime":1486,"items_purged":["Regret"],"score":318,"play_id":"0c5423f0-cbd6-40b4-a368-d620da28ab45","local_time":"20181201174103","is_ascension_mode":true,"campfire_choices":[{"data":"All Out Attack","floor":7,"key":"SMITH"},{"data":"Noxious Fumes","floor":15,"key":"SMITH"},{"floor":23,"key":"DIG"},{"floor":25,"key":"DIG"},{"floor":28,"key":"DIG"}],"neow_cost":"NONE","seed_source_timestamp":674454115089847,"circlet_count":0,"master_deck":["Defend_G+1","Defend_G","Defend_G","Defend_G","Strike_G","Strike_G","Strike_G+1","Survivor+1","Neutralize+1","Slice+1","Quick Slash","All Out Attack+1","Poisoned Stab","Deadly Poison","Noxious Fumes+1","Quick Slash","Bullet Time","Night Terror+1","Heel Hook+1","Grand Finale+1","Caltrops","Infinite Blades","Well Laid Plans+1","Catalyst"],"relics":["Ring of the Snake","NeowsBlessing","Mercury Hourglass","Pantograph","Whetstone","Oddly Smooth Stone","Lantern","Strawberry","SsserpentHead","Astrolabe","Shovel","Sundial","Pen Nib","Dream Catcher","Ice Cream","Toxic Egg 2"],"potions_floor_usage":[13,27,27,27,29],"damage_taken":[{"damage":0,"enemies":"Cultist","floor":1,"turns":1},{"damage":0,"enemies":"Lagavulin","floor":6,"turns":1},{"damage":0,"enemies":"3 Sentries","floor":8,"turns":1},{"damage":3,"enemies":"Jaw Worm","floor":10,"turns":2},{"damage":0,"enemies":"Small Slimes","floor":11,"turns":1},{"damage":10,"enemies":"Lagavulin","floor":13,"turns":5},{"damage":30,"enemies":"The Guardian","floor":16,"turns":8},{"damage":12,"enemies":"Chosen","floor":18,"turns":5},{"damage":17,"enemies":"Shell Parasite","floor":22,"turns":4},{"damage":32,"enemies":"Chosen and Byrds","floor":24,"turns":4},{"damage":7,"enemies":"Centurion and Healer","floor":27,"turns":3},{"damage":12,"enemies":"Shelled Parasite and Fungi","floor":29,"turns":2}],"seed_played":"587975532080015656","potions_obtained":[{"floor":8,"key":"PowerPotion"},{"floor":13,"key":"Ancient Potion"},{"floor":18,"key":"SteroidPotion"},{"floor":24,"key":"Explosive Potion"},{"floor":27,"key":"Weak Potion"}],"is_trial":false,"path_per_floor":["M","T","?","$","?","E","R","E","T","M","M","$","E","?","R","B",null,"M","?","$","?","M","R","M","R","T","M","R","M"],"character_chosen":"THE_SILENT","items_purchased":["Quick Slash","Lantern","Shovel"],"campfire_rested":0,"item_purchase_floors":[4,12,20],"current_hp_per_floor":[70,70,70,70,56,56,56,56,56,53,53,53,50,50,50,45,77,65,65,65,65,48,48,16,16,16,9,9,0],"gold":236,"neow_bonus":"THREE_ENEMY_KILL","is_prod":false,"is_daily":false,"chose_seed":false,"campfire_upgraded":2,"win_rate":0,"timestamp":1543704063,"path_taken":["M","?","?","$","?","E","R","E","T","M","?","$","E","?","R","BOSS","M","?","?","?","M","R","M","R","T","M","R","M"],"build_version":"2018-11-15","purchased_purges":1,"victory":false,"max_hp_per_floor":[70,70,70,70,70,70,70,70,70,70,70,70,77,77,77,77,77,77,77,77,77,77,77,77,77,77,77,77,77],"card_choices":[{"not_picked":["Outmaneuver","Bane"],"picked":"Slice","floor":1},{"not_picked":["Backflip","Deflect"],"picked":"All Out Attack","floor":6},{"not_picked":["Acrobatics","Calculated Gamble"],"picked":"Poisoned Stab","floor":8},{"not_picked":["Blade Dance","Underhanded Strike"],"picked":"Deadly Poison","floor":10},{"not_picked":["Predator","Escape Plan"],"picked":"Noxious Fumes","floor":11},{"not_picked":["PiercingWail","All Out Attack"],"picked":"Quick Slash","floor":13},{"not_picked":["Envenom","Doppelganger"],"picked":"Bullet Time","floor":16},{"not_picked":["Flechettes","Deflect"],"picked":"Caltrops","floor":18},{"not_picked":["Deflect","Terror"],"picked":"Infinite Blades","floor":22},{"not_picked":["Deadly Poison","Burst"],"picked":"Well Laid Plans+1","floor":24},{"not_picked":["Dagger Spray+1","Underhanded Strike"],"picked":"Catalyst","floor":27}],"player_experience":214279,"relics_obtained":[{"floor":2,"key":"Mercury Hourglass"},{"floor":6,"key":"Pantograph"},{"floor":8,"key":"Whetstone"},{"floor":9,"key":"Oddly Smooth Stone"},{"floor":13,"key":"Strawberry"},{"floor":23,"key":"Pen Nib"},{"floor":25,"key":"Dream Catcher"},{"floor":26,"key":"Ice Cream"},{"floor":28,"key":"Toxic Egg 2"}],"event_choices":[{"damage_healed":0,"gold_gain":0,"player_choice":"Grow","damage_taken":0,"max_hp_gain":0,"max_hp_loss":0,"event_name":"Living Wall","floor":3,"gold_loss":0,"cards_upgraded":["Neutralize"]},{"damage_healed":0,"gold_gain":0,"player_choice":"Entered Light","damage_taken":14,"max_hp_gain":0,"max_hp_loss":0,"event_name":"Shining Light","floor":5,"gold_loss":0,"cards_upgraded":["Survivor","Defend_G"]},{"damage_healed":0,"gold_gain":0,"player_choice":"Trade","damage_taken":0,"relics_obtained":["SsserpentHead"],"max_hp_gain":0,"max_hp_loss":0,"event_name":"FaceTrader","floor":14,"gold_loss":0},{"damage_healed":0,"gold_gain":275,"player_choice":"Desecrate","damage_taken":0,"max_hp_gain":0,"max_hp_loss":0,"event_name":"Golden Shrine","floor":19,"gold_loss":0,"cards_obtained":["Regret"]},{"damage_healed":0,"gold_gain":0,"player_choice":"Obtained Relic","damage_taken":0,"relics_obtained":["Sundial"],"max_hp_gain":0,"max_hp_loss":0,"event_name":"Addict","floor":21,"gold_loss":85}],"is_beta":false,"boss_relics":[{"not_picked":["Runic Pyramid","Black Star"],"picked":"Astrolabe"}],"items_purged_floors":[20],"is_endless":false,"potions_floor_spawned":[8,13,18,24,27],"killed_by":"Shelled Parasite and Fungi","ascension_level":2}