{"gold_per_floor":[116,16,16,29,29,29,29,29,75,90,110,110,41,41,41,142,142,156,171,188,188,205,205,217,217,217,217,231,244,343,355,355,355],"floor_reached":33,"playtime":2043,"items_purged":[],"score":323,"play_id":"cc19ca39-5818-40e0-aee6-0c7dbb790371","local_time":"20181104235626","is_ascension_mode":true,"campfire_choices":[{"data":"Backflip","floor":6,"key":"SMITH"},{"data":"Backflip","floor":8,"key":"SMITH"},{"data":"A Thousand Cuts","floor":12,"key":"SMITH"},{"data":"Deadly Poison","floor":15,"key":"SMITH"},{"floor":23,"key":"REST"},{"floor":25,"key":"REST"},{"floor":27,"key":"REST"},{"floor":32,"key":"REST"}],"neow_cost":"NONE","seed_source_timestamp":100784874187908,"circlet_count":0,"master_deck":["Defend_G","Defend_G","Defend_G","Defend_G+1","Strike_G","Strike_G","Survivor","Neutralize","Deadly Poison+1","Backflip+1","Poisoned Stab+1","Acrobatics","Backflip+1","A Thousand Cuts+1","Deadly Poison+1","Footwork+1","Deflect+1","Finisher+1","PiercingWail+1","Deadly Poison","Outmaneuver+1","Backflip","Deflect","Deflect"],"relics":["Ring of the Snake","Omamori","Astrolabe","Bag of Preparation","Bottled Lightning"],"potions_floor_usage":[22,22,31],"damage_taken":[{"damage":2,"enemies":"Cultist","floor":1,"turns":4},{"damage":0,"enemies":"Small Slimes","floor":4,"turns":3},{"damage":1,"enemies":"Jaw Worm","floor":10,"turns":3},{"damage":1,"enemies":"Blue Slaver","floor":11,"turns":5},{"damage":7,"enemies":"Hexaghost","floor":16,"turns":8},{"damage":9,"enemies":"Spheric Guardian","floor":18,"turns":7},{"damage":22,"enemies":"3 Byrds","floor":19,"turns":7},{"damage":24,"enemies":"Cultist and Chosen","floor":20,"turns":9},{"damage":1,"enemies":"Shelled Parasite and Fungi","floor":22,"turns":5},{"damage":16,"enemies":"Sentry and Sphere","floor":24,"turns":8},{"damage":21,"enemies":"Cultist and Chosen","floor":28,"turns":8},{"damage":17,"enemies":"Centurion and Healer","floor":29,"turns":8},{"damage":11,"enemies":"3 Cultists","floor":31,"turns":4},{"damage":34,"enemies":"Collector","floor":33,"turns":5}],"seed_played":"4063574832064957125","potions_obtained":[{"floor":4,"key":"SpeedPotion"},{"floor":16,"key":"Block Potion"},{"floor":19,"key":"SneckoOil"},{"floor":22,"key":"Explosive Potion"},{"floor":29,"key":"SteroidPotion"}],"is_trial":false,"path_per_floor":["M","$","?","M","?","R","?","R","T","M","M","R","$","?","R","B",null,"M","M","M","?","M","R","M","R","T","R","M","M","?","M","R","B"],"character_chosen":"THE_SILENT","items_purchased":["Poisoned Stab","Acrobatics","Footwork"],"campfire_rested":4,"item_purchase_floors":[2,2,13],"current_hp_per_floor":[61,61,61,61,47,47,47,47,47,46,45,45,45,45,45,38,62,53,31,7,7,6,27,11,32,32,53,32,15,15,4,25,0],"gold":355,"neow_bonus":"THREE_CARDS","is_prod":false,"is_daily":false,"chose_seed":false,"campfire_upgraded":4,"win_rate":0,"timestamp":1541393786,"path_taken":["M","?","?","M","?","R","?","R","T","M","?","R","$","?","R","BOSS","M","?","M","?","M","R","M","R","T","R","M","?","?","M","R","BOSS"],"build_version":"2018-11-01","purchased_purges":0,"victory":false,"max_hp_per_floor":[70,70,70,70,70,70,70,70,70,70,70,70,70,70,70,70,70,70,70,70,70,70,70,70,70,70,70,70,70,70,70,70,70],"card_choices":[{"not_picked":["Dagger Throw","Slice"],"picked":"Deadly Poison","floor":0},{"not_picked":["Prepared","Underhanded Strike"],"picked":"Backflip","floor":1},{"not_picked":["Flying Knee","Deflect"],"picked":"Backflip","floor":4},{"not_picked":["Dagger Throw","Acrobatics"],"picked":"A Thousand Cuts","floor":10},{"not_picked":["PiercingWail","Dagger Throw"],"picked":"Deadly Poison","floor":11},{"not_picked":["Poisoned Stab+1","Endless Agony"],"picked":"Deadly Poison","floor":18},{"not_picked":["Dagger Throw","Acrobatics"],"picked":"Outmaneuver+1","floor":19},{"not_picked":["Dagger Spray","Acrobatics+1","Eviscerate+1"],"picked":"SKIP","floor":20},{"not_picked":["Sucker Punch","Blade Dance"],"picked":"Backflip","floor":22},{"not_picked":["Riddle With Holes","Cloak And Dagger","Quick Slash+1"],"picked":"SKIP","floor":24},{"not_picked":["Outmaneuver+1","PiercingWail","Bane+1"],"picked":"SKIP","floor":28},{"not_picked":["Heel Hook","Doppelganger"],"picked":"Deflect","floor":29},{"not_picked":["Underhanded Strike","Caltrops"],"picked":"Deflect","floor":31}],"player_experience":742091,"relics_obtained":[{"floor":9,"key":"Omamori"},{"floor":26,"key":"Bottled Lightning"}],"event_choices":[{"damage_healed":0,"gold_gain":0,"player_choice":"Grow","damage_taken":0,"max_hp_gain":0,"max_hp_loss":0,"event_name":"Living Wall","floor":3,"gold_loss":0,"cards_upgraded":["Deadly Poison"]},{"damage_healed":0,"gold_gain":0,"player_choice":"Entered Light","damage_taken":14,"max_hp_gain":0,"max_hp_loss":0,"event_name":"Shining Light","floor":5,"gold_loss":0,"cards_upgraded":["Defend_G","Poisoned Stab"]},{"cards_removed":["Strike_G"],"damage_healed":0,"gold_gain":0,"player_choice":"Card Removal","damage_taken":0,"max_hp_gain":0,"max_hp_loss":0,"event_name":"Wheel of Change","floor":7,"gold_loss":0},{"damage_healed":0,"gold_gain":0,"player_choice":"Upgraded","damage_taken":0,"max_hp_gain":0,"max_hp_loss":0,"event_name":"Upgrade Shrine","floor":14,"gold_loss":0,"cards_upgraded":["Footwork"]},{"damage_healed":0,"gold_gain":0,"player_choice":"Gave Potion","damage_taken":0,"relics_obtained":["Bag of Preparation"],"max_hp_gain":0,"max_hp_loss":0,"event_name":"WeMeetAgain","floor":21,"gold_loss":0},{"damage_healed":0,"gold_gain":99,"player_choice":"Stole From Cult","damage_taken":0,"max_hp_gain":0,"max_hp_loss":0,"event_name":"Nest","floor":30,"gold_loss":0}],"is_beta":false,"boss_relics":[{"not_picked":["HoveringKite","Philosopher\u0027s Stone"],"picked":"Astrolabe"}],"items_purged_floors":[],"is_endless":false,"potions_floor_spawned":[4,16,19,22,29],"killed_by":"Collector","ascension_level":7}