{"gold_per_floor":[368,368,387,405,95,95,270,270,270,285,285,318,318,335,335,437,437,447,460,473,252,252,252,252,252,252,252,269,282,309,321,321,419,419,419,419,469,483,133,133,164,164,164,197,229,92,106,120,120,120],"floor_reached":50,"playtime":3433,"items_purged":["Doubt","Noxious Fumes"],"score":844,"play_id":"9656ea7f-5882-4e4c-946d-192eff5a654e","local_time":"20181225000241","is_ascension_mode":true,"campfire_choices":[{"floor":6.0,"key":"DIG"},{"floor":8.0,"key":"DIG"},{"floor":11.0,"key":"DIG"},{"floor":13.0,"key":"DIG"},{"floor":15.0,"key":"REST"},{"floor":23.0,"key":"DIG"},{"floor":24.0,"key":"DIG"},{"floor":27.0,"key":"DIG"},{"floor":32.0,"key":"DIG"},{"floor":40.0,"key":"DIG"},{"floor":49.0,"key":"REST"}],"neow_cost":"CURSE","seed_source_timestamp":3529586159948,"circlet_count":0,"master_deck":["Survivor","Neutralize","Deadly Poison","Quick Slash","Poisoned Stab","Escape Plan","Venomology","Bane","Flying Knee","Grand Finale","Unload","Flying Knee","Bullet Time","Noxious Fumes","Dagger Spray","Choke+1","Infinite Blades+1","Prepared+1","Dash+1"],"special_seed":0,"relics":["Ring of the Snake","Shovel","Bag of Preparation","Singing Bowl","Meat on the Bone","Gremlin Horn","Pen Nib","Gambling Chip","Pandora\u0027s Box","Snake Skull","MutagenicStrength","WingedGreaves","Potion Belt","Dream Catcher","Sundial","Smiling Mask","Fusion Hammer","Calipers","Omamori","Oddly Smooth Stone","StoneCalendar","Letter Opener","CultistMask","Pocketwatch","MawBank","Regal Pillow"],"potions_floor_usage":[50,50,50],"damage_taken":[{"damage":0.0,"enemies":"Cultist","floor":1.0,"turns":4.0},{"damage":2.0,"enemies":"Jaw Worm","floor":3.0,"turns":4.0},{"damage":0.0,"enemies":"2 Louse","floor":4.0,"turns":3.0},{"damage":20.0,"enemies":"Large Slime","floor":10.0,"turns":8.0},{"damage":34.0,"enemies":"3 Sentries","floor":12.0,"turns":13.0},{"damage":9.0,"enemies":"Red Slaver","floor":14.0,"turns":5.0},{"damage":48.0,"enemies":"The Guardian","floor":16.0,"turns":13.0},{"damage":3.0,"enemies":"2 Thieves","floor":18.0,"turns":2.0},{"damage":4.0,"enemies":"Chosen","floor":19.0,"turns":4.0},{"damage":16.0,"enemies":"Centurion and Healer","floor":20.0,"turns":3.0},{"damage":0.0,"enemies":"Snecko","floor":28.0,"turns":2.0},{"damage":0.0,"enemies":"3 Cultists","floor":29.0,"turns":1.0},{"damage":0.0,"enemies":"Slavers","floor":30.0,"turns":1.0},{"damage":0.0,"enemies":"Centurion and Healer","floor":31.0,"turns":1.0},{"damage":49.0,"enemies":"Champ","floor":33.0,"turns":7.0},{"damage":0.0,"enemies":"3 Darklings","floor":35.0,"turns":2.0},{"damage":0.0,"enemies":"2 Orb Walkers","floor":37.0,"turns":1.0},{"damage":9.0,"enemies":"3 Shapes","floor":38.0,"turns":1.0},{"damage":55.0,"enemies":"Nemesis","floor":41.0,"turns":5.0},{"damage":0.0,"enemies":"Reptomancer","floor":44.0,"turns":2.0},{"damage":4.0,"enemies":"Writhing Mass","floor":45.0,"turns":4.0},{"damage":0.0,"enemies":"3 Darklings","floor":47.0,"turns":1.0},{"damage":12.0,"enemies":"Maw","floor":48.0,"turns":3.0},{"damage":94,"enemies":"Awakened One","floor":50,"turns":7}],"seed_played":"-45876853119749423","potions_obtained":[{"floor":1.0,"key":"LiquidBronze"},{"floor":3.0,"key":"Swift Potion"},{"floor":12.0,"key":"EssenceOfSteel"},{"floor":16.0,"key":"LiquidBronze"},{"floor":18.0,"key":"FearPotion"},{"floor":19.0,"key":"Poison Potion"},{"floor":33.0,"key":"Poison Potion"},{"floor":41.0,"key":"SkillPotion"},{"floor":45.0,"key":"PowerPotion"}],"is_trial":false,"path_per_floor":["M","?","M","M","$","R","?","R","T","M","R","E","R","M","R","B",null,"M","M","M","$","?","R","R","?","T","R","M","M","E","E","M","R","B",null,"M","?","?","M","$","R","E","?","T","E","M","$","M","M","R","B"],"character_chosen":"THE_SILENT","items_purchased":["Shovel","Snake Skull","Omamori","Oddly Smooth Stone","Regal Pillow"],"campfire_rested":2,"item_purchase_floors":[5,21,39,39,46],"current_hp_per_floor":[63,56,54,54,54,54,54,54,54,46,46,24,24,29,50,14,58,55,53,51,51,51,51,51,51,51,51,53,55,57,59,59,24,71,71,71,71,64,64,64,23,23,23,35,45,45,47,49,93,0],"gold":120,"neow_bonus":"TWO_FIFTY_GOLD","is_prod":false,"is_daily":false,"chose_seed":false,"campfire_upgraded":0,"win_rate":0,"timestamp":1545688961,"path_taken":["M","?","M","M","$","R","?","R","T","M","R","E","R","M","R","BOSS","M","M","M","$","?","R","R","?","T","R","M","M","E","M","R","BOSS","M","?","?","M","$","R","E","?","T","E","M","$","M","M","R","BOSS"],"build_version":"2018-12-20","purchased_purges":2,"victory":false,"max_hp_per_floor":[70,70,70,70,70,70,70,70,70,70,70,70,70,72,72,72,72,72,74,76,76,76,76,76,76,76,76,78,80,82,84,84,86,86,86,82,82,84,84,84,86,86,86,86,88,88,90,92,94,94],"card_choices":[{"not_picked":["PiercingWail","Underhanded Strike","Setup"],"picked":"SKIP","floor":1.0},{"not_picked":["Dagger Spray","Slice"],"picked":"Deadly Poison","floor":3.0},{"not_picked":["Slice","Reflex"],"picked":"Quick Slash","floor":4.0},{"not_picked":["Distraction","Terror"],"picked":"Poisoned Stab","floor":10.0},{"not_picked":["Flying Knee","Dagger Throw"],"picked":"Escape Plan","floor":12.0},{"not_picked":["Quick Slash","Deadly Poison","Glass Knife"],"picked":"Singing Bowl","floor":14.0},{"not_picked":["Burst","Malaise"],"picked":"Venomology","floor":16.0},{"not_picked":["Quick Slash","Sucker Punch"],"picked":"Infinite Blades+1","floor":18.0},{"not_picked":["Deadly Poison","Leg Sweep","Slice"],"picked":"Singing Bowl","floor":19.0},{"not_picked":["All Out Attack","Quick Slash+1","Catalyst+1"],"picked":"Singing Bowl","floor":20.0},{"not_picked":["Sucker Punch","Dash","Outmaneuver"],"picked":"Singing Bowl","floor":28.0},{"not_picked":["Leg Sweep+1","Flying Knee","Caltrops+1"],"picked":"Singing Bowl","floor":29.0},{"not_picked":["Dash","Blade Dance+1","Choke"],"picked":"Singing Bowl","floor":30.0},{"not_picked":["Dodge and Roll","Footwork+1","Acrobatics+1"],"picked":"Singing Bowl","floor":31.0},{"not_picked":["Night Terror","Adrenaline","Burst"],"picked":"Singing Bowl","floor":33.0},{"not_picked":["Outmaneuver","Well Laid Plans+1"],"picked":"Prepared+1","floor":37.0},{"not_picked":["Terror+1","Bane","Eviscerate"],"picked":"Singing Bowl","floor":38.0},{"not_picked":["Slice","Concentrate","Tactician+1"],"picked":"Singing Bowl","floor":41.0},{"not_picked":["Unload","Accuracy+1"],"picked":"Dash+1","floor":44.0},{"not_picked":["Terror+1","Sucker Punch","Acrobatics"],"picked":"Singing Bowl","floor":45.0},{"not_picked":["Predator+1","Setup","Dagger Spray"],"picked":"Singing Bowl","floor":47.0},{"not_picked":["Bane+1","Sucker Punch","Prepared"],"picked":"Singing Bowl","floor":48.0},{"not_picked":["Outmaneuver","Deflect+1","Corpse Explosion"],"picked":"Singing Bowl","floor":49.0}],"player_experience":151983,"relics_obtained":[{"floor":6.0,"key":"Bag of Preparation"},{"floor":8.0,"key":"Singing Bowl"},{"floor":9.0,"key":"Meat on the Bone"},{"floor":11.0,"key":"Gremlin Horn"},{"floor":12.0,"key":"Pen Nib"},{"floor":13.0,"key":"Gambling Chip"},{"floor":23.0,"key":"WingedGreaves"},{"floor":24.0,"key":"Potion Belt"},{"floor":26.0,"key":"Dream Catcher"},{"floor":27.0,"key":"Sundial"},{"floor":32.0,"key":"Smiling Mask"},{"floor":37.0,"key":"Calipers"},{"floor":40.0,"key":"StoneCalendar"},{"floor":41.0,"key":"Letter Opener"},{"floor":43.0,"key":"Pocketwatch"},{"floor":44.0,"key":"MawBank"}],"event_choices":[{"cards_removed":["Injury"],"damage_healed":0.0,"max_hp_gain":0.0,"max_hp_loss":0.0,"gold_gain":0.0,"event_name":"Golden Wing","player_choice":"Card Removal","floor":2.0,"gold_loss":0.0,"damage_taken":7.0},{"damage_healed":0.0,"max_hp_gain":0.0,"max_hp_loss":0.0,"gold_gain":175.0,"event_name":"Liars Game","player_choice":"AGREE","floor":7.0,"gold_loss":0.0,"damage_taken":0.0,"cards_obtained":["Doubt"]},{"damage_healed":0.0,"max_hp_gain":0.0,"max_hp_loss":0.0,"gold_gain":0.0,"event_name":"Drug Dealer","player_choice":"Inject Mutagens","floor":22.0,"gold_loss":0.0,"damage_taken":0.0,"relics_obtained":["MutagenicStrength"]},{"damage_healed":0.0,"max_hp_gain":0.0,"max_hp_loss":0.0,"gold_gain":0.0,"event_name":"Upgrade Shrine","player_choice":"Upgraded","floor":25.0,"gold_loss":0.0,"damage_taken":0.0,"cards_upgraded":["Choke"]},{"damage_healed":0.0,"max_hp_gain":0.0,"max_hp_loss":4.0,"gold_gain":0.0,"event_name":"Winding Halls","player_choice":"Max HP","floor":36.0,"gold_loss":0.0,"damage_taken":0.0},{"damage_healed":0.0,"max_hp_gain":0.0,"max_hp_loss":0.0,"gold_gain":0.0,"event_name":"Mysterious Sphere","player_choice":"Fight","floor":37.0,"gold_loss":0.0,"damage_taken":0.0},{"damage_healed":0.0,"max_hp_gain":0.0,"max_hp_loss":0.0,"gold_gain":0.0,"event_name":"FaceTrader","player_choice":"Trade","floor":42.0,"gold_loss":0.0,"damage_taken":0.0,"relics_obtained":["CultistMask"]}],"is_beta":false,"boss_relics":[{"not_picked":["Ring of the Serpent","WristBlade"],"picked":"Pandora\u0027s Box"},{"not_picked":["Lizard Tail","Orrery"],"picked":"Fusion Hammer"}],"items_purged_floors":[21,39],"is_endless":false,"potions_floor_spawned":[1,3,12,16,18,19,33,41,45],"killed_by":"Awakened One","ascension_level":6}