{"gold_per_floor":[218,238,238,238,254,285,285,285],"floor_reached":8,"playtime":514,"items_purged":[],"score":59,"play_id":"aec79a4f-a892-49b0-8f2e-8b2cdfbd0e1a","local_time":"20190112161045","is_ascension_mode":true,"campfire_choices":[{"floor":7,"key":"REST"}],"neow_cost":"NONE","seed_source_timestamp":12888360528053,"circlet_count":0,"master_deck":["Defend_G","Defend_G","Defend_G","Defend_G","Defend_G","Strike_G","Strike_G","Strike_G","Strike_G","Survivor","Neutralize","Caltrops","Infinite Blades"],"special_seed":0,"relics":["Ring of the Snake","Golden Idol","Ancient Tea Set"],"potions_floor_usage":[6,8],"damage_taken":[{"damage":0.0,"enemies":"Jaw Worm","floor":1.0,"turns":5.0},{"damage":1.0,"enemies":"Small Slimes","floor":2.0,"turns":4.0},{"damage":1.0,"enemies":"Cultist","floor":5.0,"turns":7.0},{"damage":27,"enemies":"Gremlin Nob","floor":6,"turns":5},{"damage":62,"enemies":"Lagavulin","floor":8,"turns":13}],"seed_played":"-7365954747494775159","potions_obtained":[{"floor":5.0,"key":"SkillPotion"},{"floor":6,"key":"GamblersBrew"}],"is_trial":false,"path_per_floor":["M","M","?","?","M","E","R","E"],"character_chosen":"THE_SILENT","items_purchased":[],"campfire_rested":1,"item_purchase_floors":[],"current_hp_per_floor":[70,69,52,52,51,24,45,0],"gold":285,"neow_bonus":"HUNDRED_GOLD","is_prod":false,"is_daily":false,"chose_seed":false,"campfire_upgraded":0,"win_rate":0,"timestamp":1547302245,"path_taken":["M","M","?","?","M","E","R","E"],"build_version":"2019-01-10","purchased_purges":0,"victory":false,"max_hp_per_floor":[70,70,70,70,70,70,70,70],"card_choices":[{"not_picked":["Prepared","Acrobatics","Catalyst"],"picked":"SKIP","floor":1.0},{"not_picked":["Slice","Masterful Stab","Dagger Spray"],"picked":"SKIP","floor":2.0},{"not_picked":["Riddle With Holes","Dodge and Roll"],"picked":"Caltrops","floor":5.0},{"not_picked":["PiercingWail","Distraction"],"picked":"Infinite Blades","floor":6}],"player_experience":250124,"relics_obtained":[{"floor":6,"key":"Ancient Tea Set"}],"event_choices":[{"damage_healed":0.0,"max_hp_gain":0.0,"max_hp_loss":0.0,"gold_gain":0.0,"event_name":"Golden Idol","player_choice":"Take Damage","floor":3.0,"gold_loss":0.0,"damage_taken":17.0,"relics_obtained":["Golden Idol"]},{"cards_removed":["Strike_G"],"damage_healed":0.0,"max_hp_gain":0.0,"max_hp_loss":0.0,"gold_gain":0.0,"event_name":"Purifier","player_choice":"Purged","floor":4.0,"gold_loss":0.0,"damage_taken":0.0}],"is_beta":false,"boss_relics":[],"items_purged_floors":[],"is_endless":false,"potions_floor_spawned":[5,6],"killed_by":"Lagavulin","ascension_level":1}