{"path_per_floor":["M","M","M","M","?","E","M","R","T","M","$","?","R","?","R","B",null,"M","$","?","M","$","E","R","$","T","E","M","M","?","M","R","B",null,"M","M","?","M","$","R","M","M","T","M","?","M","R","?","R"],"character_chosen":"IRONCLAD","items_purchased":["Vajra","Master of Strategy","Twin Strike","Sever Soul","Lantern","Pantograph","Uppercut"],"gold_per_floor":[115,132,151,164,164,191,206,206,206,219,1,65,65,240,240,336,336,348,248,248,262,80,115,115,19,44,72,86,101,351,364,364,461,461,479,499,499,517,27,27,37,53,77,96,96,113,113,0,0],"floor_reached":50,"campfire_rested":1,"playtime":3655,"current_hp_per_floor":[80,80,75,73,57,57,50,50,50,43,43,29,29,29,53,25,80,68,68,84,84,84,86,86,86,86,42,40,50,50,49,49,34,94,80,89,89,67,67,67,40,64,64,66,90,68,68,68,68],"items_purged":["Injury","Doubt"],"gold":0,"score":536,"play_id":"1afdbf52-7e05-48fd-9060-108a5cca4a0a","is_prod":false,"is_daily":false,"is_ascension_mode":false,"campfire_upgraded":7,"path_taken":["M","M","?","M","?","E","M","R","T","M","$","?","R","?","R","BOSS","M","$","?","M","?","E","R","$","T","E","M","?","?","?","R","BOSS","M","M","?","?","?","R","?","M","T","M","?","M","R","?","R","BOSS"],"build_version":"2018-02-22-PROD2","purchased_purges":3,"victory":false,"master_deck":["Strike_R","Strike_R","Strike_R+1","Strike_R","Strike_R","Defend_R","Defend_R","Defend_R","Defend_R","Bash","Armaments+1","Rampage+1","Sword Boomerang","Perfected Strike+1","Combust+1","Cleave","Reaper+1","Feed+1","Pommel Strike","Clothesline","Master of Strategy","Hemokinesis+1","Twin Strike+1","Sever Soul+1","Injury","Perfected Strike+1","Anger+1","Pommel Strike+1","Regret","Headbutt+1","Demon Form+1","Seeing Red","Headbutt+1","Iron Wave+1","Uppercut+1","Clothesline+1","Sever Soul+1","Doubt","Burning Pact+1","Writhe","Headbutt+1"],"max_hp_per_floor":[80,80,80,80,80,80,80,80,80,80,80,80,80,80,80,80,80,84,84,84,87,87,90,90,90,90,90,90,94,94,94,94,94,94,94,94,94,94,94,94,94,94,94,94,94,94,94,94,94],"relics":["Cursed Key","Anchor","Charon\u0027s Ashes","Vajra","Bag of Marbles","Snecko Eye","Molten Egg 2","Bag of Preparation","Bottled Flame","Velvet Choker","Lantern","Pantograph","Blood Vial","Red Mask"],"card_choices":[{"not_picked":["Flex","Carnage"],"picked":"Armaments"},{"not_picked":["Heavy Blade","Second Wind"],"picked":"Rampage"},{"not_picked":["Flex","Burning Pact"],"picked":"Sword Boomerang"},{"not_picked":["Anger","Rage"],"picked":"Perfected Strike"},{"not_picked":["Dark Embrace","Sword Boomerang"],"picked":"Combust"},{"not_picked":["Feel No Pain","Anger"],"picked":"Spot Weakness"},{"not_picked":["Anger","Carnage"],"picked":"Cleave"},{"not_picked":["Clothesline","Infernal Blade"],"picked":"Reaper"},{"not_picked":["Brutality","Juggernaut"],"picked":"Feed"},{"not_picked":["Warcry","True Grit"],"picked":"Pommel Strike"},{"not_picked":["Flex","Flame Barrier"],"picked":"Clothesline"},{"not_picked":["Iron Wave","Impervious"],"picked":"Hemokinesis"},{"not_picked":["Pommel Strike","Twin Strike"],"picked":"Perfected Strike"},{"not_picked":["Flex","Armaments"],"picked":"Anger"},{"not_picked":["Whirlwind","Intimidate"],"picked":"Pommel Strike"},{"not_picked":["Armaments","Burning Pact"],"picked":"Headbutt"},{"not_picked":["Barricade","Dark Embrace"],"picked":"Demon Form"},{"not_picked":["Second Wind","Sever Soul"],"picked":"Seeing Red"},{"not_picked":["Flex","Cleave"],"picked":"Headbutt"},{"not_picked":["Inflame","Disarm"],"picked":"Iron Wave"},{"not_picked":["Body Slam","Shrug It Off"],"picked":"Clothesline"},{"not_picked":["Body Slam","Clash"],"picked":"Sever Soul"},{"not_picked":["Reckless Charge","Barricade"],"picked":"Burning Pact"},{"not_picked":["Corruption","Metallicize"],"picked":"Headbutt"}],"player_experience":14991,"potions_floor_usage":[6,12,12,16,16,23,23,33,33,38,42,46,50],"damage_taken":[{"damage":0,"enemies":"Cultist","floor":1,"turns":2},{"damage":0,"enemies":"2 Louse","floor":2,"turns":2},{"damage":5,"enemies":"Small Slimes","floor":3,"turns":4},{"damage":2,"enemies":"2 Fungi Beasts","floor":4,"turns":3},{"damage":0,"enemies":"Gremlin Nob","floor":6,"turns":2},{"damage":7,"enemies":"Exordium Wildlife","floor":7,"turns":3},{"damage":7,"enemies":"3 Louse","floor":10,"turns":3},{"damage":14,"enemies":"Lagavulin Event","floor":12,"turns":3},{"damage":37,"enemies":"Hexaghost","floor":16,"turns":8},{"damage":16,"enemies":"2 Thieves","floor":18,"turns":3},{"damage":3,"enemies":"3 Byrds","floor":21,"turns":3},{"damage":17,"enemies":"Slavers","floor":23,"turns":3},{"damage":48,"enemies":"Gremlin Leader","floor":27,"turns":5},{"damage":2,"enemies":"Snake Plant","floor":28,"turns":2},{"damage":0,"enemies":"Sentry and Sphere","floor":29,"turns":2},{"damage":1,"enemies":"Snecko","floor":31,"turns":2},{"damage":15,"enemies":"Collector","floor":33,"turns":3},{"damage":14,"enemies":"3 Darklings","floor":35,"turns":4},{"damage":0,"enemies":"Orb Walker","floor":36,"turns":1},{"damage":22,"enemies":"Maw","floor":38,"turns":5},{"damage":27,"enemies":"3 Darklings","floor":41,"turns":4},{"damage":0,"enemies":"Sphere and 2 Shapes","floor":42,"turns":2},{"damage":28,"enemies":"4 Shapes","floor":44,"turns":3},{"damage":24,"enemies":"Maw","floor":46,"turns":5},{"damage":98,"enemies":"Donu and Deca","floor":50,"turns":5}],"event_choices":[{"event_name":"Shining Light","player_choice":"Entered Light","floor":5,"damage_taken":0},{"event_name":"Dead Adventurer","player_choice":"Searched \u00272\u0027 times","floor":12,"damage_taken":0},{"event_name":"Liars Game","player_choice":"agreed","floor":14,"damage_taken":0},{"event_name":"Bonfire Elementals","player_choice":"UNCOMMON","floor":20,"damage_taken":0},{"event_name":"Golden Shrine","player_choice":"Desecrate","floor":30,"damage_taken":0},{"event_name":"The Lab","player_choice":"Got Potions","floor":37,"damage_taken":0},{"event_name":"Winding Halls","player_choice":"Writhe","floor":45,"damage_taken":0},{"event_name":"Tomb of Lord Red Mask","player_choice":"Paid","floor":48,"damage_taken":0}],"boss_relics":[{"not_picked":["Philosopher\u0027s Stone","Sozu"],"picked":"Snecko Eye"},{"not_picked":["Astrolabe","Orrery"],"picked":"Velvet Choker"}],"potions_floor_spawned":[3,4,10,12,12,18,21,27,29,31,35,38,44],"seed_played":"-3411691851697752231","killed_by":"Donu and Deca","ascension_level":0,"is_trial":false}