{"gold_per_floor":[10,10,21,35,54,54,71,71,71,101,251,251,262,272,272,343,343,360,73,93,93,93,93,93,104,104,104,137,137,37,87,87,163,163,176,196,208,226,246,281,281,295,295,295,209,239,239,250,250,250,250,250,250,9,42,42],"floor_reached":56,"playtime":5327,"items_purged":["Doubt","Bite"],"score":1943,"play_id":"a9380632-cb16-4e1e-8772-d7ccd6a1ae22","local_time":"20181226080634","is_ascension_mode":true,"campfire_choices":[{"data":"Corpse Explosion","floor":6,"key":"SMITH"},{"data":"Neutralize","floor":8,"key":"SMITH"},{"data":"Poisoned Stab","floor":12,"key":"SMITH"},{"data":"Infinite Blades","floor":15,"key":"SMITH"},{"data":"After Image","floor":23,"key":"SMITH"},{"data":"PiercingWail","floor":27,"key":"SMITH"},{"data":"Survivor","floor":29,"key":"SMITH"},{"data":"Bite","floor":32,"key":"SMITH"},{"floor":44,"key":"REST"},{"floor":49,"key":"RECALL"},{"data":"Footwork","floor":53,"key":"SMITH"}],"neow_cost":"NO_GOLD","seed_source_timestamp":388000484144945,"circlet_count":0,"master_deck":["AscendersBane","Defend_G+1","Defend_G+1","Defend_G+1","Defend_G+1","Defend_G+1","Survivor+1","Neutralize+1","PiercingWail+1","Infinite Blades+1","Corpse Explosion+1","Poisoned Stab+1","Calculated Gamble+1","Prepared+1","After Image+1","Terror+1","Cloak And Dagger+1","PiercingWail+1","Bite","Bite","Bite","Bite+1","Venomology+1","Malaise+1","Escape Plan+1","Quick Slash+1","Night Terror+1","Acrobatics+1","Footwork+1","Blur+1","PiercingWail+1","Quick Slash","Expertise+1"],"relics":["Ring of the Snake","Bird Faced Urn","Toxic Egg 2","Darkstone Periapt","Runic Pyramid","Lee\u0027s Waffle","Ancient Tea Set","Shuriken","HoveringKite","Matryoshka","Oddly Smooth Stone","War Paint","ClockworkSouvenir","Bottled Flame"],"potions_floor_usage":[10,14,28,35,36,37,38,39,39,40,40,46,55,55,56,56,56,56],"damage_taken":[{"damage":0,"enemies":"2 Louse","floor":1,"turns":2},{"damage":2,"enemies":"Jaw Worm","floor":3,"turns":7},{"damage":0,"enemies":"Cultist","floor":4,"turns":4},{"damage":4,"enemies":"Exordium Wildlife","floor":5,"turns":3},{"damage":9,"enemies":"Large Slime","floor":7,"turns":5},{"damage":7,"enemies":"Lagavulin","floor":10,"turns":6},{"damage":0,"enemies":"2 Fungi Beasts","floor":13,"turns":4},{"damage":0,"enemies":"Lots of Slimes","floor":14,"turns":1},{"damage":37,"enemies":"Hexaghost","floor":16,"turns":10},{"damage":17,"enemies":"2 Thieves","floor":18,"turns":4},{"damage":12,"enemies":"Shell Parasite","floor":20,"turns":6},{"damage":0,"enemies":"3 Cultists","floor":25,"turns":3},{"damage":3,"enemies":"Slavers","floor":28,"turns":3},{"damage":29,"enemies":"Collector","floor":33,"turns":9},{"damage":4,"enemies":"Orb Walker","floor":35,"turns":5},{"damage":5,"enemies":"3 Shapes","floor":36,"turns":6},{"damage":31,"enemies":"Spire Growth","floor":37,"turns":7},{"damage":0,"enemies":"4 Shapes","floor":38,"turns":7},{"damage":13,"enemies":"Jaw Worm Horde","floor":39,"turns":5},{"damage":52,"enemies":"Reptomancer","floor":40,"turns":9},{"damage":25,"enemies":"Transient","floor":42,"turns":6},{"damage":15,"enemies":"Giant Head","floor":46,"turns":8},{"damage":7,"enemies":"3 Darklings","floor":48,"turns":6},{"damage":38,"enemies":"Donu and Deca","floor":50,"turns":8},{"damage":9,"enemies":"Time Eater","floor":51,"turns":22},{"damage":28,"enemies":"Shield and Spear","floor":55,"turns":10},{"damage":47,"enemies":"The Heart","floor":56,"turns":7}],"seed_played":"-2488118858124488393","potions_obtained":[{"floor":3,"key":"Fire Potion"},{"floor":7,"key":"EssenceOfSteel"},{"floor":10,"key":"PowerPotion"},{"floor":13,"key":"Explosive Potion"},{"floor":14,"key":"SteroidPotion"},{"floor":36,"key":"Fire Potion"},{"floor":37,"key":"LiquidBronze"},{"floor":38,"key":"SkillPotion"},{"floor":46,"key":"GamblersBrew"}],"is_trial":false,"path_per_floor":["M","?","M","M","M","R","M","R","T","E","?","R","M","M","R","B",null,"M","$","M","?","?","R","?","M","T","R","E","R","$","?","R","B",null,"M","M","M","M","M","E","?","M","T","R","$","E","?","M","R","B","B",null,"R","$","E","B"],"character_chosen":"THE_SILENT","items_purchased":["Lee\u0027s Waffle","Footwork","ClockworkSouvenir","Quick Slash"],"campfire_rested":1,"item_purchase_floors":[19,45,54,54],"current_hp_per_floor":[59,59,57,59,57,57,50,50,50,45,51,51,53,55,55,20,59,46,79,69,69,55,55,55,55,55,55,55,55,55,50,50,41,52,54,55,35,48,46,18,18,8,8,24,24,20,20,34,34,17,55,55,55,55,34,0],"gold":42,"neow_bonus":"ONE_RARE_RELIC","is_prod":false,"is_daily":false,"chose_seed":false,"campfire_upgraded":9,"win_rate":0,"timestamp":1545840394,"path_taken":["M","?","M","M","M","R","M","R","T","E","?","R","?","?","R","BOSS","M","$","M","?","?","R","?","M","T","R","E","R","$","?","R","BOSS","M","?","?","M","M","E","?","M","T","R","$","E","?","M","R","BOSS","BOSS","R","$","E","BOSS"],"build_version":"2018-12-25","purchased_purges":2,"victory":false,"max_hp_per_floor":[66,66,66,66,66,66,66,66,66,66,72,72,72,72,72,72,72,72,79,79,79,55,55,55,55,55,55,55,55,55,55,55,55,55,55,55,55,55,55,55,55,55,55,55,55,55,55,55,55,55,55,55,55,55,55,55],"card_choices":[{"not_picked":["All Out Attack","Outmaneuver"],"picked":"PiercingWail","floor":1},{"not_picked":["Footwork","Leg Sweep"],"picked":"Infinite Blades","floor":3},{"not_picked":["Deadly Poison","Slice"],"picked":"Corpse Explosion","floor":4},{"not_picked":["Setup","PiercingWail","Outmaneuver"],"picked":"SKIP","floor":5},{"not_picked":["Predator","Underhanded Strike"],"picked":"Poisoned Stab","floor":7},{"not_picked":["Bane","Distraction+1","Sucker Punch"],"picked":"SKIP","floor":10},{"not_picked":["Reflex+1","Setup+1"],"picked":"Calculated Gamble+1","floor":13},{"not_picked":["Finisher","Flying Knee"],"picked":"Prepared+1","floor":14},{"not_picked":["Doppelganger+1","Night Terror+1"],"picked":"After Image","floor":16},{"not_picked":["Blade Dance+1","Dodge and Roll+1"],"picked":"Terror+1","floor":18},{"not_picked":["Dagger Spray","Acrobatics+1"],"picked":"Cloak And Dagger+1","floor":20},{"not_picked":["Cloak And Dagger+1","Poisoned Stab+1","Bouncing Flask+1"],"picked":"SKIP","floor":25},{"not_picked":["Setup+1","Masterful Stab"],"picked":"Venomology+1","floor":28},{"not_picked":["Venomology+1","Envenom"],"picked":"Malaise+1","floor":33},{"not_picked":["Dagger Spray","Deadly Poison+1","Deflect+1"],"picked":"SKIP","floor":35},{"not_picked":["Deflect+1","Riddle With Holes"],"picked":"Escape Plan+1","floor":36},{"not_picked":["Terror+1","Deflect+1","Well Laid Plans"],"picked":"SKIP","floor":37},{"not_picked":["Choke","Heel Hook"],"picked":"Quick Slash+1","floor":38},{"not_picked":["Blade Dance+1","PiercingWail+1"],"picked":"Night Terror+1","floor":39},{"not_picked":["Dagger Spray+1","Sucker Punch","Grand Finale"],"picked":"SKIP","floor":40},{"not_picked":["Bane","Caltrops"],"picked":"Acrobatics+1","floor":42},{"not_picked":["Deadly Poison+1","Predator"],"picked":"Blur+1","floor":46},{"not_picked":["Finisher","Slice"],"picked":"PiercingWail+1","floor":48},{"not_picked":["Flechettes","Dash"],"picked":"Expertise+1","floor":55}],"player_experience":4077280,"relics_obtained":[{"floor":9,"key":"Toxic Egg 2"},{"floor":10,"key":"Darkstone Periapt"},{"floor":26,"key":"Ancient Tea Set"},{"floor":28,"key":"Shuriken"},{"floor":40,"key":"Matryoshka"},{"floor":43,"key":"Oddly Smooth Stone"},{"floor":46,"key":"War Paint"},{"floor":55,"key":"Bottled Flame"}],"event_choices":[{"damage_healed":0,"gold_gain":0,"player_choice":"Leave","damage_taken":0,"max_hp_gain":0,"max_hp_loss":0,"event_name":"The Cleric","floor":2,"gold_loss":0},{"damage_healed":0,"gold_gain":150,"player_choice":"AGREE","damage_taken":0,"max_hp_gain":0,"max_hp_loss":0,"event_name":"Liars Game","floor":11,"gold_loss":0,"cards_obtained":["Doubt"]},{"damage_healed":0,"gold_gain":0,"player_choice":"Read","damage_taken":0,"max_hp_gain":0,"max_hp_loss":0,"event_name":"The Library","floor":21,"gold_loss":0,"cards_obtained":["PiercingWail"]},{"damage_healed":0,"gold_gain":0,"player_choice":"Became a vampire","damage_taken":0,"max_hp_gain":0,"max_hp_loss":24,"event_name":"Vampires","floor":22,"gold_loss":0,"cards_obtained":["Bite","Bite","Bite","Bite","Bite"]},{"damage_healed":0,"gold_gain":0,"player_choice":"Simplicity","damage_taken":0,"max_hp_gain":0,"max_hp_loss":0,"event_name":"Back to Basics","floor":24,"gold_loss":0,"cards_upgraded":["Defend_G","Defend_G","Defend_G","Defend_G","Defend_G"]},{"damage_healed":0,"gold_gain":50,"player_choice":"Touch","damage_taken":5,"max_hp_gain":0,"max_hp_loss":0,"event_name":"FaceTrader","floor":31,"gold_loss":0},{"damage_healed":0,"gold_gain":0,"player_choice":"Ignored","damage_taken":0,"max_hp_gain":0,"max_hp_loss":0,"event_name":"Mysterious Sphere","floor":41,"gold_loss":0},{"damage_healed":0,"gold_gain":0,"player_choice":"Ignored","damage_taken":0,"max_hp_gain":0,"max_hp_loss":0,"event_name":"The Moai Head","floor":47,"gold_loss":0}],"is_beta":true,"boss_relics":[{"not_picked":["Cursed Key","Busted Crown"],"picked":"Runic Pyramid"},{"not_picked":["Velvet Choker","White Beast Statue"],"picked":"HoveringKite"}],"items_purged_floors":[19,30],"is_endless":false,"potions_floor_spawned":[3,7,10,13,14,33,36,37,38,46],"killed_by":"The Heart","ascension_level":20}