{"gold_per_floor":[115,63,73,73,26,26,52,52,52,52,76,86,97,114,114,209,209,219,233,233,249,249,249,174,192,192,192,107,107,121,121,121,224,224,241,241,47,47,58,87,114,43,68,68,83,83,83,98,98,98],"floor_reached":51,"playtime":1821,"items_purged":["Writhe"],"score":700,"play_id":"025816ea-9c37-4137-9a8f-715d911c7dbb","local_time":"20190103154031","is_ascension_mode":false,"campfire_choices":[{"data":"Perfected Strike","floor":6,"key":"SMITH"},{"data":"Perfected Strike","floor":8,"key":"SMITH"},{"data":"Perfected Strike","floor":15,"key":"SMITH"},{"data":"Armaments","floor":23,"key":"SMITH"},{"floor":27,"key":"DIG"},{"floor":32,"key":"REST"},{"floor":44,"key":"REST"},{"floor":46,"key":"DIG"},{"floor":49,"key":"REST"}],"neow_cost":"CURSE","seed_source_timestamp":1162621459821962,"circlet_count":0,"master_deck":["Strike_R+1","Strike_R+1","Strike_R+1","Strike_R+1","Strike_R+1","Defend_R+1","Defend_R+1","Defend_R+1","Defend_R+1","Bash","Perfected Strike+1","Armaments+1","Perfected Strike+1","Perfected Strike+1","Pommel Strike","Infernal Blade","Twin Strike","Double Tap","Dual Wield+1","Twin Strike","Demon Form+1","Twin Strike","Shrug It Off+1","Disarm+1","Madness+1","Madness","Madness"],"relics":["Burning Blood","Champion Belt","Shovel","Pear","Strawberry","Odd Mushroom","Philosopher\u0027s Stone","Bronze Scales","Frozen Egg 2","Bag of Preparation","Smiling Mask","Sozu","MawBank","Red Skull","War Paint"],"potions_floor_usage":[33,48,50],"damage_taken":[{"damage":13,"enemies":"Jaw Worm","floor":1,"turns":5},{"damage":9,"enemies":"Small Slimes","floor":3,"turns":4},{"damage":4,"enemies":"Gremlin Nob","floor":7,"turns":3},{"damage":8,"enemies":"The Mushroom Lair","floor":11,"turns":3},{"damage":0,"enemies":"2 Louse","floor":12,"turns":3},{"damage":6,"enemies":"Large Slime","floor":13,"turns":2},{"damage":2,"enemies":"2 Fungi Beasts","floor":14,"turns":2},{"damage":59,"enemies":"Hexaghost","floor":16,"turns":9},{"damage":12,"enemies":"Chosen","floor":18,"turns":2},{"damage":28,"enemies":"Shell Parasite","floor":19,"turns":5},{"damage":16,"enemies":"Shelled Parasite and Fungi","floor":21,"turns":2},{"damage":0,"enemies":"Centurion and Healer","floor":25,"turns":4},{"damage":19,"enemies":"Snake Plant","floor":30,"turns":3},{"damage":65,"enemies":"Automaton","floor":33,"turns":7},{"damage":9,"enemies":"3 Shapes","floor":35,"turns":4},{"damage":0,"enemies":"Orb Walker","floor":39,"turns":2},{"damage":67,"enemies":"Nemesis","floor":40,"turns":5},{"damage":13,"enemies":"3 Darklings","floor":41,"turns":5},{"damage":0,"enemies":"Transient","floor":45,"turns":5},{"damage":26,"enemies":"Writhing Mass","floor":48,"turns":5},{"damage":24,"enemies":"Time Eater","floor":50,"turns":7}],"seed_played":"-4703426692463396432","potions_obtained":[{"floor":7,"key":"Ancient Potion"},{"floor":13,"key":"SteroidPotion"},{"floor":16,"key":"Regen Potion"},{"floor":19,"key":"Block Potion"},{"floor":33,"key":"Strength Potion"}],"is_trial":false,"path_per_floor":["M","$","M","?","$","R","E","R","T","?","?","M","M","M","R","B",null,"M","M","?","M","?","R","$","M","T","R","?","$","M","?","R","B",null,"M","?","$","?","M","E","M","$","T","R","M","R","?","M","R","B",null],"character_chosen":"IRONCLAD","items_purchased":["Armaments","Perfected Strike","Demon Form+1","Twin Strike","Madness"],"campfire_rested":3,"item_purchase_floors":[2,5,37,37,42],"current_hp_per_floor":[73,73,70,70,70,70,72,72,82,82,80,86,86,90,90,37,97,91,69,69,59,59,59,59,65,65,65,65,65,52,52,81,22,97,94,94,94,94,97,36,29,29,29,58,64,64,52,41,70,52],"gold":98,"neow_bonus":"ONE_RARE_RELIC","is_prod":false,"is_daily":false,"chose_seed":false,"campfire_upgraded":4,"win_rate":0,"timestamp":1546548031,"path_taken":["M","$","M","?","?","R","E","R","T","?","?","M","M","M","R","BOSS","M","M","?","M","?","R","$","M","T","R","?","?","?","?","R","BOSS","M","?","$","?","M","E","?","$","T","R","M","R","?","M","R","BOSS"],"build_version":"2018-12-20","purchased_purges":1,"victory":true,"max_hp_per_floor":[80,80,80,80,80,80,80,80,90,97,97,97,97,97,97,97,97,97,97,97,97,97,97,97,97,97,97,97,97,97,97,97,97,97,97,97,97,97,97,97,97,97,97,97,97,97,97,97,97,97],"card_choices":[{"not_picked":["Hemokinesis","Shrug It Off"],"picked":"Perfected Strike","floor":1},{"not_picked":["Headbutt","Anger"],"picked":"Perfected Strike","floor":3},{"not_picked":["Blood for Blood","Flex","Iron Wave"],"picked":"SKIP","floor":7},{"not_picked":["Sword Boomerang","Feed"],"picked":"Pommel Strike","floor":12},{"not_picked":["Havoc","Iron Wave"],"picked":"Infernal Blade","floor":13},{"not_picked":["Evolve","Heavy Blade"],"picked":"Twin Strike","floor":14},{"not_picked":["Offering","Feed"],"picked":"Double Tap","floor":16},{"not_picked":["Armaments","Heavy Blade"],"picked":"Dual Wield","floor":18},{"not_picked":["Dropkick","Rupture"],"picked":"True Grit","floor":19},{"not_picked":["Iron Wave+1","Heavy Blade"],"picked":"Twin Strike","floor":21},{"not_picked":["Sword Boomerang","Heavy Blade","Entrench"],"picked":"SKIP","floor":25},{"not_picked":["Havoc","Feed"],"picked":"Inflame+1","floor":30},{"not_picked":["Flex","Cleave","Havoc+1"],"picked":"SKIP","floor":35},{"not_picked":["Intimidate+1","True Grit+1"],"picked":"Shrug It Off+1","floor":39},{"not_picked":["True Grit","Seeing Red+1","Shockwave"],"picked":"SKIP","floor":40},{"not_picked":["Thunderclap","True Grit+1"],"picked":"Disarm+1","floor":41},{"not_picked":["Evolve+1","Clothesline","True Grit"],"picked":"SKIP","floor":45},{"not_picked":["Clash","Seeing Red","Flex"],"picked":"SKIP","floor":48}],"player_experience":884760,"relics_obtained":[{"floor":7,"key":"Shovel"},{"floor":9,"key":"Pear"},{"floor":11,"key":"Odd Mushroom"},{"floor":26,"key":"Frozen Egg 2"},{"floor":27,"key":"Bag of Preparation"},{"floor":40,"key":"MawBank"},{"floor":43,"key":"Red Skull"},{"floor":46,"key":"War Paint"}],"event_choices":[{"cards_removed":["Shame"],"damage_healed":0,"gold_gain":0,"player_choice":"Forget","damage_taken":0,"max_hp_gain":0,"max_hp_loss":0,"event_name":"Living Wall","floor":4,"gold_loss":0},{"damage_healed":0,"gold_gain":0,"player_choice":"Success","damage_taken":7,"relics_obtained":["Strawberry"],"max_hp_gain":0,"max_hp_loss":0,"event_name":"Scrap Ooze","floor":10,"gold_loss":0},{"damage_healed":0,"gold_gain":0,"player_choice":"Fought Mushrooms","damage_taken":0,"max_hp_gain":0,"max_hp_loss":0,"event_name":"Mushrooms","floor":11,"gold_loss":0},{"damage_healed":0,"gold_gain":0,"player_choice":"Simplicity","damage_taken":0,"max_hp_gain":0,"max_hp_loss":0,"event_name":"Back to Basics","floor":20,"gold_loss":0,"cards_upgraded":["Strike_R","Strike_R","Strike_R","Strike_R","Strike_R","Defend_R","Defend_R","Defend_R","Defend_R"]},{"damage_healed":0,"gold_gain":0,"player_choice":"Opened","damage_taken":0,"relics_obtained":["Bronze Scales"],"max_hp_gain":0,"max_hp_loss":0,"event_name":"The Mausoleum","floor":22,"gold_loss":0,"cards_obtained":["Writhe"]},{"damage_healed":0,"gold_gain":0,"player_choice":"Obtained Relic","damage_taken":0,"relics_obtained":["Smiling Mask"],"max_hp_gain":0,"max_hp_loss":0,"event_name":"Addict","floor":28,"gold_loss":85},{"damage_healed":0,"gold_gain":0,"player_choice":"Ignored","damage_taken":0,"max_hp_gain":0,"max_hp_loss":0,"event_name":"Ghosts","floor":31,"gold_loss":0},{"cards_removed":["Inflame"],"damage_healed":0,"gold_gain":0,"player_choice":"Removed Power","damage_taken":0,"max_hp_gain":0,"max_hp_loss":0,"event_name":"Falling","floor":36,"gold_loss":0},{"cards_removed":["True Grit"],"damage_healed":0,"gold_gain":0,"player_choice":"Purged","damage_taken":0,"max_hp_gain":0,"max_hp_loss":0,"event_name":"Purifier","floor":38,"gold_loss":0},{"damage_healed":0,"gold_gain":0,"player_choice":"Embrace Madness","damage_taken":12,"max_hp_gain":0,"max_hp_loss":0,"event_name":"Winding Halls","floor":47,"gold_loss":0,"cards_obtained":["Madness","Madness"]}],"is_beta":false,"boss_relics":[{"not_picked":["Runic Cube","Calling Bell"],"picked":"Philosopher\u0027s Stone"},{"not_picked":["White Beast Statue","Mark of Pain"],"picked":"Sozu"}],"items_purged_floors":[24],"is_endless":false,"potions_floor_spawned":[7,13,16,19,25,33,35,48],"ascension_level":0}