{"gold_per_floor":[112,22,22,41,41,73,92,117,117,132,132,132,132,149,149,247,247,262,262,262],"floor_reached":20,"playtime":1114,"items_purged":[],"score":207,"play_id":"df088a94-5afa-4f55-81a9-2c849b49bf6f","local_time":"20181016234147","is_ascension_mode":false,"campfire_choices":[{"data":"Reaper","floor":12,"key":"SMITH"},{"data":"Warcry","floor":15,"key":"SMITH"}],"neow_cost":"NONE","seed_source_timestamp":591215548953369,"circlet_count":0,"master_deck":["Strike_R","Strike_R","Strike_R","Strike_R","Defend_R","Defend_R","Defend_R","Defend_R","Bash","Flash of Steel","Thunderclap","Reaper+1","Warcry+1","Shrug It Off","Impervious","Second Wind"],"relics":["Burning Blood","NeowsBlessing","Dead Branch","The Courier","Pantograph","Potion Belt","Meat on the Bone","Runic Cube"],"potions_floor_usage":[16,16,16],"damage_taken":[{"damage":0,"enemies":"Jaw Worm","floor":1,"turns":1},{"damage":0,"enemies":"Small Slimes","floor":4,"turns":1},{"damage":0,"enemies":"Gremlin Nob","floor":6,"turns":1},{"damage":12,"enemies":"2 Louse","floor":7,"turns":3},{"damage":22,"enemies":"3 Sentries","floor":8,"turns":6},{"damage":32,"enemies":"Gremlin Gang","floor":10,"turns":4},{"damage":11,"enemies":"Red Slaver","floor":14,"turns":3},{"damage":16,"enemies":"Slime Boss","floor":16,"turns":8},{"damage":30,"enemies":"3 Byrds","floor":18,"turns":7},{"damage":60,"enemies":"Shell Parasite","floor":20,"turns":13}],"seed_played":"7844920870721559630","potions_obtained":[{"floor":8,"key":"PowerPotion"},{"floor":10,"key":"Explosive Potion"},{"floor":14,"key":"AttackPotion"},{"floor":16,"key":"SteroidPotion"},{"floor":18,"key":"Energy Potion"}],"is_trial":false,"path_per_floor":["M","$","?","M","$","E","M","E","T","M","T","R","?","M","R","B",null,"M","?"],"character_chosen":"IRONCLAD","items_purchased":["Flash of Steel"],"campfire_rested":0,"item_purchase_floors":[2],"current_hp_per_floor":[80,80,73,79,79,80,74,58,58,54,54,54,54,49,49,79,80,67,67,7],"gold":262,"neow_bonus":"THREE_ENEMY_KILL","is_prod":false,"is_daily":false,"chose_seed":false,"campfire_upgraded":2,"win_rate":0,"timestamp":1539747707,"path_taken":["M","$","?","?","?","E","M","E","T","M","?","R","?","M","R","BOSS","M","?","M"],"build_version":"2018-10-11","purchased_purges":0,"victory":false,"max_hp_per_floor":[80,80,80,80,80,80,80,80,80,80,80,80,80,80,80,80,80,80,80,80],"card_choices":[{"not_picked":["Clash","Headbutt","Iron Wave"],"picked":"SKIP","floor":1},{"not_picked":["Sever Soul","Flex","Warcry"],"picked":"SKIP","floor":4},{"not_picked":["Disarm","Armaments","Power Through"],"picked":"SKIP","floor":6},{"not_picked":["Evolve","Clash"],"picked":"Thunderclap","floor":7},{"not_picked":["Havoc","Warcry"],"picked":"Reaper","floor":8},{"not_picked":["Pommel Strike","Power Through"],"picked":"Warcry","floor":10},{"not_picked":["Entrench","Havoc"],"picked":"Shrug It Off","floor":14},{"not_picked":["Brutality","Limit Break"],"picked":"Impervious","floor":16},{"not_picked":["Whirlwind","Armaments"],"picked":"Second Wind","floor":18}],"player_experience":637892,"relics_obtained":[{"floor":6,"key":"Dead Branch"},{"floor":8,"key":"The Courier"},{"floor":9,"key":"Pantograph"},{"floor":11,"key":"Potion Belt"}],"event_choices":[{"event_name":"Golden Wing","player_choice":"Card Removal","floor":3,"damage_taken":0},{"event_name":"Dead Adventurer","player_choice":"Searched \u00271\u0027 times","floor":13,"damage_taken":0},{"event_name":"Vampires","player_choice":"Ignored","floor":19,"damage_taken":0}],"is_beta":false,"boss_relics":[{"not_picked":["Coffee Dripper","Velvet Choker"],"picked":"Runic Cube"}],"items_purged_floors":[],"is_endless":false,"potions_floor_spawned":[8,10,14,16,18],"killed_by":"Shell Parasite","ascension_level":0}