{"path_per_floor":["M","$","M","?","M","E","R","E","T","M","R","M","M","M","R"],"character_chosen":"DEFECT","items_purchased":["Flash of Steel"],"gold_per_floor":[116,28,40,140,159,194,194,228,228,239,239,252,268,282,282,282],"floor_reached":16,"campfire_rested":0,"playtime":821,"item_purchase_floors":[2],"current_hp_per_floor":[75,75,73,73,73,44,44,26,26,11,11,11,8,8,8,0],"items_purged":[],"gold":282,"score":137,"play_id":"e0639e0f-81b9-495d-9113-58c408ededef","local_time":"20180603024906","is_prod":false,"is_daily":false,"chose_seed":false,"is_ascension_mode":true,"campfire_upgraded":3,"win_rate":0,"timestamp":1527961746,"campfire_choices":[{"data":"Zap","floor":7,"key":"SMITH"},{"data":"Ball Lightning","floor":11,"key":"SMITH"},{"data":"Glacier","floor":15,"key":"SMITH"}],"path_taken":["M","?","M","?","?","E","R","E","T","M","R","M","?","M","R","BOSS"],"build_version":"2018-05-31","seed_source_timestamp":883312289402509,"purchased_purges":0,"victory":false,"master_deck":["Strike_B","Strike_B","Strike_B","Strike_B","Defend_B","Defend_B","Defend_B","Defend_B","Zap+1","Dualcast","Ball Lightning+1","Flash of Steel","FTL","Glacier+1","Machine Learning"],"max_hp_per_floor":[75,75,75,75,75,75,75,75,75,75,75,75,75,75,75,75],"relics":["Cracked Core","Bottled Flame","Toolbox","Ornamental Fan"],"card_choices":[{"not_picked":["Turbo","Skim"],"picked":"Ball Lightning","floor":1},{"not_picked":["Loop","Conserve Battery"],"picked":"FTL","floor":3},{"not_picked":["Fusion","White Noise","Coolheaded"],"picked":"SKIP","floor":5},{"not_picked":["FTL","Fusion","Beam Cell"],"picked":"SKIP","floor":6},{"not_picked":["FTL","Fusion","Beam Cell"],"picked":"SKIP","floor":6},{"not_picked":["Steam","Doom and Gloom"],"picked":"Glacier","floor":8},{"not_picked":["Go for the Eyes","Coolheaded","Lockon"],"picked":"SKIP","floor":10},{"not_picked":["Fusion","Chill"],"picked":"Machine Learning","floor":12},{"not_picked":["Darkness","Hello World","Heatsinks"],"picked":"SKIP","floor":13},{"not_picked":["Stack","Steam","Chill"],"picked":"SKIP","floor":14}],"player_experience":754350,"potions_floor_usage":[16,16],"damage_taken":[{"damage":0,"enemies":"Cultist","floor":1,"turns":4},{"damage":2,"enemies":"Jaw Worm","floor":3,"turns":3},{"damage":0,"enemies":"Small Slimes","floor":5,"turns":2},{"damage":29,"enemies":"3 Sentries","floor":6,"turns":6},{"damage":18,"enemies":"Gremlin Nob","floor":8,"turns":3},{"damage":15,"enemies":"Exordium Wildlife","floor":10,"turns":3},{"damage":0,"enemies":"Gremlin Gang","floor":12,"turns":4},{"damage":3,"enemies":"Exordium Thugs","floor":13,"turns":3},{"damage":0,"enemies":"Looter","floor":14,"turns":1},{"damage":9,"enemies":"The Guardian","floor":16,"turns":8}],"relics_obtained":[{"floor":6,"key":"Bottled Flame"},{"floor":8,"key":"Toolbox"},{"floor":9,"key":"Ornamental Fan"}],"event_choices":[{"event_name":"Golden Shrine","player_choice":"Pray","floor":4,"damage_taken":0}],"boss_relics":[],"items_purged_floors":[],"potions_floor_spawned":[5,8,10,13,14],"seed_played":"-8633664296627248805","killed_by":"The Guardian","ascension_level":4,"potions_obtained":[{"floor":5,"key":"Ancient Potion"},{"floor":8,"key":"SpeedPotion"},{"floor":10,"key":"Swift Potion"},{"floor":13,"key":"Fire Potion"},{"floor":14,"key":"Energy Potion"}],"is_trial":false}