{"gold_per_floor":[113,133,133,133,133,133,172,22,22,22,0,14,52,13,13,143,143,158,283,90,90,44,44,78,78,78,78,96,132,57,57,57,157,157,172,182,182,182,182,216,216,231,231,62,62,62,89,89,89,89],"floor_reached":50,"playtime":2668,"items_purged":["Decay"],"score":671,"play_id":"a29bb843-f225-4fb9-bc1e-3d1f8aca595e","local_time":"20190130105208","is_ascension_mode":true,"campfire_choices":[{"data":"Strike_R","floor":6,"key":"SMITH"},{"floor":10,"key":"REST"},{"data":"Evolve","floor":15,"key":"SMITH"},{"data":"True Grit","floor":23,"key":"SMITH"},{"floor":25,"key":"REST"},{"data":"True Grit","floor":27,"key":"SMITH"},{"floor":32,"key":"REST"},{"data":"Fire Breathing","floor":41,"key":"SMITH"},{"data":"Spot Weakness","floor":45,"key":"SMITH"},{"data":"Shrug It Off","floor":49,"key":"SMITH"}],"neow_cost":"NONE","seed_source_timestamp":1700205613491390,"circlet_count":0,"master_deck":["Strike_R","Strike_R","Strike_R","Strike_R+1","Defend_R","Defend_R","Defend_R","Defend_R","Bash+1","Wild Strike+1","Feel No Pain","Fire Breathing","Infernal Blade","Fire Breathing+1","Reckless Charge+1","Wild Strike","Evolve+1","Offering","Infernal Blade+1","True Grit+1","Reckless Charge","Shrug It Off","Spot Weakness+1","Berserk","True Grit+1","Iron Wave","Dual Wield+1","Shrug It Off+1","Burning Pact","Reaper","Fire Breathing+1","Writhe","Sentinel+1","True Grit","Disarm","Shrug It Off","Havoc+1"],"relics":["Burning Blood","Centennial Puzzle","Bloody Idol","Mummified Hand","Self Forming Clay","Oddly Smooth Stone","Cursed Key","Nunchaku","Bottled Flame","Bag of Marbles","Dream Catcher","Lantern","Black Star","Regal Pillow","Ornamental Fan","Bottled Lightning","Red Skull","Kunai"],"potions_floor_usage":[33,33,33,40,46,50],"damage_taken":[{"damage":9,"enemies":"2 Louse","floor":1,"turns":4},{"damage":7,"enemies":"Jaw Worm","floor":2,"turns":2},{"damage":40,"enemies":"Lagavulin","floor":7,"turns":5},{"damage":6,"enemies":"Cultist","floor":12,"turns":3},{"damage":2,"enemies":"3 Sentries","floor":13,"turns":3},{"damage":34,"enemies":"The Guardian","floor":16,"turns":8},{"damage":12,"enemies":"3 Byrds","floor":18,"turns":3},{"damage":16,"enemies":"Colosseum Slavers","floor":19,"turns":3},{"damage":18,"enemies":"Colosseum Nobs","floor":19,"turns":3},{"damage":35,"enemies":"Slavers","floor":24,"turns":7},{"damage":6,"enemies":"Spheric Guardian","floor":28,"turns":3},{"damage":12,"enemies":"Book of Stabbing","floor":29,"turns":4},{"damage":72,"enemies":"Automaton","floor":33,"turns":10},{"damage":16,"enemies":"Orb Walker","floor":35,"turns":4},{"damage":37,"enemies":"3 Darklings","floor":36,"turns":4},{"damage":40,"enemies":"Reptomancer","floor":40,"turns":5},{"damage":22,"enemies":"Maw","floor":42,"turns":7},{"damage":0,"enemies":"Spire Growth","floor":46,"turns":1},{"damage":22,"enemies":"Nemesis","floor":47,"turns":9},{"damage":93,"enemies":"Donu and Deca","floor":50,"turns":9}],"seed_played":"-744992182801545268","potions_obtained":[{"floor":12,"key":"Block Potion"},{"floor":16,"key":"Swift Potion"},{"floor":19,"key":"EssenceOfSteel"},{"floor":28,"key":"BloodPotion"},{"floor":35,"key":"Fire Potion"},{"floor":42,"key":"SmokeBomb"},{"floor":47,"key":"FearPotion"}],"is_trial":false,"path_per_floor":["M","M","?","?","?","R","E","$","T","R","$","M","E","$","R","B",null,"M","?","$","?","$","R","E","R","T","R","M","E","?","?","R","B",null,"M","M","?","?","?","E","R","M","T","$","R","M","E","?","R","B"],"character_chosen":"IRONCLAD","items_purchased":["Infernal Blade","Fire Breathing","Clash","Evolve","Reckless Charge","Shrug It Off","Spot Weakness","True Grit","Disarm","Shrug It Off"],"campfire_rested":3,"item_purchase_floors":[8,8,11,14,20,20,20,22,44,44],"current_hp_per_floor":[77,76,60,60,60,60,26,26,26,50,50,50,54,54,54,26,80,74,52,52,52,52,52,23,47,47,47,47,41,41,41,65,12,80,80,64,80,80,80,64,64,60,60,60,60,66,61,61,61,0],"gold":89,"neow_bonus":"RANDOM_COMMON_RELIC","is_prod":false,"is_daily":false,"chose_seed":false,"campfire_upgraded":7,"win_rate":0,"timestamp":1548874328,"path_taken":["M","M","?","?","?","R","E","$","T","R","?","M","E","$","R","BOSS","M","?","$","?","$","R","E","R","T","R","?","E","?","?","R","BOSS","M","M","?","?","?","E","R","M","T","$","R","M","E","?","R","BOSS"],"build_version":"2019-01-23","purchased_purges":1,"victory":false,"max_hp_per_floor":[80,80,80,80,80,80,80,80,80,80,80,80,80,80,80,80,80,80,80,80,80,80,80,80,80,80,80,80,80,80,80,80,80,80,80,80,80,80,80,80,80,80,80,80,80,80,80,80,80,80],"card_choices":[{"not_picked":["Perfected Strike","Sword Boomerang"],"picked":"Wild Strike","floor":1},{"not_picked":["Cleave","Armaments"],"picked":"Feel No Pain","floor":2},{"not_picked":["Heavy Blade","Iron Wave"],"picked":"Fire Breathing","floor":7},{"not_picked":["Armaments","Pommel Strike"],"picked":"Reckless Charge","floor":12},{"not_picked":["Body Slam","Sentinel"],"picked":"Wild Strike","floor":13},{"not_picked":["Impervious","Barricade"],"picked":"Offering","floor":16},{"not_picked":["Twin Strike","Anger"],"picked":"Infernal Blade+1","floor":18},{"not_picked":["Rupture","Ghostly Armor+1"],"picked":"True Grit","floor":19},{"not_picked":["Shockwave","Feel No Pain"],"picked":"Iron Wave","floor":24},{"not_picked":["Burning Pact","Clothesline"],"picked":"Dual Wield+1","floor":28},{"not_picked":["Iron Wave","Pommel Strike"],"picked":"Shrug It Off","floor":29},{"not_picked":["Disarm","Anger"],"picked":"Burning Pact","floor":32},{"not_picked":["Exhume","Impervious"],"picked":"Reaper","floor":33},{"not_picked":["Armaments","Clash+1"],"picked":"Fire Breathing+1","floor":35},{"not_picked":["Rage","Burning Pact","Havoc+1"],"picked":"SKIP","floor":36},{"not_picked":["Warcry+1","Clothesline+1"],"picked":"Sentinel+1","floor":40},{"not_picked":["Infernal Blade","Armaments"],"picked":"True Grit","floor":42},{"not_picked":["Reaper","Perfected Strike"],"picked":"Havoc+1","floor":47}],"player_experience":219347,"relics_obtained":[{"floor":7,"key":"Mummified Hand"},{"floor":9,"key":"Self Forming Clay"},{"floor":13,"key":"Oddly Smooth Stone"},{"floor":19,"key":"Nunchaku"},{"floor":19,"key":"Bottled Flame"},{"floor":24,"key":"Bag of Marbles"},{"floor":26,"key":"Dream Catcher"},{"floor":29,"key":"Lantern"},{"floor":40,"key":"Regal Pillow"},{"floor":40,"key":"Ornamental Fan"},{"floor":43,"key":"Bottled Lightning"},{"floor":47,"key":"Red Skull"},{"floor":47,"key":"Kunai"}],"event_choices":[{"damage_healed":0,"gold_gain":0,"player_choice":"Entered Light","damage_taken":16,"max_hp_gain":0,"max_hp_loss":0,"event_name":"Shining Light","floor":3,"gold_loss":0,"cards_upgraded":["Bash","Wild Strike"]},{"damage_healed":0,"gold_gain":0,"player_choice":"Take Wound","damage_taken":0,"relics_obtained":["Golden Idol"],"max_hp_gain":0,"max_hp_loss":0,"event_name":"Golden Idol","floor":4,"gold_loss":0,"cards_obtained":["Injury"]},{"cards_removed":["Injury"],"damage_healed":0,"gold_gain":0,"player_choice":"Forget","damage_taken":0,"max_hp_gain":0,"max_hp_loss":0,"event_name":"Living Wall","floor":5,"gold_loss":0},{"damage_healed":0,"gold_gain":0,"player_choice":"Fight","damage_taken":0,"max_hp_gain":0,"max_hp_loss":0,"event_name":"Colosseum","floor":19,"gold_loss":0},{"damage_healed":0,"gold_gain":0,"player_choice":"Fought Nobs","damage_taken":0,"max_hp_gain":0,"max_hp_loss":0,"event_name":"Colosseum","floor":19,"gold_loss":0},{"damage_healed":0,"gold_gain":0,"cards_transformed":["Clash"],"player_choice":"Transformed","damage_taken":0,"max_hp_gain":0,"max_hp_loss":0,"event_name":"Transmorgrifier","floor":21,"gold_loss":0,"cards_obtained":["Berserk"]},{"cards_removed":["Clumsy"],"damage_healed":0,"gold_gain":0,"player_choice":"Gave Gold","damage_taken":0,"max_hp_gain":0,"max_hp_loss":0,"event_name":"Beggar","floor":30,"gold_loss":75},{"damage_healed":0,"gold_gain":0,"player_choice":"Gave Idol","damage_taken":0,"relics_obtained":["Bloody Idol"],"max_hp_gain":0,"max_hp_loss":0,"event_name":"Forgotten Altar","floor":31,"relics_lost":["Golden Idol"],"gold_loss":0},{"damage_healed":20,"gold_gain":0,"player_choice":"Writhe","damage_taken":0,"max_hp_gain":0,"max_hp_loss":0,"event_name":"Winding Halls","floor":37,"gold_loss":0,"cards_obtained":["Writhe"]},{"cards_removed":["Strike_R"],"damage_healed":0,"gold_gain":0,"player_choice":"Removed Attack","damage_taken":0,"max_hp_gain":0,"max_hp_loss":0,"event_name":"Falling","floor":38,"gold_loss":0},{"damage_healed":0,"gold_gain":0,"player_choice":"Ignored","damage_taken":0,"max_hp_gain":0,"max_hp_loss":0,"event_name":"Tomb of Lord Red Mask","floor":39,"gold_loss":0},{"damage_healed":0,"gold_gain":0,"player_choice":"Upgraded","damage_taken":0,"max_hp_gain":0,"max_hp_loss":0,"event_name":"Upgrade Shrine","floor":48,"gold_loss":0,"cards_upgraded":["Reckless Charge"]}],"is_beta":false,"boss_relics":[{"not_picked":["Coffee Dripper","White Beast Statue"],"picked":"Cursed Key"},{"not_picked":["Mark of Pain","Velvet Choker"],"picked":"Black Star"}],"items_purged_floors":[44],"is_endless":false,"potions_floor_spawned":[12,16,19,28,35,42,47],"killed_by":"Donu and Deca","ascension_level":4}