{"gold_per_floor":[115,115,115,36,36,36,69,69,96,108,120,145,226,256,268,405,417,449,474,486,521,546,558,570,598,610,397,397,415,415,428,428,428],"floor_reached":33,"playtime":1994,"items_purged":["Strike_B"],"score":270,"play_id":"ec0e68a6-2c82-419c-9903-66fe0c096190","local_time":"20181015004604","is_ascension_mode":false,"campfire_choices":[{"data":"Chill","floor":6,"key":"SMITH"},{"data":"Redo","floor":8,"key":"SMITH"},{"data":"Glacier","floor":11,"key":"SMITH"},{"floor":15,"key":"REST"},{"data":"Barrage","floor":23,"key":"SMITH"},{"data":"Capacitor","floor":28,"key":"SMITH"},{"floor":30,"key":"REST"},{"floor":32,"key":"REST"}],"neow_cost":"NONE","seed_source_timestamp":421394135493445,"circlet_count":0,"master_deck":["Strike_B","Strike_B","Defend_B","Defend_B","Defend_B","Defend_B","Zap","Dualcast","Chill+1","Glacier+1","Redo+1","Barrage+1","Loop","Coolheaded","Seek","Capacitor+1","Barrage","Barrage+1","Cold Snap","Capacitor+1","Tempest","Redo","Redo"],"relics":["Cracked Core","NeowsBlessing","Golden Idol","Sundial","MawBank","Shuriken","Black Star","MutagenicStrength","Symbiotic Virus"],"potions_floor_usage":[16,16,29,33,33],"damage_taken":[{"damage":0,"enemies":"2 Louse","floor":1,"turns":1},{"damage":0,"enemies":"3 Sentries","floor":7,"turns":1},{"damage":0,"enemies":"Cultist","floor":12,"turns":1},{"damage":24,"enemies":"Lagavulin Event","floor":13,"turns":5},{"damage":0,"enemies":"Small Slimes","floor":14,"turns":3},{"damage":19,"enemies":"Slime Boss","floor":16,"turns":10},{"damage":4,"enemies":"3 Byrds","floor":18,"turns":8},{"damage":12,"enemies":"2 Thieves","floor":19,"turns":4},{"damage":14,"enemies":"Snake Plant","floor":21,"turns":6},{"damage":8,"enemies":"Snecko","floor":22,"turns":8},{"damage":14,"enemies":"Chosen and Byrds","floor":25,"turns":6},{"damage":12,"enemies":"Snake Plant","floor":29,"turns":4},{"damage":10,"enemies":"Centurion and Healer","floor":31,"turns":6},{"damage":56,"enemies":"Automaton","floor":33,"turns":10}],"seed_played":"3277995194070926726","potions_obtained":[{"floor":12,"key":"FocusPotion"},{"floor":13,"key":"AttackPotion"},{"floor":18,"key":"PowerPotion"},{"floor":29,"key":"Explosive Potion"},{"floor":31,"key":"Energy Potion"}],"is_trial":false,"path_per_floor":["M","?","?","$","?","R","E","R","T","$","R","M","?","M","R","B",null,"M","M","?","M","M","R","?","M","T","$","R","M","R","M","R"],"character_chosen":"DEFECT","items_purchased":["Glacier","Capacitor","Tempest"],"campfire_rested":3,"item_purchase_floors":[4,27,27],"current_hp_per_floor":[75,75,80,80,60,60,60,60,60,60,60,60,36,36,60,41,80,76,64,64,50,42,42,42,28,28,28,28,16,40,30,54,0],"gold":428,"neow_bonus":"THREE_ENEMY_KILL","is_prod":false,"is_daily":false,"chose_seed":false,"campfire_upgraded":5,"win_rate":0,"timestamp":1539578764,"path_taken":["M","?","?","$","?","R","E","R","T","$","R","M","?","?","R","BOSS","M","M","?","M","M","R","?","M","T","$","R","?","R","M","R","BOSS"],"build_version":"2018-10-11","purchased_purges":1,"victory":false,"max_hp_per_floor":[75,75,80,80,80,80,80,80,80,80,80,80,80,80,80,80,80,80,80,80,80,80,80,80,80,80,80,80,80,80,80,80,80],"card_choices":[{"not_picked":["Steam","Go for the Eyes"],"picked":"Chill","floor":1},{"not_picked":["Rebound","Stack"],"picked":"Redo","floor":7},{"not_picked":["Streamline","Beam Cell"],"picked":"Barrage","floor":12},{"not_picked":["Steam","Conserve Battery"],"picked":"Loop","floor":13},{"not_picked":["Undo","Force Field"],"picked":"Coolheaded","floor":14},{"not_picked":["Rainbow","Buffer"],"picked":"Seek","floor":16},{"not_picked":["Double Energy+1","Recycle"],"picked":"Capacitor+1","floor":18},{"not_picked":["Compile Driver+1","Reinforced Body+1","Recycle"],"picked":"SKIP","floor":19},{"not_picked":["Tempest","Sweeping Beam"],"picked":"Barrage","floor":21},{"not_picked":["Rip and Tear","Streamline"],"picked":"Barrage+1","floor":22},{"not_picked":["Streamline","Gash+1"],"picked":"Cold Snap","floor":25},{"not_picked":["Reinforced Body+1","Amplify"],"picked":"Redo","floor":29},{"not_picked":["Sweeping Beam","Storm"],"picked":"Redo","floor":31}],"player_experience":607727,"relics_obtained":[{"floor":7,"key":"Sundial"},{"floor":9,"key":"MawBank"},{"floor":13,"key":"Shuriken"},{"floor":26,"key":"Symbiotic Virus"}],"event_choices":[{"event_name":"WeMeetAgain","player_choice":"Attack","floor":2,"damage_taken":0},{"event_name":"Big Fish","player_choice":"Donut","floor":3,"damage_taken":0},{"event_name":"Golden Idol","player_choice":"Take Damage","floor":5,"damage_taken":0},{"event_name":"Dead Adventurer","player_choice":"Searched \u00272\u0027 times","floor":13,"damage_taken":0},{"event_name":"Drug Dealer","player_choice":"Inject Mutagens","floor":20,"damage_taken":0},{"event_name":"Back to Basics","player_choice":"Elegance","floor":24,"damage_taken":0}],"is_beta":false,"boss_relics":[{"not_picked":["Coffee Dripper","Runic Pyramid"],"picked":"Black Star"}],"items_purged_floors":[27],"is_endless":false,"potions_floor_spawned":[12,13,18,29,31],"killed_by":"Automaton","ascension_level":0}