{"gold_per_floor":[110,35,46,46,57,57,70,70,70,70,103,119,182,211,211,289,289,307,317,317,341,341,341,376,376,376,376,395,318,331,345,345,422,422,436,453,453],"floor_reached":37,"playtime":2076,"items_purged":["Defend_G"],"score":678,"play_id":"50521e87-aa0f-4f96-ae5a-c6b8e496d329","local_time":"20180804223723","is_ascension_mode":true,"campfire_choices":[{"data":"Dash","floor":6.0,"key":"SMITH"},{"data":"Riddle With Holes","floor":8.0,"key":"SMITH"},{"data":"Neutralize","floor":10.0,"key":"SMITH"},{"data":"Burst","floor":15,"key":"SMITH"},{"data":"Caltrops","floor":23,"key":"SMITH"},{"data":"Well Laid Plans","floor":25,"key":"SMITH"},{"data":"Doppelganger","floor":27,"key":"SMITH"},{"floor":32,"key":"REST"}],"neow_cost":"NONE","seed_source_timestamp":0,"circlet_count":0,"master_deck":["Defend_G","Defend_G","Strike_G","Strike_G","Strike_G","Strike_G","Survivor","Neutralize+1","AscendersBane","Dash+1","Dagger Spray","Riddle With Holes+1","Outmaneuver","Burst+1","Acrobatics","Doppelganger+1","Acrobatics","Caltrops+1","Well Laid Plans+1","Bouncing Flask","J.A.X.","Dagger Spray+1","Unload","Deadly Poison+1"],"special_seed":0,"relics":["Ring of the Serpent","Ice Cream","Incense Burner","Mercury Hourglass","Bronze Scales","Juzu Bracelet","Happy Flower","The Specimen","Black Star"],"potions_floor_usage":[16,33],"damage_taken":[{"damage":7.0,"enemies":"Small Slimes","floor":1.0,"turns":3.0},{"damage":0.0,"enemies":"Cultist","floor":3.0,"turns":4.0},{"damage":2.0,"enemies":"Jaw Worm","floor":5.0,"turns":3.0},{"damage":14.0,"enemies":"Large Slime","floor":7.0,"turns":7.0},{"damage":4.0,"enemies":"3 Sentries","floor":11.0,"turns":5.0},{"damage":0.0,"enemies":"2 Fungi Beasts","floor":12.0,"turns":2.0},{"damage":8.0,"enemies":"Gremlin Nob","floor":13.0,"turns":4.0},{"damage":1,"enemies":"Lagavulin","floor":14,"turns":6},{"damage":13,"enemies":"Slime Boss","floor":16,"turns":10},{"damage":0,"enemies":"3 Byrds","floor":18,"turns":3},{"damage":15,"enemies":"2 Thieves","floor":19,"turns":4},{"damage":36,"enemies":"Slavers","floor":24,"turns":5},{"damage":10,"enemies":"Sentry and Sphere","floor":28,"turns":4},{"damage":5,"enemies":"Snake Plant","floor":30,"turns":3},{"damage":5,"enemies":"Centurion and Healer","floor":31,"turns":6},{"damage":35,"enemies":"Automaton","floor":33,"turns":9},{"damage":17,"enemies":"Flame Bruiser 1 Orb","floor":35,"turns":5},{"damage":26,"enemies":"3 Darklings","floor":36,"turns":3},{"damage":9,"floor":37,"turns":2}],"seed_played":"2839857571813565113","potions_obtained":[{"floor":1.0,"key":"SpeedPotion"},{"floor":3.0,"key":"FairyPotion"},{"floor":11.0,"key":"EssenceOfSteel"},{"floor":13.0,"key":"GhostInAJar"},{"floor":19,"key":"EssenceOfSteel"},{"floor":30,"key":"GhostInAJar"},{"floor":33,"key":"SpeedPotion"},{"floor":35,"key":"EssenceOfSteel"}],"is_trial":false,"path_per_floor":["M","$","M","?","M","R","M","R","T","R","E","M","?","E","R","B",null,"M","M","?","T","?","R","E","R","T","R","M","?","M","M","R","B",null,"M","M"],"character_chosen":"THE_SILENT","items_purchased":[],"campfire_rested":1,"item_purchase_floors":[],"current_hp_per_floor":[52,52,52,45,43,43,29,29,29,29,25,25,17,16,16,3,50,50,35,35,35,57,57,21,21,21,21,11,11,6,1,20,4,51,34,8,0],"gold":453,"neow_bonus":"REMOVE_CARD","is_prod":false,"is_daily":false,"chose_seed":false,"campfire_upgraded":7,"win_rate":0,"timestamp":1533389843,"path_taken":["M","$","M","?","M","R","M","R","T","R","E","M","?","E","R","BOSS","M","M","?","?","?","R","E","R","T","R","M","?","M","M","R","BOSS","M","M","?"],"build_version":"2018-08-02","purchased_purges":1,"victory":false,"max_hp_per_floor":[66,66,66,66,66,66,66,66,66,66,66,66,66,66,66,66,66,66,66,66,66,66,66,66,66,66,66,66,66,66,66,66,66,66,66,66,66],"card_choices":[{"not_picked":["Calculated Gamble","Concentrate","Underhanded Strike"],"picked":"SKIP","floor":1.0},{"not_picked":["Flying Knee","Dodge and Roll"],"picked":"Dash","floor":3.0},{"not_picked":["Leg Sweep","Flechettes"],"picked":"Dagger Spray","floor":5.0},{"not_picked":["Bouncing Flask","Finisher"],"picked":"Riddle With Holes","floor":7.0},{"not_picked":["Infinite Blades","Masterful Stab"],"picked":"Outmaneuver","floor":11.0},{"not_picked":["Cloak And Dagger","Setup"],"picked":"Burst","floor":12.0},{"not_picked":["Noxious Fumes","Calculated Gamble"],"picked":"Acrobatics","floor":14},{"not_picked":["Unload","Grand Finale"],"picked":"Doppelganger","floor":16},{"not_picked":["Poisoned Stab","Distraction"],"picked":"Acrobatics","floor":18},{"not_picked":["Endless Agony+1","Acrobatics"],"picked":"Caltrops","floor":19},{"not_picked":["Backstab","Poisoned Stab"],"picked":"Well Laid Plans","floor":24},{"not_picked":["Dagger Spray","Slice"],"picked":"Bouncing Flask","floor":28},{"not_picked":["Masterful Stab","PiercingWail","Poisoned Stab"],"picked":"SKIP","floor":30},{"not_picked":["Dagger Throw","Skewer"],"picked":"Dagger Spray+1","floor":31},{"not_picked":["Bullet Time","Glass Knife"],"picked":"Unload","floor":33},{"not_picked":["Deflect","Dagger Spray"],"picked":"Deadly Poison+1","floor":35},{"not_picked":["Dodge and Roll","Setup+1","Reflex"],"picked":"SKIP","floor":36}],"player_experience":811206,"relics_obtained":[{"floor":9.0,"key":"Ice Cream"},{"floor":11.0,"key":"Incense Burner"},{"floor":13.0,"key":"Mercury Hourglass"},{"floor":14,"key":"Bronze Scales"},{"floor":21,"key":"Juzu Bracelet"},{"floor":24,"key":"Happy Flower"},{"floor":26,"key":"The Specimen"}],"event_choices":[{"event_name":"Golden Wing","player_choice":"Card Removal","floor":4.0,"damage_taken":0.0},{"event_name":"Dead Adventurer","player_choice":"Searched \u00271\u0027 times","floor":13.0,"damage_taken":0.0},{"event_name":"Bonfire Elementals","player_choice":"BASIC","floor":20,"damage_taken":0},{"event_name":"The Library","player_choice":"Heal","floor":22,"damage_taken":0},{"event_name":"Drug Dealer","player_choice":"Got JAXXED","floor":29,"damage_taken":0},{"event_name":"Mysterious Sphere","player_choice":"Fight","floor":37,"damage_taken":0}],"is_beta":false,"boss_relics":[{"not_picked":["Runic Pyramid","Lizard Tail"],"picked":"Ring of the Serpent"},{"not_picked":["Runic Dome","Sozu"],"picked":"Black Star"}],"items_purged_floors":[2],"is_endless":false,"potions_floor_spawned":[1,3,11,12,13,19,24,30,33,35],"ascension_level":14}