{"gold_per_floor":[116,45,220,235,259,291,291,305,305,154,215,215,13,32,32,132,182,194,16,16,34,47,73,73,93,120,120,120,120],"floor_reached":29,"playtime":1722,"items_purged":["Doubt"],"score":333,"play_id":"d5b3edaa-d35b-4c7a-a5d3-e7cea98c3eef","local_time":"20181209155527","is_ascension_mode":true,"campfire_choices":[{"data":"Noxious Fumes","floor":7,"key":"SMITH"},{"floor":12,"key":"REST"},{"data":"Catalyst","floor":15,"key":"SMITH"},{"data":"Distraction","floor":24,"key":"SMITH"},{"floor":28,"key":"REST"}],"neow_cost":"NONE","seed_source_timestamp":1359113303004657,"circlet_count":0,"master_deck":["Defend_G","Defend_G","Defend_G","Defend_G","Defend_G+1","Strike_G","Strike_G+1","Strike_G","Strike_G","Strike_G","Survivor","Neutralize+1","Noxious Fumes+1","Well Laid Plans","Deadly Poison","Quick Slash","Distraction+1","Distraction","Catalyst+1","Envenom+1","Blur","Bouncing Flask","Deadly Poison","Backflip","Caltrops+1"],"relics":["Ring of the Snake","NeowsBlessing","Happy Flower","Whetstone","Letter Opener","Ice Cream","ClockworkSouvenir","Tiny House","Orichalcum","Regal Pillow","Juzu Bracelet","Enchiridion"],"potions_floor_usage":[11,18,22,23,23,23,29],"damage_taken":[{"damage":0,"enemies":"Small Slimes","floor":1,"turns":1},{"damage":0,"enemies":"Jaw Worm","floor":4,"turns":1},{"damage":0,"enemies":"3 Sentries","floor":6,"turns":2},{"damage":2,"enemies":"Cultist","floor":8,"turns":4},{"damage":21,"enemies":"Gremlin Nob","floor":11,"turns":4},{"damage":7,"enemies":"Blue Slaver","floor":14,"turns":4},{"damage":14,"enemies":"The Guardian","floor":16,"turns":8},{"damage":5,"enemies":"Spheric Guardian","floor":18,"turns":3},{"damage":4,"enemies":"Shell Parasite","floor":21,"turns":5},{"damage":0,"enemies":"Snake Plant","floor":22,"turns":4},{"damage":41,"enemies":"Slavers","floor":23,"turns":7},{"damage":2,"enemies":"Snecko","floor":25,"turns":4},{"damage":31,"enemies":"Colosseum Slavers","floor":29,"turns":4},{"damage":19,"enemies":"Colosseum Nobs","floor":29,"turns":2}],"seed_played":"-136927040486886541","potions_obtained":[{"floor":6,"key":"SpeedPotion"},{"floor":8,"key":"Weak Potion"},{"floor":11,"key":"GhostInAJar"},{"floor":16,"key":"SpeedPotion"},{"floor":17,"key":"SkillPotion"},{"floor":21,"key":"PowerPotion"},{"floor":23,"key":"Fruit Juice"},{"floor":25,"key":"PowerPotion"}],"is_trial":false,"path_per_floor":["M","$","?","M","T","E","R","M","T","$","?","R","$","M","R","B",null,"M","$","?","M","M","E","R","M","T","?","R","?"],"character_chosen":"THE_SILENT","items_purchased":["Well Laid Plans","Distraction","ClockworkSouvenir","Orichalcum","Blur"],"campfire_rested":2,"item_purchase_floors":[2,10,13,19,19],"current_hp_per_floor":[70,70,70,70,70,70,70,68,68,68,47,68,68,61,61,47,69,64,64,64,60,60,24,24,22,22,6,45,0],"gold":120,"neow_bonus":"THREE_ENEMY_KILL","is_prod":false,"is_daily":false,"chose_seed":false,"campfire_upgraded":3,"win_rate":0,"timestamp":1544388927,"path_taken":["M","$","?","M","?","E","R","M","T","?","?","R","$","?","R","BOSS","M","$","?","?","M","E","R","M","T","?","R","?"],"build_version":"2018-12-06","purchased_purges":1,"victory":false,"max_hp_per_floor":[70,70,70,70,70,70,70,70,70,70,70,70,70,70,70,70,75,75,75,75,75,75,80,80,80,80,80,80,80],"card_choices":[{"not_picked":["Dodge and Roll","Blur"],"picked":"Noxious Fumes","floor":1},{"not_picked":["Cloak And Dagger","Skewer"],"picked":"Deadly Poison","floor":4},{"not_picked":["Infinite Blades","Heel Hook"],"picked":"Quick Slash","floor":6},{"not_picked":["Outmaneuver","Predator","Skewer"],"picked":"SKIP","floor":8},{"not_picked":["Sucker Punch","Quick Slash"],"picked":"Distraction","floor":11},{"not_picked":["Acrobatics","Dagger Throw"],"picked":"Catalyst","floor":14},{"not_picked":["Tools of the Trade","Glass Knife"],"picked":"Envenom","floor":16},{"not_picked":["Accuracy","Setup","Masterful Stab+1"],"picked":"SKIP","floor":18},{"not_picked":["Dagger Throw","Deadly Poison+1"],"picked":"Bouncing Flask","floor":21},{"not_picked":["Dagger Throw","Choke"],"picked":"Deadly Poison","floor":22},{"not_picked":["Sucker Punch","Riddle With Holes"],"picked":"Backflip","floor":23},{"not_picked":["Slice","Leg Sweep"],"picked":"Caltrops+1","floor":25}],"player_experience":286052,"relics_obtained":[{"floor":5,"key":"Happy Flower"},{"floor":6,"key":"Whetstone"},{"floor":9,"key":"Letter Opener"},{"floor":11,"key":"Ice Cream"},{"floor":23,"key":"Regal Pillow"},{"floor":26,"key":"Juzu Bracelet"},{"floor":27,"key":"Enchiridion"}],"event_choices":[{"damage_healed":0,"gold_gain":175,"player_choice":"AGREE","damage_taken":0,"max_hp_gain":0,"max_hp_loss":0,"event_name":"Liars Game","floor":3,"gold_loss":0,"cards_obtained":["Doubt"]},{"damage_healed":0,"gold_gain":0,"player_choice":"Searched \u00271\u0027 times","damage_taken":0,"max_hp_gain":0,"max_hp_loss":0,"event_name":"Dead Adventurer","floor":11,"gold_loss":0},{"damage_healed":0,"gold_gain":0,"player_choice":"Forge","damage_taken":0,"max_hp_gain":0,"max_hp_loss":0,"event_name":"Accursed Blacksmith","floor":20,"gold_loss":0,"cards_upgraded":["Envenom"]},{"damage_healed":0,"gold_gain":0,"player_choice":"Obtained Book","damage_taken":16,"max_hp_gain":0,"max_hp_loss":0,"event_name":"Cursed Tome","floor":27,"gold_loss":0},{"damage_healed":0,"gold_gain":0,"player_choice":"Fight","damage_taken":0,"max_hp_gain":0,"max_hp_loss":0,"event_name":"Colosseum","floor":29,"gold_loss":0},{"damage_healed":0,"gold_gain":0,"player_choice":"Fought Nobs","damage_taken":0,"max_hp_gain":0,"max_hp_loss":0,"event_name":"Colosseum","floor":29,"gold_loss":0}],"is_beta":false,"boss_relics":[{"not_picked":["Calling Bell","Runic Pyramid"],"picked":"Tiny House"}],"items_purged_floors":[10],"is_endless":false,"potions_floor_spawned":[6,8,11,16,21,23,25],"killed_by":"Colosseum Nobs","ascension_level":5}