{"path_per_floor":["M","$","?","M","M","R","M","M","T","R","?","M","M","E","R","B",null,"M","$","?","M","?"],"character_chosen":"IRONCLAD","items_purchased":["Perfected Strike","Self Forming Clay"],"gold_per_floor":[118,91,91,111,122,122,132,151,151,151,151,170,186,216,216,314,314,334,78,78,95,95],"floor_reached":23,"campfire_rested":1,"playtime":2773,"current_hp_per_floor":[71,71,71,70,68,80,79,78,78,78,78,80,80,73,73,67,80,56,56,80,61,46],"items_purged":[],"gold":95,"play_id":"bcc034e2-b855-4757-9012-3a35cf308a72","is_prod":false,"is_daily":false,"is_ascension_mode":false,"campfire_upgraded":2,"path_taken":["M","$","?","M","M","R","M","M","T","R","?","M","M","E","R","BOSS","M","$","?","M","?","E"],"build_version":"2018-02-01-PROD3","purchased_purges":0,"victory":false,"master_deck":["Strike_R","Strike_R","Strike_R","Strike_R","Strike_R","Defend_R","Defend_R","Defend_R","Defend_R","Bash","Armaments+1","Perfected Strike","Cleave","Armaments+1","Uppercut","Iron Wave+1","Shockwave","Pommel Strike","Impervious","Reaper","Armaments","Inflame"],"max_hp_per_floor":[80,80,80,80,80,80,80,80,80,80,80,80,80,80,80,80,80,80,80,80,80,85],"relics":["Burning Blood","Blood Vial","Anchor","Black Star","Self Forming Clay"],"card_choices":[{"not_picked":["Body Slam","Fire Breathing"],"picked":"Armaments"},{"not_picked":["Clash","Perfected Strike"],"picked":"Cleave"},{"not_picked":["Body Slam","Corruption"],"picked":"Armaments"},{"not_picked":["True Grit","Thunderclap"],"picked":"Uppercut"},{"not_picked":["Clash","True Grit"],"picked":"Iron Wave"},{"not_picked":["Flex","Corruption"],"picked":"Shockwave"},{"not_picked":["Body Slam","Power Through"],"picked":"Pommel Strike"},{"not_picked":["Clash","Burning Pact"],"picked":"Impervious"},{"not_picked":["Dark Embrace","Impervious"],"picked":"Reaper"},{"not_picked":["Clothesline","Feel No Pain"],"picked":"Armaments"},{"not_picked":["Battle Trance","Pommel Strike"],"picked":"Inflame"}],"player_experience":0,"potions_floor_usage":[16,16,23],"damage_taken":[{"damage":15,"enemies":"2 Louse","floor":1,"turns":3},{"damage":7,"enemies":"Small Slimes","floor":4,"turns":3},{"damage":8,"enemies":"Jaw Worm","floor":5,"turns":3},{"damage":7,"enemies":"2 Fungi Beasts","floor":7,"turns":3},{"damage":7,"enemies":"Looter","floor":8,"turns":3},{"damage":0,"enemies":"3 Louse","floor":12,"turns":2},{"damage":1,"enemies":"Large Slime","floor":13,"turns":6},{"damage":13,"enemies":"3 Sentries","floor":14,"turns":5},{"damage":14,"enemies":"The Guardian","floor":16,"turns":13},{"damage":30,"enemies":"Shell Parasite","floor":18,"turns":7},{"damage":25,"enemies":"Chosen","floor":21,"turns":7},{"damage":54,"enemies":"Slavers","floor":23,"turns":8}],"event_choices":[{"event_name":"Liars Game","player_choice":"disagreed","floor":3,"damage_taken":0},{"event_name":"Living Wall","player_choice":"Grow","floor":11,"damage_taken":0},{"event_name":"The Library","player_choice":"Heal","floor":20,"damage_taken":0},{"event_name":"Forgotten Altar","player_choice":"Shed Blood","floor":22,"damage_taken":0}],"boss_relics":[{"not_picked":["Eternal Feather","Philosopher\u0027s Stone"],"picked":"Black Star"}],"potions_floor_spawned":[4,5,13,14],"seed_played":"-6540471923420151230","killed_by":"Slavers","ascension_level":0,"is_trial":false}