{"gold_per_floor":[111,123,141,141,156,156,183,199,247,266,280,280,298,58,58,157,157,176,176,176,0,0,0],"floor_reached":23,"playtime":2458,"items_purged":[],"score":299,"play_id":"a2801081-a01c-4a22-81f3-db7c2fed35d8","local_time":"20190210224241","is_ascension_mode":true,"campfire_choices":[{"floor":6,"key":"REST"},{"floor":12,"key":"REST"},{"floor":15,"key":"REST"}],"neow_cost":"NONE","seed_source_timestamp":73329218285262,"circlet_count":0,"master_deck":["AscendersBane","Strike_B","Strike_B","Strike_B","Defend_B","Defend_B","Defend_B","Defend_B","Zap","Dualcast","Consume","Leap","Coolheaded","Aggregate","Coolheaded","Reboot","Capacitor","Blizzard","Streamline","Glacier","Writhe","Cold Snap","Shame"],"relics":["White Beast Statue","Ancient Tea Set","Orichalcum","Cables","Nuclear Battery","Meat on the Bone","Boot"],"potions_floor_usage":[5,7,8,13,16,23,23],"damage_taken":[{"damage":2,"enemies":"2 Louse","floor":1,"turns":4},{"damage":1,"enemies":"Cultist","floor":2,"turns":4},{"damage":9,"enemies":"Small Slimes","floor":3,"turns":3},{"damage":36,"enemies":"Exordium Wildlife","floor":5,"turns":7},{"damage":25,"enemies":"Lagavulin","floor":7,"turns":11},{"damage":1,"enemies":"Looter","floor":8,"turns":4},{"damage":0,"enemies":"Large Slime","floor":10,"turns":8},{"damage":35,"enemies":"Exordium Thugs","floor":11,"turns":10},{"damage":0,"enemies":"2 Fungi Beasts","floor":13,"turns":4},{"damage":29,"enemies":"Hexaghost","floor":16,"turns":17},{"damage":0,"enemies":"Shell Parasite","floor":18,"turns":9},{"damage":88,"enemies":"Slavers","floor":23,"turns":5}],"seed_played":"-923996848200304344","potions_obtained":[{"floor":1,"key":"GamblersBrew"},{"floor":2,"key":"Regen Potion"},{"floor":3,"key":"Energy Potion"},{"floor":5,"key":"Explosive Potion"},{"floor":7,"key":"EssenceOfSteel"},{"floor":8,"key":"FairyPotion"},{"floor":11,"key":"SpeedPotion"},{"floor":13,"key":"Strength Potion"},{"floor":16,"key":"Weak Potion"},{"floor":18,"key":"Regen Potion"}],"is_trial":false,"path_per_floor":["M","M","M","?","M","R","E","M","T","M","M","R","M","$","R","B",null,"M","?","?","?","?","E"],"character_chosen":"DEFECT","items_purchased":["Cables"],"campfire_rested":3,"item_purchase_floors":[14],"current_hp_per_floor":[66,65,56,56,20,42,32,31,31,31,7,29,29,29,51,22,62,62,62,62,62,62,0],"gold":0,"neow_bonus":"BOSS_RELIC","is_prod":false,"is_daily":false,"chose_seed":false,"campfire_upgraded":0,"win_rate":0,"timestamp":1549856561,"path_taken":["M","M","M","?","M","R","E","M","T","M","M","R","?","?","R","BOSS","M","?","?","?","?","E"],"build_version":"2019-01-23","purchased_purges":0,"victory":false,"max_hp_per_floor":[75,75,75,75,75,75,75,75,75,75,75,75,75,75,75,75,75,75,75,75,75,75,75],"card_choices":[{"not_picked":["Storm","Cold Snap"],"picked":"Consume","floor":1},{"not_picked":["Beam Cell","Storm"],"picked":"Leap","floor":2},{"not_picked":["Heatsinks","Go for the Eyes"],"picked":"Coolheaded","floor":3},{"not_picked":["Gash","Leap"],"picked":"Coolheaded","floor":5},{"not_picked":["Aggregate","Redo"],"picked":"Reboot","floor":7},{"not_picked":["Redo","Leap"],"picked":"Capacitor","floor":8},{"not_picked":["Turbo","Streamline"],"picked":"Blizzard","floor":10},{"not_picked":["Scrape","Steam"],"picked":"Streamline","floor":11},{"not_picked":["Defragment","Redo"],"picked":"Glacier","floor":13},{"not_picked":["Skim","Undo","Beam Cell"],"picked":"SKIP","floor":18}],"player_experience":1161822,"relics_obtained":[{"floor":7,"key":"Ancient Tea Set"},{"floor":9,"key":"Orichalcum"}],"event_choices":[{"damage_healed":0,"gold_gain":0,"cards_transformed":["Strike_B"],"player_choice":"Transformed","damage_taken":0,"max_hp_gain":0,"max_hp_loss":0,"event_name":"Transmorgrifier","floor":4,"gold_loss":0,"cards_obtained":["Aggregate"]},{"damage_healed":0,"gold_gain":0,"player_choice":"Opened","damage_taken":0,"relics_obtained":["Meat on the Bone"],"max_hp_gain":0,"max_hp_loss":0,"event_name":"The Mausoleum","floor":19,"gold_loss":0,"cards_obtained":["Writhe"]},{"damage_healed":0,"gold_gain":0,"player_choice":"Read","damage_taken":0,"max_hp_gain":0,"max_hp_loss":0,"event_name":"The Library","floor":20,"gold_loss":0,"cards_obtained":["Cold Snap"]},{"damage_healed":0,"gold_gain":0,"player_choice":"Paid Fearfully","damage_taken":0,"max_hp_gain":0,"max_hp_loss":0,"event_name":"Masked Bandits","floor":21,"gold_loss":176},{"damage_healed":0,"gold_gain":0,"player_choice":"Stole Relic","damage_taken":0,"relics_obtained":["Boot"],"max_hp_gain":0,"max_hp_loss":0,"event_name":"Addict","floor":22,"gold_loss":0,"cards_obtained":["Shame"]}],"is_beta":false,"boss_relics":[{"not_picked":["Astrolabe","Orrery"],"picked":"Nuclear Battery"}],"items_purged_floors":[],"is_endless":false,"potions_floor_spawned":[1,2,3,5,7,8,10,11,13,16,18],"killed_by":"Slavers","ascension_level":11}