{"gold_per_floor":[112,112,112,122,191,226,244,279,303,263,263,274,291,322,322,418,418,418,418,418,418,418,418,418,418,418,418,418,418,418,418,418,418,418,418,418,418,418,418,418,418,135,135,135,135,135,135,135,135,135],"floor_reached":50,"playtime":6804,"items_purged":["Defend_G"],"score":669,"play_id":"3f93b44b-7d84-4e59-a4f5-99ba4e93349a","local_time":"20181110000811","is_ascension_mode":false,"campfire_choices":[{"data":"Neutralize","floor":11.0,"key":"SMITH"},{"data":"Backflip","floor":15.0,"key":"SMITH"},{"data":"Adrenaline","floor":25,"key":"SMITH"},{"data":"Backstab","floor":27,"key":"SMITH"},{"data":"Survivor","floor":30,"key":"SMITH"},{"data":"Defend_G","floor":32,"key":"SMITH"},{"data":"Madness","floor":46,"key":"SMITH"},{"data":"Secret Technique","floor":49,"key":"SMITH"}],"neow_cost":"NONE","seed_source_timestamp":0,"circlet_count":0,"master_deck":["Defend_G+1","Defend_G","Defend_G+1","Strike_G","Strike_G","Strike_G","Strike_G","Strike_G","Survivor+1","Neutralize+1","Dagger Spray+1","Backflip+1","Backstab+1","Bouncing Flask+1","Blade Dance+1","Outmaneuver+1","Corpse Explosion+1","Cloak And Dagger+1","Dagger Spray+1","Adrenaline+1","Doppelganger","Blade Dance+1","Infinite Blades+1","Deadly Poison+1","Madness+1","Madness","Secret Technique+1","The Bomb","Violence"],"special_seed":0,"relics":["Ring of the Snake","PreservedInsect","Dream Catcher","Happy Flower","Potion Belt","Boot","Ectoplasm","Nloth\u0027s Gift","Snake Skull","Centennial Puzzle","Ancient Tea Set","Mercury Hourglass","Black Star","Bronze Scales","Oddly Smooth Stone","Lee\u0027s Waffle","Meat on the Bone","Kunai","Shuriken","FossilizedHelix","Ginger"],"potions_floor_usage":[33,36,41,50,50,50,50],"damage_taken":[{"damage":0.0,"enemies":"Small Slimes","floor":1.0,"turns":4.0},{"damage":0.0,"enemies":"Jaw Worm","floor":4.0,"turns":3.0},{"damage":0.0,"enemies":"Gremlin Nob","floor":6.0,"turns":3.0},{"damage":0.0,"enemies":"2 Louse","floor":7.0,"turns":2.0},{"damage":6.0,"enemies":"3 Sentries","floor":8.0,"turns":5.0},{"damage":5.0,"enemies":"Lots of Slimes","floor":12.0,"turns":3.0},{"damage":0.0,"enemies":"Gremlin Gang","floor":13.0,"turns":4.0},{"damage":0.0,"enemies":"Lagavulin","floor":14.0,"turns":3.0},{"damage":7,"enemies":"The Guardian","floor":16,"turns":7},{"damage":13,"enemies":"Shell Parasite","floor":18,"turns":4},{"damage":2,"enemies":"Spheric Guardian","floor":19,"turns":3},{"damage":0,"enemies":"Snecko","floor":20,"turns":4},{"damage":10,"enemies":"Centurion and Healer","floor":21,"turns":4},{"damage":6,"enemies":"Gremlin Leader","floor":23,"turns":4},{"damage":11,"enemies":"Snake Plant","floor":24,"turns":3},{"damage":1,"enemies":"Snecko","floor":28,"turns":3},{"damage":0,"enemies":"Book of Stabbing","floor":29,"turns":3},{"damage":13,"enemies":"Collector","floor":33,"turns":6},{"damage":0,"enemies":"3 Shapes","floor":35,"turns":4},{"damage":0,"enemies":"Orb Walker","floor":36,"turns":2},{"damage":2,"enemies":"Sphere and 2 Shapes","floor":37,"turns":3},{"damage":14,"enemies":"Writhing Mass","floor":38,"turns":5},{"damage":2,"enemies":"Jaw Worm Horde","floor":39,"turns":2},{"damage":22,"enemies":"Giant Head","floor":40,"turns":6},{"damage":6,"enemies":"Transient","floor":41,"turns":5},{"damage":24,"enemies":"Nemesis","floor":45,"turns":4},{"damage":10,"enemies":"Reptomancer","floor":48,"turns":3},{"damage":60,"enemies":"Time Eater","floor":50,"turns":7}],"seed_played":"-1944366392613038822","potions_obtained":[{"floor":1.0,"key":"AttackPotion"},{"floor":7.0,"key":"Fire Potion"},{"floor":8.0,"key":"Weak Potion"},{"floor":10.0,"key":"SpeedPotion"},{"floor":10.0,"key":"Fruit Juice"},{"floor":10.0,"key":"Regen Potion"},{"floor":13.0,"key":"Energy Potion"},{"floor":20,"key":"PowerPotion"},{"floor":21,"key":"EssenceOfSteel"},{"floor":23,"key":"Fire Potion"},{"floor":35,"key":"Swift Potion"},{"floor":36,"key":"FearPotion"},{"floor":45,"key":"Dexterity Potion"}],"is_trial":false,"path_per_floor":["M","?","?","M","T","E","M","E","T","?","R","M","M","E","R","B",null,"M","M","M","M","?","E","M","R","T","R","M","E","R","?","R","B",null,"M","M","M","M","M","E","M","$","T","?","E","R","?","E","R","B"],"character_chosen":"THE_SILENT","items_purchased":["Lee\u0027s Waffle"],"campfire_rested":0,"item_purchase_floors":[42],"current_hp_per_floor":[70,56,49,49,49,49,49,43,43,48,48,43,43,55,55,48,75,62,60,60,50,50,44,33,33,33,33,32,32,32,32,32,19,75,75,75,73,59,57,35,29,82,82,72,48,48,38,40,40,0],"gold":135,"neow_bonus":"REMOVE_CARD","is_prod":false,"is_daily":false,"chose_seed":false,"campfire_upgraded":8,"win_rate":0,"timestamp":1541776091,"path_taken":["M","?","?","M","?","E","M","E","T","?","R","?","?","E","R","BOSS","M","?","M","?","?","E","M","R","T","R","?","E","R","?","R","BOSS","M","M","?","M","M","E","M","$","T","?","E","R","?","E","R","BOSS"],"build_version":"2018-11-08","purchased_purges":1,"victory":false,"max_hp_per_floor":[70,70,70,70,70,70,70,70,70,75,75,75,75,75,75,75,75,75,75,75,75,75,75,75,75,75,75,75,75,75,75,75,75,75,75,75,75,75,75,75,75,82,82,82,82,82,82,82,82,82],"card_choices":[{"not_picked":["Slice","Underhanded Strike"],"picked":"Dagger Spray","floor":1.0},{"not_picked":["Caltrops","Outmaneuver"],"picked":"Backflip","floor":4.0},{"not_picked":["Masterful Stab","Finisher"],"picked":"Backstab","floor":6.0},{"not_picked":["Sucker Punch","Flying Knee"],"picked":"Bouncing Flask+1","floor":7.0},{"not_picked":["Acrobatics+1","Tools of the Trade"],"picked":"Blade Dance+1","floor":8.0},{"not_picked":["Flying Knee","Quick Slash"],"picked":"Outmaneuver+1","floor":12.0},{"not_picked":["Quick Slash","Bane","Flying Knee"],"picked":"SKIP","floor":13.0},{"not_picked":["Sucker Punch","Dagger Spray","Slice"],"picked":"SKIP","floor":14.0},{"not_picked":["Envenom","Glass Knife"],"picked":"Corpse Explosion+1","floor":16},{"not_picked":["Quick Slash","Dagger Spray","Endless Agony+1"],"picked":"SKIP","floor":18},{"not_picked":["Outmaneuver+1","Prepared+1"],"picked":"Cloak And Dagger+1","floor":19},{"not_picked":["Flechettes","Slice"],"picked":"Dagger Spray+1","floor":20},{"not_picked":["Finisher","Endless Agony","Predator+1"],"picked":"SKIP","floor":21},{"not_picked":["Burst","Concentrate+1"],"picked":"Adrenaline","floor":23},{"not_picked":["Outmaneuver+1","Slice","Eviscerate"],"picked":"SKIP","floor":24},{"not_picked":["Poisoned Stab","Bane","Prepared+1"],"picked":"SKIP","floor":28},{"not_picked":["Cloak And Dagger","Eviscerate","Slice"],"picked":"SKIP","floor":29},{"not_picked":["Burst","Unload"],"picked":"Doppelganger","floor":33},{"not_picked":["PiercingWail+1","Slice+1","Prepared"],"picked":"SKIP","floor":35},{"not_picked":["Dagger Spray","Masterful Stab","Deflect+1"],"picked":"SKIP","floor":36},{"not_picked":["Cloak And Dagger","PiercingWail","Slice"],"picked":"SKIP","floor":37},{"not_picked":["Eviscerate","Doppelganger"],"picked":"Blade Dance+1","floor":38},{"not_picked":["Acrobatics+1","Deflect+1"],"picked":"Infinite Blades+1","floor":39},{"not_picked":["Bane","Underhanded Strike","Tools of the Trade"],"picked":"SKIP","floor":40},{"not_picked":["Corpse Explosion","Terror"],"picked":"Deadly Poison+1","floor":41},{"not_picked":["Bouncing Flask","Adrenaline","Dagger Spray"],"picked":"SKIP","floor":45},{"not_picked":["Forethought","Jack Of All Trades"],"picked":"Secret Technique","floor":47},{"not_picked":["Enlightenment","Madness"],"picked":"The Bomb","floor":47},{"not_picked":["Jack Of All Trades","Swift Strike"],"picked":"Violence","floor":47},{"not_picked":["Backflip","Tools of the Trade","Slice"],"picked":"SKIP","floor":48}],"player_experience":820180,"relics_obtained":[{"floor":5.0,"key":"Toxic Egg 2"},{"floor":6.0,"key":"Dream Catcher"},{"floor":8.0,"key":"Happy Flower"},{"floor":9.0,"key":"Potion Belt"},{"floor":14.0,"key":"Boot"},{"floor":23,"key":"Snake Skull"},{"floor":26,"key":"Centennial Puzzle"},{"floor":29,"key":"Ancient Tea Set"},{"floor":31,"key":"Mercury Hourglass"},{"floor":40,"key":"Bronze Scales"},{"floor":40,"key":"Oddly Smooth Stone"},{"floor":43,"key":"Meat on the Bone"},{"floor":45,"key":"Kunai"},{"floor":45,"key":"Shuriken"},{"floor":48,"key":"FossilizedHelix"},{"floor":48,"key":"Ginger"}],"event_choices":[{"damage_healed":0.0,"max_hp_gain":0.0,"max_hp_loss":0.0,"gold_gain":0.0,"event_name":"Shining Light","player_choice":"Entered Light","floor":2.0,"gold_loss":0.0,"damage_taken":14.0,"cards_upgraded":["Defend_G","Dagger Spray"]},{"damage_healed":0.0,"max_hp_gain":0.0,"max_hp_loss":0.0,"gold_gain":0.0,"event_name":"Scrap Ooze","player_choice":"Success","floor":3.0,"gold_loss":0.0,"damage_taken":7.0,"relics_obtained":["PreservedInsect"]},{"damage_healed":0.0,"max_hp_gain":0.0,"max_hp_loss":0.0,"gold_gain":0.0,"event_name":"The Woman in Blue","player_choice":"Bought 3 Potions","floor":10.0,"gold_loss":0.0,"damage_taken":0.0},{"damage_healed":0,"gold_gain":0,"player_choice":"Traded Relic","damage_taken":0,"relics_obtained":["Nloth\u0027s Gift"],"max_hp_gain":0,"max_hp_loss":0,"event_name":"N\u0027loth","floor":22,"relics_lost":["Toxic Egg 2"],"gold_loss":0},{"damage_healed":0,"gold_gain":0,"player_choice":"Relic","damage_taken":0,"max_hp_gain":0,"max_hp_loss":0,"event_name":"Wheel of Change","floor":31,"gold_loss":0},{"damage_healed":0,"gold_gain":0,"player_choice":"Embrace Madness","damage_taken":10,"max_hp_gain":0,"max_hp_loss":0,"event_name":"Winding Halls","floor":44,"gold_loss":0,"cards_obtained":["Madness","Madness"]},{"damage_healed":0,"gold_gain":0,"player_choice":"Memory 3","damage_taken":10,"max_hp_gain":0,"max_hp_loss":0,"event_name":"SensoryStone","floor":47,"gold_loss":0}],"is_beta":false,"boss_relics":[{"not_picked":["Tiny House","Orrery"],"picked":"Ectoplasm"},{"not_picked":["Runic Pyramid","Fusion Hammer"],"picked":"Black Star"}],"items_purged_floors":[42],"is_endless":false,"potions_floor_spawned":[1,7,8,13,20,21,23,28,35,36,38,40,45],"killed_by":"Time Eater","ascension_level":0}