{"path_per_floor":["M","?","?","M","$","M","?","R","T","$","M","M","$","M","R","B",null,"M","M","?","$","M","R","M","R","T","M","M","$","R","M","R","B",null,"M","M","M","$","?","E","R","M","T","M","R","?","R","M","R"],"character_chosen":"THE_SILENT","items_purchased":["Blur","Crippling Poison","Footwork","Dagger Throw","Envenom","Footwork","Poisoned Stab"],"gold_per_floor":[112,112,112,124,44,62,117,117,117,39,56,75,37,54,54,150,150,168,183,183,86,100,100,120,120,147,166,184,25,25,37,37,134,134,154,165,178,73,73,105,105,123,123,136,136,0,0,11,11],"floor_reached":50,"campfire_rested":4,"playtime":8331,"current_hp_per_floor":[76,61,61,61,61,61,53,53,53,53,53,52,52,48,71,31,77,76,56,56,56,55,55,51,51,51,41,48,48,48,48,77,32,77,43,43,39,39,58,53,53,29,29,41,77,77,77,59,77],"items_purged":["Strike_G"],"gold":11,"play_id":"5cb9620b-8b2e-4ba8-97d3-c7a9d890a5ba","is_prod":false,"is_daily":false,"is_ascension_mode":false,"campfire_upgraded":6,"path_taken":["M","?","?","?","?","M","?","R","T","$","M","M","?","M","R","BOSS","M","M","?","$","M","R","M","R","T","M","M","$","R","M","R","BOSS","M","M","M","$","?","E","R","M","T","M","R","?","R","M","R","BOSS"],"build_version":"2018-02-01-PROD3","purchased_purges":1,"victory":false,"master_deck":["Defend_G","Defend_G","Defend_G","Defend_G","Defend_G","Strike_G","Strike_G","Strike_G","Strike_G","Survivor+1","Neutralize+1","Quick Slash","Blur","Blur+1","Well Laid Plans","Poisoned Stab","Crippling Poison","Backflip","Deflect","Footwork+1","Acrobatics","After Image","Deadly Poison+1","Deflect","Dagger Throw","Slice+1","Prepared+1","Deflect+1","Backflip+1","Envenom+1","Backflip+1","Night Terror+1","Acrobatics+1","Slice+1","Blur+1","Footwork","Poisoned Stab","Writhe","Corpse Explosion+1","Deadly Poison"],"max_hp_per_floor":[77,77,77,77,77,77,77,77,77,77,77,77,77,77,77,77,77,77,77,77,77,77,77,77,77,77,77,77,77,77,77,77,77,77,77,77,77,77,77,77,77,77,77,77,77,77,77,77,77],"relics":["Ring of the Snake","Meat on the Bone","Bag of Marbles","The Specimen","Regal Pillow","Anchor","Sozu","Snake Skull","Frozen Eye","Red Mask"],"card_choices":[{"not_picked":["Finisher","Bane"],"picked":"Quick Slash"},{"not_picked":["Dodge and Roll","Dash"],"picked":"Blur"},{"not_picked":["Finisher","Heel Hook"],"picked":"Well Laid Plans"},{"not_picked":["Sucker Punch","Catalyst"],"picked":"Poisoned Stab"},{"not_picked":["Calculated Gamble","Escape Plan"],"picked":"Backflip"},{"not_picked":["Backflip","Leg Sweep"],"picked":"Deflect"},{"not_picked":["Sucker Punch","Quick Slash"],"picked":"Acrobatics"},{"not_picked":["Night Terror","Adrenaline"],"picked":"After Image"},{"not_picked":["Acrobatics","Sucker Punch"],"picked":"Deadly Poison"},{"not_picked":["Skewer","PiercingWail"],"picked":"Deflect"},{"not_picked":["Riddle With Holes","Quick Slash"],"picked":"Slice"},{"not_picked":["Masterful Stab","Acrobatics"],"picked":"Prepared"},{"not_picked":["Finisher","Backflip"],"picked":"Deflect"},{"not_picked":["Prepared","Deflect"],"picked":"Backflip"},{"not_picked":["Slice","Bane"],"picked":"Backflip"},{"not_picked":["Unload","Tools of the Trade"],"picked":"Night Terror"},{"not_picked":["PiercingWail","Dodge and Roll"],"picked":"Acrobatics"},{"not_picked":["All Out Attack","Prepared"],"picked":"Slice"},{"not_picked":["Escape Plan","Dagger Spray"],"picked":"Blur"},{"not_picked":["Blade Dance","Riddle With Holes"],"picked":"Corpse Explosion"},{"not_picked":["PiercingWail","Dagger Spray"],"picked":"Deadly Poison"}],"player_experience":30391,"potions_floor_usage":[16,16,16,33],"damage_taken":[{"damage":1,"enemies":"Cultist","floor":1,"turns":4},{"damage":0,"enemies":"2 Louse","floor":4,"turns":4},{"damage":0,"enemies":"Blue Slaver","floor":6,"turns":5},{"damage":8,"enemies":"3 Sentries","floor":7,"turns":15},{"damage":0,"enemies":"2 Fungi Beasts","floor":11,"turns":4},{"damage":1,"enemies":"Large Slime","floor":12,"turns":8},{"damage":4,"enemies":"Exordium Thugs","floor":14,"turns":8},{"damage":67,"enemies":"Hexaghost","floor":16,"turns":22},{"damage":1,"enemies":"Spheric Guardian","floor":18,"turns":8},{"damage":20,"enemies":"3 Byrds","floor":19,"turns":9},{"damage":1,"enemies":"Snake Plant","floor":22,"turns":8},{"damage":4,"enemies":"Snecko","floor":24,"turns":11},{"damage":22,"enemies":"3 Cultists","floor":27,"turns":9},{"damage":5,"enemies":"Snake Plant","floor":28,"turns":6},{"damage":0,"enemies":"Slaver and Parasite","floor":31,"turns":8},{"damage":57,"enemies":"Automaton","floor":33,"turns":20},{"damage":34,"enemies":"3 Darklings","floor":35,"turns":11},{"damage":0,"enemies":"3 Shapes","floor":36,"turns":10},{"damage":16,"enemies":"Maw","floor":37,"turns":12},{"damage":5,"enemies":"Giant Head","floor":40,"turns":15},{"damage":36,"enemies":"Sphere and 2 Shapes","floor":42,"turns":8},{"damage":0,"enemies":"3 Darklings","floor":44,"turns":8},{"damage":18,"enemies":"4 Shapes","floor":48,"turns":4},{"damage":87,"enemies":"Awakened One","floor":50,"turns":5}],"event_choices":[{"event_name":"Shining Light","player_choice":"Entered Light","floor":2,"damage_taken":0},{"event_name":"Golden Idol","player_choice":"Ignored","floor":3,"damage_taken":0},{"event_name":"Dead Adventurer","player_choice":"Searched \u00273\u0027 times","floor":7,"damage_taken":0},{"event_name":"The Mausoleum","player_choice":"Yes","floor":20,"damage_taken":0},{"event_name":"Winding Halls","player_choice":"Writhe","floor":39,"damage_taken":0},{"event_name":"Tomb of Lord Red Mask","player_choice":"Paid","floor":46,"damage_taken":0}],"boss_relics":[{"not_picked":["Runic Dome","Calling Bell"],"picked":"The Specimen"},{"not_picked":["Philosopher\u0027s Stone","Astrolabe"],"picked":"Sozu"}],"potions_floor_spawned":[1,4,6,7,24,27,33,42,44],"seed_played":"-601754311385164120","killed_by":"Awakened One","ascension_level":0,"is_trial":false}