{"gold_per_floor":[117,131,146,47,47,47,47,74,74,74,74,74,74,86,86,190,190,201,219,237,253,76,76,76,96,143,43,43,43,19,19,19,19],"floor_reached":33,"playtime":1491,"items_purged":["Strike_B","Recycle"],"score":292,"play_id":"fcda3ae7-6ca2-40f3-8847-6184296ab47d","local_time":"20181111003001","is_ascension_mode":true,"campfire_choices":[{"data":"Capacitor","floor":6,"key":"SMITH"},{"data":"Redo","floor":10,"key":"SMITH"},{"data":"Zap","floor":13,"key":"SMITH"},{"data":"Coolheaded","floor":15,"key":"SMITH"},{"floor":23,"key":"REST"},{"data":"Defragment","floor":29,"key":"SMITH"},{"floor":32,"key":"REST"}],"neow_cost":"NONE","seed_source_timestamp":621756827788657,"circlet_count":0,"master_deck":["Defend_B","Defend_B","Defend_B","Zap+1","Dualcast","Capacitor+1","Self Repair","Redo+1","Cold Snap","Leap","Cold Snap","Coolheaded+1","Core Surge","Redo","Blizzard+1","Ball Lightning","Turbo","Defragment+1","Sunder","Beam Cell","Barrage","Writhe","Stack"],"relics":["Cracked Core","NeowsBlessing","Kunai","Letter Opener","White Beast Statue","Potion Belt","Thread and Needle","Nilry\u0027s Codex"],"potions_floor_usage":[18,21,25,25,33,33],"damage_taken":[{"damage":0,"enemies":"Cultist","floor":1,"turns":1},{"damage":0,"enemies":"2 Louse","floor":2,"turns":1},{"damage":0,"enemies":"Small Slimes","floor":3,"turns":1},{"damage":46,"enemies":"Lagavulin","floor":8,"turns":8},{"damage":2,"enemies":"Looter","floor":14,"turns":3},{"damage":15,"enemies":"Hexaghost","floor":16,"turns":15},{"damage":20,"enemies":"2 Thieves","floor":18,"turns":4},{"damage":9,"enemies":"Spheric Guardian","floor":19,"turns":6},{"damage":35,"enemies":"Shelled Parasite and Fungi","floor":20,"turns":7},{"damage":37,"enemies":"Snake Plant","floor":21,"turns":6},{"damage":0,"enemies":"Cultist and Chosen","floor":25,"turns":6},{"damage":60,"enemies":"Collector","floor":33,"turns":9}],"seed_played":"-3159077534777848789","potions_obtained":[{"floor":1,"key":"Fire Potion"},{"floor":18,"key":"EssenceOfSteel"},{"floor":19,"key":"SkillPotion"},{"floor":20,"key":"Regen Potion"},{"floor":21,"key":"Dexterity Potion"},{"floor":25,"key":"Explosive Potion"}],"is_trial":false,"path_per_floor":["M","M","M","$","?","R","$","E","T","R","?","?","R","M","R","B",null,"M","M","M","M","$","R","?","M","T","$","?","R","$","?","R","B"],"character_chosen":"DEFECT","items_purchased":["Redo","Cold Snap","Defragment","Sunder","Stack"],"campfire_rested":2,"item_purchase_floors":[4,4,22,22,30],"current_hp_per_floor":[75,75,75,75,75,75,75,36,36,36,36,36,36,41,41,33,75,62,60,32,17,17,39,39,46,46,46,46,46,46,30,52,0],"gold":19,"neow_bonus":"THREE_ENEMY_KILL","is_prod":false,"is_daily":false,"chose_seed":false,"campfire_upgraded":5,"win_rate":0,"timestamp":1541914201,"path_taken":["M","?","M","$","?","R","?","E","T","R","?","?","R","?","R","BOSS","M","?","M","M","$","R","?","M","T","$","?","R","?","?","R","BOSS"],"build_version":"2018-11-08","purchased_purges":2,"victory":false,"max_hp_per_floor":[75,75,75,75,75,75,75,75,75,75,75,75,75,75,75,75,75,75,75,75,75,75,75,75,75,75,75,75,75,75,75,75,75],"card_choices":[{"not_picked":["Cold Snap","Go for the Eyes"],"picked":"Capacitor","floor":1},{"not_picked":["Turbo","Steam","Consume"],"picked":"SKIP","floor":2},{"not_picked":["Beam Cell","Compile Driver"],"picked":"Self Repair","floor":3},{"not_picked":["Stack","Streamline"],"picked":"Cold Snap","floor":8},{"not_picked":["Static Discharge","Scrape"],"picked":"Coolheaded","floor":14},{"not_picked":["Hyperbeam","Machine Learning"],"picked":"Core Surge","floor":16},{"not_picked":["Cold Snap","Stack+1"],"picked":"Redo","floor":18},{"not_picked":["Hologram","Double Energy"],"picked":"Blizzard+1","floor":19},{"not_picked":["Sweeping Beam","Go for the Eyes"],"picked":"Ball Lightning","floor":20},{"not_picked":["Go for the Eyes+1","Hologram"],"picked":"Turbo","floor":21},{"not_picked":["Leap+1","Stack"],"picked":"Barrage","floor":25}],"player_experience":794777,"relics_obtained":[{"floor":8,"key":"Kunai"},{"floor":9,"key":"Letter Opener"},{"floor":26,"key":"Potion Belt"},{"floor":31,"key":"Nilry\u0027s Codex"}],"event_choices":[{"damage_healed":0,"gold_gain":0,"cards_transformed":["Strike_B"],"player_choice":"Transformed","damage_taken":0,"max_hp_gain":0,"max_hp_loss":0,"event_name":"Transmorgrifier","floor":5,"gold_loss":0,"cards_obtained":["Leap"]},{"damage_healed":0,"gold_gain":0,"player_choice":"Searched \u00271\u0027 times","damage_taken":0,"max_hp_gain":0,"max_hp_loss":0,"event_name":"Dead Adventurer","floor":11,"gold_loss":0},{"cards_removed":["Strike_B"],"damage_healed":0,"gold_gain":0,"player_choice":"Purged","damage_taken":0,"max_hp_gain":0,"max_hp_loss":0,"event_name":"Purifier","floor":12,"gold_loss":0},{"damage_healed":0,"gold_gain":0,"cards_transformed":["Strike_B","Defend_B"],"player_choice":"Became Test Subject","damage_taken":0,"max_hp_gain":0,"max_hp_loss":0,"event_name":"Drug Dealer","floor":24,"gold_loss":0,"cards_obtained":["Beam Cell","Recycle"]},{"damage_healed":0,"gold_gain":0,"player_choice":"Opened","damage_taken":0,"relics_obtained":["Thread and Needle"],"max_hp_gain":0,"max_hp_loss":0,"event_name":"The Mausoleum","floor":28,"gold_loss":0,"cards_obtained":["Writhe"]},{"damage_healed":0,"gold_gain":0,"player_choice":"Obtained Book","damage_taken":16,"max_hp_gain":0,"max_hp_loss":0,"event_name":"Cursed Tome","floor":31,"gold_loss":0}],"is_beta":false,"boss_relics":[{"not_picked":["Eternal Feather","Ectoplasm"],"picked":"White Beast Statue"}],"items_purged_floors":[22,27],"is_endless":false,"potions_floor_spawned":[1,18,19,20,21,25],"killed_by":"Collector","ascension_level":4}