{"path_per_floor":["M","M","M","T","$","R","E","?","T","R","M","?","T","?","R","B",null,"M","?","$","?","M","R","M","M","T","E","R","$","?","M","R","B",null,"M","M","M","$","M","R","?","M","T","R","M","$","M","$","R","B"],"character_chosen":"IRONCLAD","items_purchased":["Flash of Steel","Corruption","Finesse"],"gold_per_floor":[117,134,151,222,39,39,69,69,69,69,79,29,29,29,29,130,130,141,141,91,6,24,24,36,48,48,74,74,24,24,43,43,138,138,157,177,188,33,46,46,46,66,66,66,86,36,50,0,0,0],"floor_reached":51,"campfire_rested":3,"playtime":2739,"current_hp_per_floor":[80,80,80,80,80,80,46,46,46,46,43,43,43,43,67,21,80,80,80,80,80,80,80,67,73,73,68,68,68,68,73,73,80,80,80,80,80,80,80,80,80,23,23,47,57,57,67,67,80,51],"items_purged":["Immolate","Limit Break","Bash","Defend_R","Corruption"],"gold":0,"score":955,"play_id":"189f1aab-b4b5-4092-9b70-bd2475f979a0","local_time":"20180327000530","is_prod":false,"is_daily":false,"is_ascension_mode":true,"campfire_upgraded":6,"timestamp":1522123530,"path_taken":["M","M","?","?","$","R","E","?","T","R","M","?","?","?","R","BOSS","M","?","$","?","M","R","?","M","T","E","R","$","?","M","R","BOSS","M","M","M","$","?","R","?","M","T","R","M","$","?","$","R","BOSS"],"build_version":"2018-03-22v2","purchased_purges":5,"victory":true,"master_deck":["Defend_R","Defend_R","Defend_R","Pommel Strike+1","True Grit+1","Flash of Steel+1","Corruption+1","Dark Embrace+1","Dual Wield+1","Shrug It Off+1","Finesse+1"],"max_hp_per_floor":[80,80,80,80,80,80,80,80,80,80,80,80,80,80,80,80,80,80,80,80,80,80,80,80,80,80,80,80,80,80,80,80,80,80,80,80,80,80,80,80,80,80,80,80,80,80,80,80,80,80],"relics":["Black Blood","NeowsBlessing","Pantograph","Toolbox","Smiling Mask","Prayer Wheel","Astrolabe","Meat on the Bone","Ice Cream","Sundial","Pen Nib"],"card_choices":[{"not_picked":["Twin Strike","Pommel Strike"],"picked":"Limit Break","floor":1},{"not_picked":["Body Slam","Thunderclap"],"picked":"Pommel Strike","floor":2},{"not_picked":["Sword Boomerang","Pommel Strike"],"picked":"True Grit","floor":3},{"not_picked":["Heavy Blade","Shockwave"],"picked":"Immolate","floor":11},{"not_picked":["Exhume","Brutality"],"picked":"Dark Embrace","floor":16}],"player_experience":360138,"potions_floor_usage":[16,36,42,50,50,50],"damage_taken":[{"damage":0,"enemies":"Cultist","floor":1,"turns":1},{"damage":0,"enemies":"Jaw Worm","floor":2,"turns":1},{"damage":0,"enemies":"Small Slimes","floor":3,"turns":1},{"damage":40,"enemies":"Gremlin Nob","floor":7,"turns":5},{"damage":9,"enemies":"3 Louse","floor":11,"turns":3},{"damage":65,"enemies":"Hexaghost","floor":16,"turns":9},{"damage":0,"enemies":"Spheric Guardian","floor":18,"turns":3},{"damage":4,"enemies":"Chosen","floor":22,"turns":4},{"damage":19,"enemies":"Sentry and Sphere","floor":24,"turns":4},{"damage":0,"enemies":"3 Cultists","floor":25,"turns":2},{"damage":11,"enemies":"Slavers","floor":27,"turns":2},{"damage":1,"enemies":"Slaver and Parasite","floor":31,"turns":2},{"damage":0,"enemies":"Champ","floor":33,"turns":1},{"damage":0,"enemies":"Orb Walker","floor":35,"turns":1},{"damage":0,"enemies":"3 Shapes","floor":36,"turns":1},{"damage":3,"enemies":"3 Darklings","floor":37,"turns":2},{"damage":6,"enemies":"Sphere and 2 Shapes","floor":39,"turns":2},{"damage":79,"enemies":"4 Shapes","floor":42,"turns":4},{"damage":0,"enemies":"Maw","floor":45,"turns":1},{"damage":0,"enemies":"3 Darklings","floor":47,"turns":2},{"damage":49,"enemies":"Awakened One","floor":50,"turns":4}],"event_choices":[{"event_name":"Upgrade Shrine","player_choice":"Upgraded","floor":8,"damage_taken":0},{"event_name":"The Cleric","player_choice":"Card Removal","floor":12,"damage_taken":0},{"event_name":"Living Wall","player_choice":"Forget","floor":14,"damage_taken":0},{"event_name":"Vampires","player_choice":"Ignored","floor":19,"damage_taken":0},{"event_name":"Addict","player_choice":"Obtained Relic","floor":21,"damage_taken":0},{"event_name":"The Mausoleum","player_choice":"No","floor":30,"damage_taken":0},{"event_name":"Tomb of Lord Red Mask","player_choice":"Ignored","floor":41,"damage_taken":0}],"boss_relics":[{"not_picked":["Calling Bell","Snecko Eye"],"picked":"Astrolabe"},{"not_picked":["Cursed Key","Mark of Pain"],"picked":"Black Blood"}],"potions_floor_spawned":[2,11,16,27,31,33,36,42,45,47],"seed_played":"-6706071816992386515","ascension_level":4,"is_trial":false}