{"gold_per_floor":[114,129,129,143,143,143,161,161,161,179,179,179,61,89,89,184,184,199,219,219,230,250,250,284,396,408,435,461,473,129,129,129,226,226,244,244,261,65,76,76,0,100,124,138,153,153,180,192,192,192],"floor_reached":50,"playtime":4140,"items_purged":[],"score":544,"play_id":"2a7b3e87-b0a3-4ba1-bf3d-0a9c0086a029","local_time":"20190302185924","is_ascension_mode":true,"campfire_choices":[{"data":"Genetic Algorithm","floor":6.0,"key":"SMITH"},{"data":"Panacea","floor":8.0,"key":"SMITH"},{"data":"Leap","floor":12.0,"key":"SMITH"},{"data":"Ball Lightning","floor":15.0,"key":"SMITH"},{"floor":23.0,"key":"RECALL"},{"floor":29.0,"key":"REST"},{"floor":32.0,"key":"REST"},{"floor":40,"key":"REST"},{"floor":46,"key":"REST"},{"floor":49,"key":"REST"}],"neow_cost":"NONE","seed_source_timestamp":279929380416799,"circlet_count":0,"master_deck":["Strike_B","Strike_B","Strike_B","Strike_B","Defend_B","Defend_B","Defend_B","Defend_B","Zap","Dualcast","Panacea+1","Beam Cell","Ball Lightning+1","Genetic Algorithm+1","Sweeping Beam+1","Leap+1","Lockon+1","Cold Snap+1","Fission","Sunder+1","Cold Snap+1","Stack","Go for the Eyes+1","Streamline+1","Loop+1","Go for the Eyes+1","All For One+1","Panacea+1","RitualDagger+1","Seek","Steam","Bandage Up","Steam+1","Parasite","Self Repair+1","Barrage+1","Doom and Gloom+1","Doom and Gloom+1","Redo"],"special_seed":0,"relics":["Cracked Core","Molten Egg 2","Oddly Smooth Stone","Regal Pillow","Lizard Tail","MawBank","Kunai","DollysMirror","Pen Nib","Black Star","Sling","Red Mask","Bird Faced Urn","Frozen Egg 2","Ornamental Fan"],"potions_floor_usage":[33,39,44,47,50],"damage_taken":[{"damage":5.0,"enemies":"2 Louse","floor":1.0,"turns":2.0},{"damage":0.0,"enemies":"Cultist","floor":2.0,"turns":4.0},{"damage":0.0,"enemies":"Small Slimes","floor":4.0,"turns":2.0},{"damage":2.0,"enemies":"Blue Slaver","floor":7.0,"turns":2.0},{"damage":0.0,"enemies":"2 Fungi Beasts","floor":10.0,"turns":2.0},{"damage":5.0,"enemies":"Gremlin Nob","floor":14.0,"turns":4.0},{"damage":9.0,"enemies":"Slime Boss","floor":16.0,"turns":7.0},{"damage":2.0,"enemies":"Chosen","floor":18.0,"turns":4.0},{"damage":10.0,"enemies":"3 Byrds","floor":19.0,"turns":4.0},{"damage":21.0,"enemies":"Snake Plant","floor":21.0,"turns":4.0},{"damage":14.0,"enemies":"Shelled Parasite and Fungi","floor":22.0,"turns":9.0},{"damage":31.0,"enemies":"Slavers","floor":24.0,"turns":5.0},{"damage":12.0,"enemies":"3 Cultists","floor":27.0,"turns":4.0},{"damage":0.0,"enemies":"Snecko","floor":28.0,"turns":3.0},{"damage":46,"enemies":"Automaton","floor":33,"turns":14},{"damage":5,"enemies":"3 Shapes","floor":35,"turns":7},{"damage":2,"enemies":"3 Darklings","floor":37,"turns":5},{"damage":28,"enemies":"Writhing Mass","floor":39,"turns":9},{"damage":1,"enemies":"Mind Bloom Boss Battle","floor":42,"turns":9},{"damage":4,"enemies":"4 Shapes","floor":44,"turns":12},{"damage":39,"enemies":"Jaw Worm Horde","floor":45,"turns":7},{"damage":52,"enemies":"Reptomancer","floor":47,"turns":9},{"damage":12,"enemies":"Spire Growth","floor":48,"turns":4},{"damage":88,"enemies":"Time Eater","floor":50,"turns":10}],"seed_played":"-7828325685809962694","potions_obtained":[{"floor":2.0,"key":"GamblersBrew"},{"floor":14.0,"key":"Weak Potion"},{"floor":16.0,"key":"Fire Potion"},{"floor":18.0,"key":"Ancient Potion"},{"floor":19.0,"key":"LiquidBronze"},{"floor":27.0,"key":"Energy Potion"},{"floor":35,"key":"SteroidPotion"},{"floor":42,"key":"Swift Potion"},{"floor":44,"key":"Energy Potion"},{"floor":45,"key":"GamblersBrew"}],"is_trial":false,"path_per_floor":["M","M","?","M","?","R","M","R","T","M","$","R","$","E","R","B",null,"M","M","?","M","M","R","E","?","T","M","M","R","$","?","R","B",null,"M","?","M","$","M","R","?","?","T","M","M","R","E","M","R","B"],"character_chosen":"DEFECT","items_purchased":["Block Potion","Lockon+1","DollysMirror","Pen Nib","Sling"],"campfire_rested":5,"item_purchase_floors":[13,13,30,30,38],"current_hp_per_floor":[70,70,58,58,58,58,56,56,56,56,56,56,56,51,51,42,75,73,63,63,42,28,28,37,37,37,25,25,62,62,56,75,29,75,70,70,72,72,48,75,75,74,74,75,40,75,37,37,74,0],"gold":192,"neow_bonus":"RANDOM_COLORLESS","is_prod":false,"is_daily":false,"chose_seed":false,"campfire_upgraded":4,"win_rate":0,"timestamp":1551549564,"path_taken":["M","M","?","M","?","R","M","R","T","M","$","R","$","E","R","BOSS","M","M","?","M","M","R","E","?","T","M","?","R","$","?","R","BOSS","M","?","M","$","M","R","?","?","T","?","M","R","E","M","R","BOSS"],"build_version":"2019-01-23","purchased_purges":0,"victory":false,"max_hp_per_floor":[75,75,75,75,75,75,75,75,75,75,75,75,75,75,75,75,75,75,75,75,75,75,75,75,75,75,75,75,75,75,75,75,75,75,75,75,75,75,75,75,75,75,75,75,75,75,75,75,75,75],"card_choices":[{"not_picked":["Defragment","Compile Driver"],"picked":"Beam Cell","floor":1.0},{"not_picked":["Redo","Rebound"],"picked":"Ball Lightning","floor":2.0},{"not_picked":["Reprogram","Tempest"],"picked":"Genetic Algorithm","floor":4.0},{"not_picked":["Rebound+1","Tempest"],"picked":"Sweeping Beam+1","floor":7.0},{"not_picked":["BootSequence","Coolheaded"],"picked":"Leap","floor":10.0},{"not_picked":["Darkness","Reprogram"],"picked":"Cold Snap+1","floor":14.0},{"not_picked":["Biased Cognition","Buffer"],"picked":"Fission","floor":16.0},{"not_picked":["Loop","Auto Shields"],"picked":"Sunder+1","floor":18.0},{"not_picked":["Undo","BootSequence+1"],"picked":"Cold Snap+1","floor":19.0},{"not_picked":["Conserve Battery","Defragment"],"picked":"Go for the Eyes+1","floor":21.0},{"not_picked":["Compile Driver+1","Turbo"],"picked":"Streamline+1","floor":22.0},{"not_picked":["Go for the Eyes+1","Cold Snap+1"],"picked":"Loop+1","floor":24.0},{"not_picked":["Sunder+1","Streamline+1"],"picked":"Go for the Eyes+1","floor":27.0},{"not_picked":["Turbo","Cold Snap+1"],"picked":"All For One+1","floor":28.0},{"not_picked":["All For One+1","Thunder Strike+1"],"picked":"Seek","floor":33},{"not_picked":["Ball Lightning+1","Streamline+1"],"picked":"Steam","floor":35},{"not_picked":["Thinking Ahead","Impatience"],"picked":"Bandage Up","floor":36},{"not_picked":["Hologram+1","Recycle"],"picked":"Steam+1","floor":37},{"not_picked":["Steam+1","Force Field+1"],"picked":"Self Repair+1","floor":39},{"not_picked":["Coolheaded+1","Gash+1"],"picked":"Barrage+1","floor":42},{"not_picked":["Go for the Eyes+1","Leap","Fusion"],"picked":"SKIP","floor":44},{"not_picked":["Ball Lightning+1","Coolheaded+1"],"picked":"Doom and Gloom+1","floor":45},{"not_picked":["Scrape+1","Cold Snap+1"],"picked":"Doom and Gloom+1","floor":47},{"not_picked":["Rebound+1","Compile Driver+1"],"picked":"Redo","floor":48}],"player_experience":520596,"relics_obtained":[{"floor":9.0,"key":"Oddly Smooth Stone"},{"floor":14.0,"key":"Regal Pillow"},{"floor":24.0,"key":"MawBank"},{"floor":26.0,"key":"Kunai"},{"floor":42,"key":"Bird Faced Urn"},{"floor":47,"key":"Frozen Egg 2"},{"floor":47,"key":"Ornamental Fan"}],"event_choices":[{"damage_healed":0.0,"max_hp_gain":0.0,"max_hp_loss":0.0,"gold_gain":0.0,"event_name":"Scrap Ooze","player_choice":"Success","floor":3.0,"gold_loss":0.0,"damage_taken":12.0,"relics_obtained":["Molten Egg 2"]},{"damage_healed":0.0,"max_hp_gain":0.0,"max_hp_loss":0.0,"gold_gain":0.0,"event_name":"Golden Wing","player_choice":"Ignored","floor":5.0,"gold_loss":0.0,"damage_taken":0.0},{"damage_healed":0.0,"max_hp_gain":0.0,"max_hp_loss":0.0,"gold_gain":0.0,"event_name":"The Library","player_choice":"Read","floor":20.0,"gold_loss":0.0,"damage_taken":0.0,"cards_obtained":["Stack"]},{"damage_healed":0.0,"max_hp_gain":0.0,"max_hp_loss":0.0,"gold_gain":100.0,"event_name":"Golden Shrine","player_choice":"Pray","floor":25.0,"gold_loss":0.0,"damage_taken":0.0},{"damage_healed":0.0,"max_hp_gain":0.0,"max_hp_loss":0.0,"gold_gain":0.0,"event_name":"Nest","player_choice":"Joined the Cult","floor":31.0,"gold_loss":0.0,"damage_taken":6.0,"cards_obtained":["RitualDagger"]},{"damage_healed":0,"gold_gain":0,"player_choice":"Memory 1","damage_taken":0,"max_hp_gain":0,"max_hp_loss":0,"event_name":"SensoryStone","floor":36,"gold_loss":0},{"damage_healed":0,"gold_gain":0,"player_choice":"Paid","damage_taken":0,"relics_obtained":["Red Mask"],"max_hp_gain":0,"max_hp_loss":0,"event_name":"Tomb of Lord Red Mask","floor":41,"gold_loss":76},{"damage_healed":0,"gold_gain":0,"player_choice":"Fight","damage_taken":0,"max_hp_gain":0,"max_hp_loss":0,"event_name":"MindBloom","floor":42,"gold_loss":0}],"is_beta":false,"boss_relics":[{"not_picked":["Fusion Hammer","White Beast Statue"],"picked":"Lizard Tail"},{"not_picked":["Astrolabe","Sozu"],"picked":"Black Star"}],"items_purged_floors":[],"is_endless":false,"potions_floor_spawned":[2,14,16,18,19,27,35,42,44,45],"killed_by":"Time Eater","ascension_level":1}