{"gold_per_floor":[119,219,239,250,260,289,289,315,366,366,398,23,23,41,41,115,115,129,129,129,228,79,79,79],"floor_reached":24,"playtime":1719,"items_purged":["Strike_B","Strike_B"],"score":350,"play_id":"713be8c1-87c2-4f25-a7ed-acc19f9bd7d5","local_time":"20190220224024","is_ascension_mode":true,"campfire_choices":[{"floor":7,"key":"REST"},{"floor":10,"key":"REST"},{"floor":13,"key":"REST"},{"floor":15,"key":"REST"},{"floor":23,"key":"REST"}],"neow_cost":"NONE","seed_source_timestamp":36269696216200,"circlet_count":0,"master_deck":["AscendersBane","Defend_B","Defend_B","Defend_B","Defend_B","Zap","Dualcast","Conserve Battery","Gash","Cold Snap","Capacitor","Go for the Eyes","FTL","Core Surge","Coolheaded","Melter","Self Repair+1","Necronomicurse"],"relics":["Cracked Core","NeowsBlessing","Blue Candle","Darkstone Periapt","Oddly Smooth Stone","Pen Nib","Frozen Egg 2","Inserter","Necronomicon"],"potions_floor_usage":[5,11,16,16,24],"damage_taken":[{"damage":0,"enemies":"Jaw Worm","floor":1,"turns":1},{"damage":0,"enemies":"Cultist","floor":3,"turns":1},{"damage":0,"enemies":"Small Slimes","floor":4,"turns":1},{"damage":0,"enemies":"3 Louse","floor":5,"turns":2},{"damage":32,"enemies":"Gremlin Nob","floor":6,"turns":5},{"damage":37,"enemies":"3 Sentries","floor":8,"turns":9},{"damage":29,"enemies":"Lagavulin","floor":11,"turns":7},{"damage":0,"enemies":"Blue Slaver","floor":14,"turns":3},{"damage":36,"enemies":"Slime Boss","floor":16,"turns":14},{"damage":15,"enemies":"3 Byrds","floor":18,"turns":6},{"damage":64,"enemies":"Slavers","floor":24,"turns":4}],"seed_played":"7734655684438431278","potions_obtained":[{"floor":3,"key":"Explosive Potion"},{"floor":6,"key":"Poison Potion"},{"floor":11,"key":"SpeedPotion"}],"is_trial":false,"path_per_floor":["M","?","M","M","M","E","R","E","T","R","E","$","R","M","R","B",null,"M","?","?","?","$","R","E"],"character_chosen":"DEFECT","items_purchased":["Frozen Egg 2","Block Potion","Weak Potion"],"campfire_rested":5,"item_purchase_floors":[12,12,22],"current_hp_per_floor":[68,68,68,68,68,36,58,21,21,43,14,14,36,36,58,22,62,47,47,37,37,37,61,0],"gold":79,"neow_bonus":"THREE_ENEMY_KILL","is_prod":false,"is_daily":false,"chose_seed":false,"campfire_upgraded":0,"win_rate":0,"timestamp":1550720424,"path_taken":["M","?","?","?","M","E","R","E","T","R","E","$","R","M","R","BOSS","M","?","?","?","$","R","E"],"build_version":"2019-01-23","purchased_purges":2,"victory":false,"max_hp_per_floor":[75,75,75,75,75,75,75,75,75,75,75,75,75,75,75,75,75,75,75,81,81,81,81,81],"card_choices":[{"not_picked":["Redo","White Noise"],"picked":"Conserve Battery","floor":1},{"not_picked":["Sweeping Beam","Recycle"],"picked":"Gash","floor":3},{"not_picked":["Streamline","Ball Lightning"],"picked":"Cold Snap","floor":4},{"not_picked":["Leap","Chaos"],"picked":"Capacitor","floor":5},{"not_picked":["Reboot","Redo"],"picked":"Go for the Eyes","floor":6},{"not_picked":["Tempest","Beam Cell"],"picked":"FTL","floor":8},{"not_picked":["Lockon","Barrage","Static Discharge"],"picked":"SKIP","floor":11},{"not_picked":["Steam","Fusion","Genetic Algorithm"],"picked":"SKIP","floor":14},{"not_picked":["Rainbow","Hyperbeam"],"picked":"Core Surge","floor":16},{"not_picked":["Static Discharge+1","Chill"],"picked":"Coolheaded","floor":18}],"player_experience":1267143,"relics_obtained":[{"floor":6,"key":"Blue Candle"},{"floor":8,"key":"Darkstone Periapt"},{"floor":9,"key":"Oddly Smooth Stone"},{"floor":11,"key":"Pen Nib"},{"floor":20,"key":"Necronomicon"}],"event_choices":[{"damage_healed":0,"gold_gain":100,"player_choice":"Pray","damage_taken":0,"max_hp_gain":0,"max_hp_loss":0,"event_name":"Golden Shrine","floor":2,"gold_loss":0},{"damage_healed":0,"gold_gain":0,"cards_transformed":["Strike_B","Strike_B"],"player_choice":"Became Test Subject","damage_taken":0,"max_hp_gain":0,"max_hp_loss":0,"event_name":"Drug Dealer","floor":19,"gold_loss":0,"cards_obtained":["Melter","Self Repair"]},{"damage_healed":0,"gold_gain":0,"player_choice":"Obtained Book","damage_taken":16,"max_hp_gain":0,"max_hp_loss":0,"event_name":"Cursed Tome","floor":20,"gold_loss":0},{"damage_healed":0,"gold_gain":99,"player_choice":"Stole From Cult","damage_taken":0,"max_hp_gain":0,"max_hp_loss":0,"event_name":"Nest","floor":21,"gold_loss":0}],"is_beta":false,"boss_relics":[{"not_picked":["Orrery","White Beast Statue"],"picked":"Inserter"}],"items_purged_floors":[12,22],"is_endless":false,"potions_floor_spawned":[3,6,11],"killed_by":"Slavers","ascension_level":13}