{"gold_per_floor":[114,114,35,48,59,90,90,90,90,116,116,145,162,194,194,298,298,313,114,39,39,57,89,89,89,114,114,114,125,160,178,178,279,279,297,317,330,330,19,19,30,30,30,49,84,84,100,100,100,100],"floor_reached":51,"playtime":5163,"items_purged":[],"score":1152,"play_id":"f54a03af-6c61-46ea-864f-0f511123d6fc","local_time":"20190109185311","is_ascension_mode":true,"campfire_choices":[{"data":"1","floor":7.0,"key":"LIFT"},{"floor":11.0,"key":"REST"},{"data":"2","floor":15.0,"key":"LIFT"},{"data":"3","floor":25.0,"key":"LIFT"},{"data":"Backstab","floor":27.0,"key":"SMITH"},{"data":"Slice","floor":32.0,"key":"SMITH"},{"data":"Choke","floor":40.0,"key":"SMITH"},{"data":"Neutralize","floor":42.0,"key":"SMITH"},{"floor":49,"key":"REST"}],"neow_cost":"NONE","seed_source_timestamp":0,"circlet_count":0,"master_deck":["AscendersBane","Defend_G+1","Defend_G+1","Defend_G+1","Defend_G+1","Defend_G+1","Strike_G+1","Strike_G+1","Survivor","Neutralize+1","Slice+1","Escape Plan","Escape Plan","Leg Sweep","All Out Attack","Quick Slash","Choke+1","Prepared","Escape Plan","Backstab+1","Unload","Quick Slash+1","Choke+1","Quick Slash+1","Deflect","Venomology","Corpse Explosion","Heel Hook","Well Laid Plans+1","Terror+1","Panache"],"special_seed":0,"relics":["Ring of the Snake","Pen Nib","Girya","Ginger","Calipers","Bag of Marbles","Letter Opener","Eternal Feather","Sling","Smiling Mask","Bronze Scales","Pantograph","Velvet Choker","Gambling Chip","Strawberry","The Specimen"],"potions_floor_usage":[45,45,50,50,50],"damage_taken":[{"damage":0.0,"enemies":"Small Slimes","floor":1.0,"turns":3.0},{"damage":1.0,"enemies":"Cultist","floor":4.0,"turns":3.0},{"damage":1.0,"enemies":"Jaw Worm","floor":5.0,"turns":6.0},{"damage":8.0,"enemies":"Gremlin Nob","floor":6.0,"turns":4.0},{"damage":10.0,"enemies":"3 Sentries","floor":10.0,"turns":6.0},{"damage":13.0,"enemies":"Lagavulin","floor":12.0,"turns":5.0},{"damage":0.0,"enemies":"3 Louse","floor":13.0,"turns":3.0},{"damage":0.0,"enemies":"Gremlin Nob","floor":14.0,"turns":1.0},{"damage":46.0,"enemies":"Hexaghost","floor":16.0,"turns":10.0},{"damage":7.0,"enemies":"Shell Parasite","floor":18.0,"turns":4.0},{"damage":0.0,"enemies":"2 Thieves","floor":22.0,"turns":1.0},{"damage":14.0,"enemies":"Book of Stabbing","floor":23.0,"turns":3.0},{"damage":2.0,"enemies":"Snake Plant","floor":29.0,"turns":2.0},{"damage":0.0,"enemies":"Slavers","floor":30.0,"turns":3.0},{"damage":0.0,"enemies":"Cultist and Chosen","floor":31.0,"turns":3.0},{"damage":31.0,"enemies":"Champ","floor":33.0,"turns":13.0},{"damage":4.0,"enemies":"3 Shapes","floor":35.0,"turns":3.0},{"damage":0.0,"enemies":"Orb Walker","floor":36.0,"turns":1.0},{"damage":0.0,"enemies":"Sphere and 2 Shapes","floor":37.0,"turns":3.0},{"damage":36.0,"enemies":"Spire Growth","floor":41.0,"turns":4.0},{"damage":0,"enemies":"Jaw Worm Horde","floor":44,"turns":2},{"damage":36,"enemies":"Giant Head","floor":45,"turns":7},{"damage":0,"enemies":"3 Darklings","floor":47,"turns":1},{"damage":70,"enemies":"Donu and Deca","floor":50,"turns":6}],"seed_played":"4410635343913959602","potions_obtained":[{"floor":5.0,"key":"Fire Potion"},{"floor":10.0,"key":"FearPotion"},{"floor":12.0,"key":"SpeedPotion"},{"floor":13.0,"key":"Energy Potion"},{"floor":14.0,"key":"FairyPotion"},{"floor":18.0,"key":"Energy Potion"},{"floor":29.0,"key":"SkillPotion"},{"floor":30.0,"key":"Dexterity Potion"},{"floor":33.0,"key":"Fruit Juice"},{"floor":35.0,"key":"Dexterity Potion"},{"floor":45,"key":"Ancient Potion"}],"is_trial":false,"path_per_floor":["M","?","$","M","M","E","R","$","T","E","R","E","M","E","R","B",null,"M","$","?","?","M","E","?","R","T","R","$","M","E","M","R","B",null,"M","M","M","?","$","R","M","R","T","M","E","?","M","?","R","B",null],"character_chosen":"THE_SILENT","items_purchased":["Escape Plan","Sling","Gambling Chip"],"campfire_rested":2,"item_purchase_floors":[3,19,39],"current_hp_per_floor":[63,63,63,62,61,53,53,53,53,43,64,51,51,51,51,5,54,47,47,47,70,70,56,56,70,70,70,70,68,68,68,70,39,62,63,63,63,63,63,75,39,57,64,64,28,28,28,28,70,12],"gold":100,"neow_bonus":"RANDOM_COMMON_RELIC","is_prod":false,"is_daily":false,"chose_seed":false,"campfire_upgraded":4,"win_rate":0,"timestamp":1547052791,"path_taken":["M","?","?","M","M","E","R","$","T","E","R","E","M","E","R","BOSS","M","$","?","?","M","E","?","R","T","R","?","M","E","M","R","BOSS","M","M","M","?","$","R","M","R","T","M","E","?","M","?","R","BOSS"],"build_version":"2019-01-03v4","purchased_purges":0,"victory":true,"max_hp_per_floor":[70,70,70,70,70,70,70,70,70,70,70,70,70,70,70,70,70,70,70,70,70,70,70,70,70,70,70,70,70,70,70,70,70,70,75,75,75,75,75,75,75,75,82,82,82,82,82,82,82,82],"card_choices":[{"not_picked":["Accuracy","Outmaneuver"],"picked":"Slice","floor":1.0},{"not_picked":["Caltrops","Predator"],"picked":"Leg Sweep","floor":4.0},{"not_picked":["Backflip","Setup"],"picked":"All Out Attack","floor":5.0},{"not_picked":["PiercingWail","Underhanded Strike"],"picked":"Quick Slash","floor":6.0},{"not_picked":["Concentrate","Outmaneuver"],"picked":"Choke","floor":10.0},{"not_picked":["Finisher","Bouncing Flask"],"picked":"Prepared","floor":12.0},{"not_picked":["Outmaneuver","Flying Knee"],"picked":"Escape Plan","floor":13.0},{"not_picked":["Choke","Dash"],"picked":"Backstab","floor":14.0},{"not_picked":["Grand Finale","Burst"],"picked":"Unload","floor":16.0},{"not_picked":["Dagger Throw","Backflip"],"picked":"Quick Slash+1","floor":18.0},{"not_picked":["Cloak And Dagger","Underhanded Strike"],"picked":"Choke+1","floor":22.0},{"not_picked":["Bane","Skewer"],"picked":"Quick Slash+1","floor":23.0},{"not_picked":["Choke","Tactician"],"picked":"Deflect","floor":29.0},{"not_picked":["Deadly Poison","Calculated Gamble","Dagger Spray"],"picked":"SKIP","floor":30.0},{"not_picked":["Cloak And Dagger","Sucker Punch"],"picked":"Venomology","floor":31.0},{"not_picked":["Night Terror","Grand Finale"],"picked":"Corpse Explosion","floor":33.0},{"not_picked":["Dodge and Roll+1","Underhanded Strike"],"picked":"Heel Hook","floor":35.0},{"not_picked":["Dodge and Roll","Dagger Spray","Underhanded Strike+1"],"picked":"SKIP","floor":36.0},{"not_picked":["Deflect","Deadly Poison"],"picked":"Well Laid Plans+1","floor":37.0},{"not_picked":["Prepared","Predator+1"],"picked":"Terror+1","floor":41.0},{"not_picked":["Prepared+1","Skewer","Blur"],"picked":"SKIP","floor":44},{"not_picked":["Dagger Spray","Sucker Punch+1","Escape Plan+1"],"picked":"SKIP","floor":45},{"not_picked":["Blade Dance+1","Poisoned Stab","Heel Hook"],"picked":"SKIP","floor":47},{"not_picked":["Flash of Steel","HandOfGreed"],"picked":"Panache","floor":48}],"player_experience":228631,"relics_obtained":[{"floor":6.0,"key":"Girya"},{"floor":9.0,"key":"Ginger"},{"floor":10.0,"key":"Calipers"},{"floor":12.0,"key":"Bag of Marbles"},{"floor":14.0,"key":"Letter Opener"},{"floor":23.0,"key":"Smiling Mask"},{"floor":26.0,"key":"Bronze Scales"},{"floor":30.0,"key":"Pantograph"},{"floor":43.0,"key":"Strawberry"},{"floor":45,"key":"The Specimen"}],"event_choices":[{"damage_healed":0.0,"max_hp_gain":0.0,"max_hp_loss":0.0,"gold_gain":0.0,"cards_transformed":["Strike_G"],"event_name":"Transmorgrifier","player_choice":"Transformed","floor":2.0,"gold_loss":0.0,"damage_taken":0.0,"cards_obtained":["Escape Plan"]},{"cards_removed":["Strike_G"],"damage_healed":0.0,"max_hp_gain":0.0,"max_hp_loss":0.0,"gold_gain":0.0,"event_name":"Beggar","player_choice":"Gave Gold","floor":20.0,"gold_loss":75.0,"damage_taken":0.0},{"damage_healed":23.0,"max_hp_gain":0.0,"max_hp_loss":0.0,"gold_gain":0.0,"event_name":"The Library","player_choice":"Heal","floor":21.0,"gold_loss":0.0,"damage_taken":0.0},{"damage_healed":0.0,"max_hp_gain":0.0,"max_hp_loss":0.0,"gold_gain":0.0,"event_name":"Back to Basics","player_choice":"Simplicity","floor":24.0,"gold_loss":0.0,"damage_taken":0.0,"cards_upgraded":["Defend_G","Defend_G","Defend_G","Defend_G","Defend_G","Strike_G","Strike_G","Strike_G"]},{"cards_removed":["Strike_G"],"damage_healed":0.0,"max_hp_gain":0.0,"max_hp_loss":0.0,"gold_gain":0.0,"event_name":"Falling","player_choice":"Removed Attack","floor":38.0,"gold_loss":0.0,"damage_taken":0.0},{"damage_healed":0,"gold_gain":0,"player_choice":"Ignored","damage_taken":0,"max_hp_gain":0,"max_hp_loss":0,"event_name":"The Moai Head","floor":46,"gold_loss":0},{"damage_healed":0,"gold_gain":0,"player_choice":"Memory 1","damage_taken":0,"max_hp_gain":0,"max_hp_loss":0,"event_name":"SensoryStone","floor":48,"gold_loss":0}],"is_beta":false,"boss_relics":[{"not_picked":["Pandora\u0027s Box","Astrolabe"],"picked":"Eternal Feather"},{"not_picked":["Orrery","WristBlade"],"picked":"Velvet Choker"}],"items_purged_floors":[],"is_endless":false,"potions_floor_spawned":[5,10,12,13,14,18,29,30,33,35,41,44,45],"ascension_level":10}