{"gold_per_floor":[109,109,34,47,47,77,89,121,180,192,204,243,255,285,297,383,395,418,442,504,533,558,570,582],"floor_reached":24,"playtime":1401,"items_purged":["Strike_R"],"score":581,"play_id":"89993bad-91dc-4ade-a433-a838262c1a93","local_time":"20190301114908","is_ascension_mode":true,"campfire_choices":[{"data":"Rampage","floor":7.0,"key":"SMITH"},{"data":"Shrug It Off","floor":10.0,"key":"SMITH"},{"data":"True Grit","floor":15.0,"key":"SMITH"},{"data":"Dark Embrace","floor":23,"key":"SMITH"}],"neow_cost":"NONE","seed_source_timestamp":0,"circlet_count":0,"master_deck":["AscendersBane","Bash","Thunderclap","Shrug It Off+1","Rampage+1","Battle Trance","True Grit+1","Dark Embrace+1","Combust","Iron Wave","Shockwave","Headbutt","Headbutt","True Grit","Feed","Battle Trance","Inflame+1","Anger"],"special_seed":0,"relics":["Burning Blood","Potion Belt","Bag of Preparation","Centennial Puzzle","MawBank","Orichalcum","Juzu Bracelet","Pandora\u0027s Box"],"potions_floor_usage":[21],"damage_taken":[{"damage":9.0,"enemies":"Small Slimes","floor":1.0,"turns":5.0},{"damage":0.0,"enemies":"2 Louse","floor":4.0,"turns":2.0},{"damage":32.0,"enemies":"Gremlin Nob","floor":6.0,"turns":4.0},{"damage":0.0,"enemies":"Cultist","floor":8.0,"turns":4.0},{"damage":18.0,"enemies":"Lagavulin","floor":12.0,"turns":7.0},{"damage":6.0,"enemies":"Looter","floor":14.0,"turns":3.0},{"damage":6.0,"enemies":"Hexaghost","floor":16.0,"turns":9.0},{"damage":14.0,"enemies":"Chosen","floor":18.0,"turns":5.0},{"damage":19.0,"enemies":"3 Byrds","floor":19.0,"turns":5.0},{"damage":19,"enemies":"Snecko","floor":21,"turns":6},{"damage":21,"enemies":"Chosen and Byrds","floor":22,"turns":4},{"damage":19,"enemies":"Gremlin Leader","floor":24,"turns":2}],"seed_played":"-1073463304106494568","potions_obtained":[{"floor":4.0,"key":"SneckoOil"},{"floor":6.0,"key":"Regen Potion"},{"floor":11.0,"key":"LiquidBronze"},{"floor":11.0,"key":"Block Potion"},{"floor":14.0,"key":"SkillPotion"},{"floor":16.0,"key":"Poison Potion"},{"floor":21,"key":"SpeedPotion"}],"is_trial":false,"path_per_floor":["M","?","$","M","?","E","R","M","T","R","?","E","?","M","R","B",null,"M","M","?","M","M","R","E"],"character_chosen":"IRONCLAD","items_purchased":[],"campfire_rested":0,"item_purchase_floors":[],"current_hp_per_floor":[65,39,39,45,45,19,19,25,25,25,25,13,13,22,22,22,62,57,47,47,34,19,19,0],"gold":582,"neow_bonus":"RANDOM_COMMON_RELIC","is_prod":false,"is_daily":false,"chose_seed":false,"campfire_upgraded":4,"win_rate":0,"timestamp":1551408548,"path_taken":["M","?","$","M","?","E","R","?","T","R","?","E","?","M","R","BOSS","M","M","?","M","M","R","E"],"build_version":"2019-01-23","purchased_purges":1,"victory":false,"max_hp_per_floor":[75,75,75,75,75,75,75,75,75,75,75,75,75,75,75,75,75,78,81,81,81,81,81,81],"card_choices":[{"not_picked":["Wild Strike","Heavy Blade"],"picked":"Thunderclap","floor":1.0},{"not_picked":["Battle Trance","Rupture"],"picked":"Shrug It Off","floor":4.0},{"not_picked":["Wild Strike","Sword Boomerang"],"picked":"Rampage","floor":6.0},{"not_picked":["Headbutt","True Grit"],"picked":"Battle Trance","floor":8.0},{"not_picked":["Second Wind","Power Through"],"picked":"True Grit","floor":12.0},{"not_picked":["Anger","Havoc","Immolate"],"picked":"SKIP","floor":14.0},{"not_picked":["Exhume","Offering"],"picked":"Dark Embrace","floor":16.0},{"not_picked":["Clothesline","Pommel Strike+1"],"picked":"Inflame+1","floor":18.0},{"not_picked":["Feed","Twin Strike"],"picked":"Anger","floor":19.0},{"not_picked":["Shrug It Off","True Grit","Heavy Blade+1"],"picked":"SKIP","floor":21},{"not_picked":["Infernal Blade","Shrug It Off","Twin Strike"],"picked":"SKIP","floor":22}],"player_experience":963019,"relics_obtained":[{"floor":6.0,"key":"MawBank"},{"floor":9.0,"key":"Orichalcum"},{"floor":12.0,"key":"Juzu Bracelet"}],"event_choices":[{"damage_healed":0.0,"max_hp_gain":0.0,"max_hp_loss":0.0,"gold_gain":0.0,"event_name":"Scrap Ooze","player_choice":"Success","floor":2.0,"gold_loss":0.0,"damage_taken":26.0,"relics_obtained":["Bag of Preparation"]},{"damage_healed":0.0,"max_hp_gain":0.0,"max_hp_loss":0.0,"gold_gain":0.0,"event_name":"WeMeetAgain","player_choice":"Gave Potion","floor":5.0,"gold_loss":0.0,"damage_taken":0.0,"relics_obtained":["Centennial Puzzle"]},{"damage_healed":0.0,"max_hp_gain":0.0,"max_hp_loss":0.0,"gold_gain":0.0,"event_name":"Lab","player_choice":"Got Potions","floor":11.0,"gold_loss":0.0,"damage_taken":0.0},{"damage_healed":0.0,"max_hp_gain":0.0,"max_hp_loss":0.0,"gold_gain":0.0,"event_name":"Shining Light","player_choice":"Ignored","floor":13.0,"gold_loss":0.0,"damage_taken":0.0},{"damage_healed":0,"gold_gain":100,"player_choice":"Bet on Murderer","damage_taken":0,"max_hp_gain":0,"max_hp_loss":0,"event_name":"The Joust","floor":20,"gold_loss":50}],"is_beta":false,"boss_relics":[{"not_picked":["Tiny House","Astrolabe"],"picked":"Pandora\u0027s Box"}],"items_purged_floors":[3],"is_endless":false,"potions_floor_spawned":[4,6,14,16,21],"killed_by":"Gremlin Leader","ascension_level":18}