{"gold_per_floor":[112,112,126,171,182,182,195,209,209,220,232,232,232,42,42,218,218,260,260],"floor_reached":19,"playtime":1377,"items_purged":[],"score":185,"play_id":"3250ccb5-baf5-4395-ba64-59f47e7d41df","local_time":"20181110232021","is_ascension_mode":true,"campfire_choices":[{"data":"Burning Pact","floor":6,"key":"SMITH"},{"data":"Armaments","floor":13,"key":"SMITH"},{"floor":15,"key":"REST"}],"neow_cost":"NONE","seed_source_timestamp":617690337365824,"circlet_count":0,"master_deck":["Strike_R","Strike_R","Strike_R","Strike_R","Defend_R","Defend_R","Defend_R","Defend_R","Bash","Barricade+1","Warcry","Burning Pact+1","Armaments","Armaments+1","Second Wind","HandOfGreed","Feed"],"relics":["Burning Blood","Regal Pillow","Vajra","Black Star"],"potions_floor_usage":[7,7,16],"damage_taken":[{"damage":10,"enemies":"Cultist","floor":1,"turns":4},{"damage":14,"enemies":"Jaw Worm","floor":3,"turns":4},{"damage":10,"enemies":"Small Slimes","floor":5,"turns":5},{"damage":41,"enemies":"Gremlin Gang","floor":7,"turns":6},{"damage":8,"enemies":"Blue Slaver","floor":8,"turns":8},{"damage":9,"enemies":"3 Louse","floor":10,"turns":6},{"damage":0,"enemies":"Large Slime","floor":11,"turns":9},{"damage":21,"enemies":"Slime Boss","floor":16,"turns":19},{"damage":64,"enemies":"Shell Parasite","floor":18,"turns":16},{"damage":51,"enemies":"Chosen","floor":19,"turns":8}],"seed_played":"8548452705398523519","potions_obtained":[{"floor":1,"key":"EssenceOfSteel"},{"floor":5,"key":"Fruit Juice"},{"floor":10,"key":"Strength Potion"}],"is_trial":false,"path_per_floor":["M","?","M","T","M","R","M","M","T","M","M","?","R","$","R","B",null,"M","M"],"character_chosen":"IRONCLAD","items_purchased":["HandOfGreed"],"campfire_rested":1,"item_purchase_floors":[14],"current_hp_per_floor":[76,76,68,68,64,64,34,32,32,29,35,35,35,35,75,60,85,27,0],"gold":260,"neow_bonus":"ONE_RANDOM_RARE_CARD","is_prod":false,"is_daily":false,"chose_seed":false,"campfire_upgraded":2,"win_rate":0,"timestamp":1541910021,"path_taken":["M","?","M","?","M","R","M","M","T","M","?","?","R","$","R","BOSS","M","M"],"build_version":"2018-11-08","purchased_purges":0,"victory":false,"max_hp_per_floor":[80,80,80,80,80,80,85,85,85,85,85,85,85,85,85,85,85,85,85],"card_choices":[{"not_picked":["Second Wind","Anger"],"picked":"Warcry","floor":1},{"not_picked":["Anger","Shockwave","Flex"],"picked":"SKIP","floor":3},{"not_picked":["Iron Wave","Rupture"],"picked":"Burning Pact","floor":5},{"not_picked":["Warcry","Brutality"],"picked":"Armaments","floor":7},{"not_picked":["Searing Blow","Headbutt"],"picked":"Armaments","floor":8},{"not_picked":["Combust","Feel No Pain","Anger"],"picked":"SKIP","floor":10},{"not_picked":["Fire Breathing","Sword Boomerang","Sentinel"],"picked":"SKIP","floor":11},{"not_picked":["Barricade","Double Tap"],"picked":"Feed","floor":16},{"not_picked":["Evolve","Flex+1","Fire Breathing"],"picked":"SKIP","floor":18}],"player_experience":791108,"relics_obtained":[{"floor":4,"key":"Regal Pillow"},{"floor":9,"key":"Vajra"}],"event_choices":[{"damage_healed":0,"gold_gain":0,"player_choice":"Grow","damage_taken":0,"max_hp_gain":0,"max_hp_loss":0,"event_name":"Living Wall","floor":2,"gold_loss":0,"cards_upgraded":["Barricade"]},{"damage_healed":0,"gold_gain":0,"cards_transformed":["Strike_R"],"player_choice":"Transformed","damage_taken":0,"max_hp_gain":0,"max_hp_loss":0,"event_name":"Transmorgrifier","floor":12,"gold_loss":0,"cards_obtained":["Second Wind"]}],"is_beta":false,"boss_relics":[{"not_picked":["Ectoplasm","Coffee Dripper"],"picked":"Black Star"}],"items_purged_floors":[],"is_endless":false,"potions_floor_spawned":[1,5,10],"killed_by":"Chosen","ascension_level":3}