{"gold_per_floor":[118,132,152,165,340,340,59,69,69,85,85,95,112,126,126,203,203,213,213,227,37,0,0,0,11,61,61,77,77],"floor_reached":29,"playtime":2833,"items_purged":["Doubt"],"score":390,"play_id":"1bbb59a2-a327-49de-9908-648ef43ec681","local_time":"20190221104524","is_ascension_mode":true,"campfire_choices":[{"data":"Genetic Algorithm","floor":6,"key":"SMITH"},{"floor":11,"key":"REST"},{"data":"Echo Form","floor":15,"key":"SMITH"},{"floor":23,"key":"REST"},{"data":"Blind","floor":27,"key":"SMITH"}],"neow_cost":"NONE","seed_source_timestamp":78650950687700,"circlet_count":0,"master_deck":["AscendersBane","Defend_B","Defend_B","Defend_B","Defend_B","Zap","Dualcast","Blind+1","Defragment","Gash","FTL","Genetic Algorithm+1","Seek","Sunder","Sweeping Beam","Echo Form+1","Creative AI","Bite","Bite","Bite","Bite","Bite","Reinforced Body","Cold Snap"],"relics":["Cracked Core","Singing Bowl","Lizard Tail","Strange Spoon","Potion Belt"],"potions_floor_usage":[4,10,12,16,28,29],"damage_taken":[{"damage":2,"enemies":"Cultist","floor":1,"turns":4},{"damage":10,"enemies":"2 Louse","floor":2,"turns":2},{"damage":8,"enemies":"Small Slimes","floor":3,"turns":4},{"damage":0,"enemies":"3 Louse","floor":4,"turns":1},{"damage":19,"enemies":"Exordium Wildlife","floor":8,"turns":5},{"damage":0,"enemies":"Lots of Slimes","floor":10,"turns":2},{"damage":1,"enemies":"Blue Slaver","floor":12,"turns":4},{"damage":6,"enemies":"Looter","floor":13,"turns":3},{"damage":0,"enemies":"Gremlin Gang","floor":14,"turns":3},{"damage":39,"enemies":"The Guardian","floor":16,"turns":9},{"damage":28,"enemies":"Spheric Guardian","floor":18,"turns":6},{"damage":29,"enemies":"Chosen","floor":20,"turns":6},{"damage":22,"enemies":"Centurion and Healer","floor":25,"turns":8},{"damage":74,"enemies":"Shelled Parasite and Fungi","floor":28,"turns":17},{"damage":65,"enemies":"Gremlin Leader","floor":29,"turns":9}],"seed_played":"-4042533035774083602","potions_obtained":[{"floor":2,"key":"Explosive Potion"},{"floor":3,"key":"Strength Potion"},{"floor":10,"key":"SkillPotion"},{"floor":18,"key":"SpeedPotion"},{"floor":25,"key":"GamblersBrew"}],"is_trial":false,"path_per_floor":["M","M","M","M","?","R","$","M","T","M","R","M","M","M","R","B",null,"M","?","M","$","?","R","$","M","T","R","M","E"],"character_chosen":"DEFECT","items_purchased":["Blood Vial","Explosive Potion","Strange Spoon"],"campfire_rested":2,"item_purchase_floors":[7,7,21],"current_hp_per_floor":[66,56,48,48,48,48,48,31,31,35,58,59,55,57,57,20,63,39,39,28,28,28,52,52,54,54,54,10,0],"gold":77,"neow_bonus":"RANDOM_COLORLESS","is_prod":false,"is_daily":false,"chose_seed":false,"campfire_upgraded":3,"win_rate":0,"timestamp":1550763924,"path_taken":["M","M","?","M","?","R","$","M","T","M","R","M","M","M","R","BOSS","M","?","M","$","?","R","?","M","T","R","?","E"],"build_version":"2019-01-23","purchased_purges":1,"victory":false,"max_hp_per_floor":[75,75,75,75,75,75,75,75,75,77,77,77,77,77,77,77,77,79,79,81,81,81,81,81,81,81,81,81,81],"card_choices":[{"not_picked":["Force Field","Double Energy"],"picked":"Defragment","floor":1},{"not_picked":["Leap","Beam Cell"],"picked":"Gash","floor":2},{"not_picked":["Compile Driver","Turbo"],"picked":"FTL","floor":3},{"not_picked":["Turbo","Stack"],"picked":"Genetic Algorithm","floor":4},{"not_picked":["Compile Driver","Rebound"],"picked":"Seek","floor":8},{"not_picked":["Recycle","Fusion","Hologram"],"picked":"Singing Bowl","floor":10},{"not_picked":["Barrage","Stack"],"picked":"Sunder","floor":12},{"not_picked":["Redo","Leap"],"picked":"Sweeping Beam","floor":13},{"not_picked":["Cold Snap","Glacier"],"picked":"Echo Form","floor":14},{"not_picked":["All For One","Machine Learning"],"picked":"Creative AI","floor":16},{"not_picked":["Ball Lightning","Fusion","Sweeping Beam"],"picked":"Singing Bowl","floor":18},{"not_picked":["Loop","Double Energy","Ball Lightning"],"picked":"Singing Bowl","floor":20},{"not_picked":["Coolheaded","Compile Driver"],"picked":"Reinforced Body","floor":25},{"not_picked":["Chaos","Sweeping Beam"],"picked":"Cold Snap","floor":28}],"player_experience":1272230,"relics_obtained":[{"floor":9,"key":"Singing Bowl"},{"floor":26,"key":"Potion Belt"}],"event_choices":[{"damage_healed":0,"gold_gain":175,"player_choice":"AGREE","damage_taken":0,"max_hp_gain":0,"max_hp_loss":0,"event_name":"Liars Game","floor":5,"gold_loss":0,"cards_obtained":["Doubt"]},{"damage_healed":0,"gold_gain":0,"player_choice":"Became a vampire (Vial)","damage_taken":0,"max_hp_gain":0,"max_hp_loss":0,"event_name":"Vampires","floor":19,"relics_lost":["Blood Vial"],"gold_loss":0,"cards_obtained":["Bite","Bite","Bite","Bite","Bite"]},{"damage_healed":0,"gold_gain":0,"player_choice":"Paid Fearfully","damage_taken":0,"max_hp_gain":0,"max_hp_loss":0,"event_name":"Masked Bandits","floor":22,"gold_loss":37}],"is_beta":false,"boss_relics":[{"not_picked":["Empty Cage","Inserter"],"picked":"Lizard Tail"}],"items_purged_floors":[7],"is_endless":false,"potions_floor_spawned":[2,3,10,18,25],"killed_by":"Gremlin Leader","ascension_level":13}