{"gold_per_floor":[111,124,49,49,63,63,75,92,92,92],"floor_reached":10,"playtime":339,"items_purged":[],"score":72,"play_id":"ed0072e4-a145-4ec6-ae12-a07dcd133a2e","local_time":"20181110225708","is_ascension_mode":true,"campfire_choices":[{"data":"Hello World","floor":6,"key":"SMITH"}],"neow_cost":"NONE","seed_source_timestamp":617320378278767,"circlet_count":0,"master_deck":["Strike_B","Strike_B","Strike_B","Strike_B","Defend_B","Defend_B","Defend_B","Defend_B","Zap","Dualcast","Creative AI+1","FTL","Hello World+1","Static Discharge","Leap","Conserve Battery"],"special_seed":0,"relics":["Cracked Core","Omamori"],"potions_floor_usage":[10],"damage_taken":[{"damage":13.0,"enemies":"Small Slimes","floor":1.0,"turns":3.0},{"damage":0.0,"enemies":"Cultist","floor":2.0,"turns":3.0},{"damage":16,"enemies":"2 Louse","floor":5,"turns":2},{"damage":32,"enemies":"2 Fungi Beasts","floor":7,"turns":5},{"damage":8,"enemies":"Blue Slaver","floor":8,"turns":4},{"damage":8,"enemies":"Exordium Wildlife","floor":10,"turns":1}],"seed_played":"-4782946393929437240","potions_obtained":[{"floor":5,"key":"PowerPotion"},{"floor":8,"key":"SpeedPotion"}],"is_trial":false,"path_per_floor":["M","M","$","?","M","R","M","M","T","M"],"character_chosen":"DEFECT","items_purchased":["Hello World"],"campfire_rested":0,"item_purchase_floors":[3],"current_hp_per_floor":[62,62,62,62,46,46,14,6,6,0],"gold":92,"neow_bonus":"ONE_RANDOM_RARE_CARD","is_prod":false,"is_daily":false,"chose_seed":false,"campfire_upgraded":1,"win_rate":0,"timestamp":1541908628,"path_taken":["M","M","$","?","M","R","?","M","T","?"],"build_version":"2018-11-08","purchased_purges":0,"victory":false,"max_hp_per_floor":[75,75,75,75,75,75,75,75,75,75],"card_choices":[{"not_picked":["Streamline","Cold Snap","Chaos"],"picked":"SKIP","floor":1.0},{"not_picked":["Rebound","Scrape"],"picked":"FTL","floor":2.0},{"not_picked":["Double Energy","Steam"],"picked":"Static Discharge","floor":5},{"not_picked":["Gash","Hologram"],"picked":"Leap","floor":7},{"not_picked":["Ball Lightning","Barrage"],"picked":"Conserve Battery","floor":8}],"player_experience":790769,"relics_obtained":[{"floor":9,"key":"Omamori"}],"event_choices":[{"damage_healed":0,"gold_gain":0,"player_choice":"Upgraded","damage_taken":0,"max_hp_gain":0,"max_hp_loss":0,"event_name":"Upgrade Shrine","floor":4,"gold_loss":0,"cards_upgraded":["Creative AI"]}],"is_beta":false,"boss_relics":[],"items_purged_floors":[],"is_endless":false,"potions_floor_spawned":[5,8],"killed_by":"Exordium Wildlife","ascension_level":4}