{"path_per_floor":["M","?","M","M","?","R","E","R","T","E","$","M","$","M","R","B",null,"M","M","M","M","?","R","E","R","T","R","$","M","M","M","R","B",null,"M","?","M","?","?","E","$","?","T","R","M","R","M","$","R","B"],"character_chosen":"IRONCLAD","items_purchased":["Omamori","Iron Wave","Reaper","Whirlwind","Block Potion"],"gold_per_floor":[114,114,131,145,145,145,171,171,171,200,55,71,17,34,34,135,135,151,171,183,202,202,202,231,231,258,258,25,35,50,68,68,173,173,187,187,199,0,0,34,34,34,34,34,46,46,66,16,16,16],"floor_reached":51,"campfire_rested":5,"playtime":2940,"current_hp_per_floor":[77,61,56,60,60,60,31,55,55,43,43,35,35,32,56,18,80,61,56,20,20,20,44,14,39,39,64,64,68,49,82,82,67,86,82,82,89,89,89,83,83,98,104,104,82,82,91,91,91,96],"items_purged":[],"gold":16,"play_id":"ee754804-e499-425f-862b-6b3c9e29b2f5","is_prod":false,"is_daily":false,"is_ascension_mode":true,"campfire_upgraded":2,"path_taken":["M","?","M","M","?","R","E","R","T","E","$","?","?","M","R","BOSS","M","M","M","M","?","R","E","R","T","R","$","M","M","?","R","BOSS","M","?","M","?","?","E","?","?","T","R","M","R","M","$","R","BOSS"],"build_version":"2018-01-25-PROD3","purchased_purges":0,"victory":true,"master_deck":["Strike_R+1","Strike_R+1","Strike_R+1","Defend_R+1","Defend_R+1","Defend_R+1","Defend_R+1","Bash+1","Demon Form+1","Cleave","Havoc","Limit Break","Shrug It Off","Iron Wave","Pommel Strike","Feed","Heavy Blade+1","Shockwave","Battle Trance+1","Iron Wave","Reaper","Whirlwind+1","Intimidate","Feed","Writhe","Decay","Evolve+1"],"max_hp_per_floor":[80,80,80,80,80,80,80,80,80,80,80,80,80,80,80,80,80,80,80,80,83,83,83,86,86,86,86,86,86,86,86,86,86,86,89,89,89,89,89,92,92,98,104,104,110,110,110,110,110,110],"relics":["Burning Blood","Darkstone Periapt","Girya","Matryoshka","Omamori","Cursed Key","Molten Egg","Dream Catcher","Anchor","Black Star","Charon\u0027s Ashes","Red Mask","Ice Cream","Dead Branch","Blood Vial","Sundial"],"card_choices":[{"not_picked":["Iron Wave","Body Slam"],"picked":"Demon Form"},{"not_picked":["Flex","Blood for Blood"],"picked":"Cleave"},{"not_picked":["Disarm","Clothesline"],"picked":"Limit Break"},{"not_picked":["Ghostly Armor","Armaments"],"picked":"Shrug It Off"},{"not_picked":["Wild Strike","Heavy Blade"],"picked":"Pommel Strike"},{"not_picked":["Fiend Fire","Barricade"],"picked":"Feed"},{"not_picked":["Headbutt","Sword Boomerang"],"picked":"Heavy Blade"},{"not_picked":["Cleave","Twin Strike"],"picked":"Shockwave"},{"not_picked":["Twin Strike","Cleave"],"picked":"Battle Trance"},{"not_picked":["Wild Strike","Perfected Strike"],"picked":"Iron Wave"},{"not_picked":["Power Through","Disarm"],"picked":"Intimidate"},{"not_picked":["Bludgeon","Brutality"],"picked":"Feed"},{"not_picked":["Infernal Blade","Cleave"],"picked":"Evolve"}],"player_experience":184077,"potions_floor_usage":[14,14,21,24,24,40,50,50,50],"damage_taken":[{"damage":9,"enemies":"Jaw Worm","floor":1,"turns":3},{"damage":11,"enemies":"Blue Slaver","floor":3,"turns":6},{"damage":2,"enemies":"2 Louse","floor":4,"turns":3},{"damage":35,"enemies":"3 Sentries","floor":7,"turns":5},{"damage":18,"enemies":"Lagavulin","floor":10,"turns":5},{"damage":14,"enemies":"Looter","floor":12,"turns":3},{"damage":9,"enemies":"Lots of Slimes","floor":14,"turns":3},{"damage":44,"enemies":"Slime Boss","floor":16,"turns":5},{"damage":25,"enemies":"Chosen","floor":18,"turns":5},{"damage":11,"enemies":"Spheric Guardian","floor":19,"turns":4},{"damage":42,"enemies":"Snake Plant","floor":20,"turns":5},{"damage":9,"enemies":"Snecko","floor":21,"turns":4},{"damage":39,"enemies":"Gremlin Leader","floor":24,"turns":7},{"damage":15,"enemies":"3 Cultists","floor":29,"turns":4},{"damage":25,"enemies":"Snake Plant","floor":30,"turns":3},{"damage":8,"enemies":"Centurion and Healer","floor":31,"turns":8},{"damage":21,"enemies":"Champ","floor":33,"turns":9},{"damage":19,"enemies":"Orb Walker","floor":35,"turns":4},{"damage":28,"enemies":"3 Darklings","floor":37,"turns":5},{"damage":15,"enemies":"2 Orb Walkers","floor":40,"turns":3},{"damage":60,"enemies":"4 Shapes","floor":45,"turns":5},{"damage":41,"enemies":"Maw","floor":47,"turns":6},{"damage":40,"enemies":"Time Eater","floor":50,"turns":9}],"event_choices":[{"event_name":"Shining Light","player_choice":"Entered Light","floor":2,"damage_taken":0},{"event_name":"Living Wall","player_choice":"Change","floor":5,"damage_taken":0},{"event_name":"Back to Basics","player_choice":"Simplicity","floor":22,"damage_taken":0},{"event_name":"Accursed Blacksmith","player_choice":"Rummage","floor":36,"damage_taken":0},{"event_name":"Tomb of Lord Red Mask","player_choice":"Paid","floor":38,"damage_taken":0},{"event_name":"Winding Halls","player_choice":"Writhe","floor":42,"damage_taken":0}],"boss_relics":[{"not_picked":["Orrery","Ectoplasm"],"picked":"Cursed Key"},{"not_picked":["Question Card","Runic Cube"],"picked":"Black Star"}],"potions_floor_spawned":[4,10,14,16,19,21,24,29,35,47],"seed_played":"5034161183594710723","ascension_level":2,"is_trial":false}