{"gold_per_floor":[115,126,126,301,376,376,408,408,408,139,139,139,154,57,57,156,156,167,187,205,224,74,74,74,74,74,74,74,84,97,111,111,216,216,235,235,254,268,32,32,48,59,59,59,59,59,125,175,175,175],"floor_reached":50,"playtime":2549,"items_purged":["Doubt"],"score":517,"play_id":"cea17762-8ee5-4624-81ec-9e3b06c360c5","local_time":"20190210235129","is_ascension_mode":false,"campfire_choices":[{"floor":6.0,"key":"REST"},{"data":"Concentrate","floor":8.0,"key":"SMITH"},{"data":"Backstab","floor":11.0,"key":"SMITH"},{"data":"Infinite Blades","floor":15.0,"key":"SMITH"},{"data":"Concentrate","floor":23,"key":"SMITH"},{"data":"Malaise","floor":25,"key":"SMITH"},{"data":"Deadly Poison","floor":27,"key":"SMITH"},{"floor":32,"key":"REST"},{"data":"After Image","floor":40,"key":"SMITH"},{"floor":44,"key":"REST"},{"data":"Infinite Blades","floor":46,"key":"SMITH"},{"data":"Doppelganger","floor":49,"key":"SMITH"}],"neow_cost":"NONE","seed_source_timestamp":35085782147193,"circlet_count":0,"master_deck":["Defend_G","Defend_G","Defend_G","Defend_G","Defend_G","Strike_G+1","Strike_G+1","Strike_G","Strike_G","Strike_G","Survivor","Neutralize","Concentrate+1","Backstab+1","Well Laid Plans","Infinite Blades+1","Deadly Poison","Malaise+1","Deadly Poison+1","PiercingWail","Deadly Poison","Backstab+1","Dodge and Roll","Catalyst+1","PiercingWail","Concentrate+1","Skewer+1","Infinite Blades+1","Backstab+1","Skewer+1","Adrenaline","Backstab+1","After Image+1","Skewer+1","Doppelganger+1","Doubt"],"special_seed":0,"relics":["Ring of the Snake","NeowsBlessing","Orichalcum","Molten Egg 2","Chemical X","Mummified Hand","Orrery","Dodecahedron","Philosopher\u0027s Stone","Singing Bowl","SsserpentHead"],"potions_floor_usage":[33,33,33,50,50,50],"damage_taken":[{"damage":0.0,"enemies":"2 Louse","floor":1.0,"turns":1.0},{"damage":0.0,"enemies":"Small Slimes","floor":2.0,"turns":1.0},{"damage":0.0,"enemies":"Gremlin Nob","floor":7.0,"turns":1.0},{"damage":0.0,"enemies":"Jaw Worm","floor":13.0,"turns":3.0},{"damage":15.0,"enemies":"The Guardian","floor":16.0,"turns":13.0},{"damage":0,"enemies":"Spheric Guardian","floor":18,"turns":5},{"damage":0,"enemies":"3 Byrds","floor":19,"turns":6},{"damage":12,"enemies":"Snake Plant","floor":20,"turns":3},{"damage":9,"enemies":"Centurion and Healer","floor":21,"turns":8},{"damage":0,"enemies":"Snecko","floor":29,"turns":5},{"damage":21,"enemies":"Sentry and Sphere","floor":30,"turns":7},{"damage":0,"enemies":"3 Cultists","floor":31,"turns":5},{"damage":47,"enemies":"Collector","floor":33,"turns":12},{"damage":0,"enemies":"3 Shapes","floor":35,"turns":3},{"damage":0,"enemies":"Orb Walker","floor":37,"turns":2},{"damage":1,"enemies":"Maw","floor":38,"turns":7},{"damage":21,"enemies":"Transient","floor":41,"turns":5},{"damage":7,"enemies":"Jaw Worm Horde","floor":42,"turns":3},{"damage":32,"enemies":"4 Shapes","floor":47,"turns":2},{"damage":87,"enemies":"Awakened One","floor":50,"turns":11}],"seed_played":"-4082844657448549599","potions_obtained":[{"floor":7.0,"key":"SpeedPotion"},{"floor":13.0,"key":"FearPotion"},{"floor":18,"key":"LiquidBronze"},{"floor":20,"key":"Dexterity Potion"},{"floor":33,"key":"Poison Potion"},{"floor":37,"key":"Dexterity Potion"},{"floor":38,"key":"Poison Potion"},{"floor":41,"key":"Regen Potion"}],"is_trial":false,"path_per_floor":["M","M","?","?","?","R","E","R","T","$","R","?","M","$","R","B",null,"M","M","M","M","$","R","?","R","T","R","?","M","M","M","R","B",null,"M","?","M","M","$","R","M","M","T","R","?","R","M","?","R","B"],"character_chosen":"THE_SILENT","items_purchased":["Chemical X","Infinite Blades","Deadly Poison","Concentrate","Skewer+1","Backstab+1","After Image"],"campfire_rested":3,"item_purchase_floors":[10,14,14,22,22,39,39],"current_hp_per_floor":[70,70,56,56,45,66,66,66,66,66,66,54,54,54,54,39,70,70,70,58,49,49,49,49,49,49,49,49,49,28,28,49,2,70,70,70,70,69,69,69,48,41,41,62,62,62,32,72,72,0],"gold":175,"neow_bonus":"THREE_ENEMY_KILL","is_prod":false,"is_daily":false,"chose_seed":false,"campfire_upgraded":9,"win_rate":0,"timestamp":1549860689,"path_taken":["M","M","?","?","?","R","E","R","T","$","R","?","M","?","R","BOSS","BOSS","M","M","M","?","$","R","?","R","T","R","?","M","M","M","R","BOSS","M","?","M","M","$","R","M","M","T","R","?","R","?","?","R","BOSS"],"build_version":"2019-01-23","purchased_purges":1,"victory":false,"max_hp_per_floor":[70,70,70,70,70,70,70,70,70,70,70,70,70,70,70,70,70,70,70,70,70,70,70,70,70,70,70,70,70,70,70,70,70,70,70,70,70,70,70,70,70,70,70,70,70,70,72,72,72,72],"card_choices":[{"not_picked":["Deflect","Backflip","Poisoned Stab"],"picked":"SKIP","floor":1.0},{"not_picked":["Acrobatics","Flechettes"],"picked":"Concentrate","floor":2.0},{"not_picked":["Bane","Poisoned Stab"],"picked":"Backstab","floor":7.0},{"not_picked":["Prepared","Bane+1"],"picked":"Well Laid Plans","floor":13.0},{"not_picked":["Burst","Glass Knife+1"],"picked":"Malaise","floor":16},{"not_picked":["Blade Dance","Prepared"],"picked":"Deadly Poison","floor":17},{"not_picked":["Cloak And Dagger","Predator+1"],"picked":"PiercingWail","floor":17},{"not_picked":["Riddle With Holes+1","PiercingWail"],"picked":"Deadly Poison","floor":17},{"not_picked":["Deadly Poison","Escape Plan"],"picked":"Backstab+1","floor":17},{"not_picked":["Masterful Stab+1","Outmaneuver"],"picked":"Dodge and Roll","floor":18},{"not_picked":["Dagger Spray+1","All Out Attack+1"],"picked":"Catalyst+1","floor":19},{"not_picked":["Slice+1","Quick Slash+1"],"picked":"PiercingWail","floor":20},{"not_picked":["Wraith Form v2","Slice+1","Acrobatics"],"picked":"SKIP","floor":21},{"not_picked":["Poisoned Stab+1","Blade Dance","All Out Attack+1"],"picked":"SKIP","floor":29},{"not_picked":["Dagger Throw+1","Leg Sweep"],"picked":"Backstab+1","floor":30},{"not_picked":["Reflex","Tactician"],"picked":"Skewer+1","floor":31},{"not_picked":["Die Die Die+1","Glass Knife+1"],"picked":"Adrenaline","floor":33},{"not_picked":["All Out Attack+1","Poisoned Stab+1","Acrobatics"],"picked":"SKIP","floor":35},{"not_picked":["Flying Knee+1","Expertise","PiercingWail+1"],"picked":"SKIP","floor":37},{"not_picked":["Quick Slash+1","Prepared+1","Endless Agony+1"],"picked":"SKIP","floor":38},{"not_picked":["Underhanded Strike+1","Accuracy"],"picked":"Skewer+1","floor":41},{"not_picked":["Backflip","Riddle With Holes+1"],"picked":"Doppelganger","floor":42},{"not_picked":["Poisoned Stab+1","Dagger Spray+1","Footwork"],"picked":"Singing Bowl","floor":47}],"player_experience":1027436,"relics_obtained":[{"floor":7.0,"key":"Orichalcum"},{"floor":9.0,"key":"Molten Egg 2"},{"floor":26,"key":"Dodecahedron"},{"floor":43,"key":"Singing Bowl"}],"event_choices":[{"damage_healed":0.0,"max_hp_gain":0.0,"max_hp_loss":0.0,"gold_gain":0.0,"event_name":"Shining Light","player_choice":"Entered Light","floor":3.0,"gold_loss":0.0,"damage_taken":14.0,"cards_upgraded":["Strike_G","Strike_G"]},{"damage_healed":0.0,"max_hp_gain":0.0,"max_hp_loss":0.0,"gold_gain":175.0,"event_name":"Liars Game","player_choice":"AGREE","floor":4.0,"gold_loss":0.0,"damage_taken":0.0,"cards_obtained":["Doubt"]},{"damage_healed":0.0,"max_hp_gain":0.0,"max_hp_loss":0.0,"gold_gain":75.0,"event_name":"World of Goop","player_choice":"Gather Gold","floor":5.0,"gold_loss":0.0,"damage_taken":11.0},{"damage_healed":0.0,"max_hp_gain":0.0,"max_hp_loss":0.0,"gold_gain":0.0,"event_name":"Scrap Ooze","player_choice":"Success","floor":12.0,"gold_loss":0.0,"damage_taken":12.0,"relics_obtained":["Mummified Hand"]},{"damage_healed":0,"gold_gain":0,"player_choice":"Ignored","damage_taken":0,"max_hp_gain":0,"max_hp_loss":0,"event_name":"Beggar","floor":24,"gold_loss":0},{"damage_healed":0,"gold_gain":0,"player_choice":"Read","damage_taken":0,"max_hp_gain":0,"max_hp_loss":0,"event_name":"The Library","floor":28,"gold_loss":0,"cards_obtained":["Infinite Blades"]},{"damage_healed":0,"gold_gain":0,"player_choice":"Ignored","damage_taken":0,"max_hp_gain":0,"max_hp_loss":0,"event_name":"Tomb of Lord Red Mask","floor":36,"gold_loss":0},{"damage_healed":0,"gold_gain":0,"player_choice":"Trade","damage_taken":0,"relics_obtained":["SsserpentHead"],"max_hp_gain":0,"max_hp_loss":0,"event_name":"FaceTrader","floor":45,"gold_loss":0},{"damage_healed":40,"gold_gain":0,"player_choice":"Heal","damage_taken":0,"max_hp_gain":0,"max_hp_loss":0,"event_name":"MindBloom","floor":48,"gold_loss":0,"cards_obtained":["Doubt"]}],"is_beta":false,"boss_relics":[{"not_picked":["White Beast Statue","Snecko Eye"],"picked":"Orrery"},{"not_picked":["Black Star","Busted Crown"],"picked":"Philosopher\u0027s Stone"}],"items_purged_floors":[10],"is_endless":false,"potions_floor_spawned":[7,13,18,20,33,37,38,41],"killed_by":"Awakened One","ascension_level":0}