{"path_per_floor":["M","M","?","M","M","R","M","M","T","R","M","M","M","M","R","B",null,"M","?","M","M","$","R"],"character_chosen":"IRONCLAD","items_purchased":["Oddly Smooth Stone","Shrug It Off"],"gold_per_floor":[111,126,126,139,150,150,167,185,185,185,198,208,225,245,245,345,345,329,329,342,360,86,86],"floor_reached":24,"campfire_rested":2,"playtime":1160,"current_hp_per_floor":[77,80,64,69,59,59,59,42,42,42,42,45,43,19,43,39,80,59,59,45,10,10,34],"items_purged":["Normality"],"gold":86,"score":235,"play_id":"2a7f465a-9fe7-4665-8788-1541a342236a","local_time":"20180313015207","is_prod":false,"is_daily":false,"is_ascension_mode":true,"campfire_upgraded":2,"timestamp":1520920327,"path_taken":["M","M","?","M","M","R","?","M","T","R","M","M","M","M","R","BOSS","M","?","M","M","$","R","M"],"build_version":"2018-03-09","purchased_purges":1,"victory":false,"master_deck":["Strike_R+1","Strike_R","Strike_R","Strike_R","Strike_R","Defend_R","Defend_R","Defend_R","Defend_R","Bash","Pommel Strike","Body Slam+1","Barricade+1","Flame Barrier+1","Iron Wave","Body Slam","Ghostly Armor","Reaper","Writhe","Pain","Shrug It Off","Shrug It Off"],"max_hp_per_floor":[80,80,80,80,80,80,80,80,80,80,80,80,80,80,80,80,80,80,80,80,80,80,80],"relics":["Burning Blood","Prayer Wheel","Calipers","Calling Bell","Art of War","Champion Belt","Matryoshka","Oddly Smooth Stone"],"card_choices":[{"not_picked":["Havoc","Wild Strike"],"picked":"Pommel Strike"},{"not_picked":["Clash","Combust"],"picked":"Body Slam"},{"not_picked":["Shrug It Off","Sever Soul"],"picked":"Barricade"},{"not_picked":["Dual Wield","Dropkick"],"picked":"Flame Barrier"},{"not_picked":["Fire Breathing","Havoc"],"picked":"Iron Wave"},{"not_picked":["Heavy Blade","Blood for Blood"],"picked":"Body Slam"},{"not_picked":["Flex","Disarm"],"picked":"Ghostly Armor"},{"not_picked":["Barricade","Fiend Fire"],"picked":"Reaper"},{"not_picked":["Cleave","Dual Wield"],"picked":"Shrug It Off"}],"player_experience":243901,"potions_floor_usage":[16,21,24],"damage_taken":[{"damage":9,"enemies":"Jaw Worm","floor":1,"turns":4},{"damage":0,"enemies":"Small Slimes","floor":2,"turns":3},{"damage":1,"enemies":"Cultist","floor":4,"turns":3},{"damage":16,"enemies":"Blue Slaver","floor":5,"turns":3},{"damage":6,"enemies":"2 Fungi Beasts","floor":7,"turns":3},{"damage":23,"enemies":"Exordium Wildlife","floor":8,"turns":4},{"damage":6,"enemies":"Exordium Thugs","floor":11,"turns":3},{"damage":3,"enemies":"3 Louse","floor":12,"turns":3},{"damage":8,"enemies":"Blue Slaver","floor":13,"turns":4},{"damage":30,"enemies":"Red Slaver","floor":14,"turns":4},{"damage":10,"enemies":"The Guardian","floor":16,"turns":11},{"damage":35,"enemies":"2 Thieves","floor":18,"turns":4},{"damage":22,"enemies":"3 Byrds","floor":20,"turns":6},{"damage":41,"enemies":"Snake Plant","floor":21,"turns":6},{"damage":44,"enemies":"Slaver and Parasite","floor":24,"turns":4}],"event_choices":[{"event_name":"Shining Light","player_choice":"Entered Light","floor":3,"damage_taken":0},{"event_name":"Vampires","player_choice":"Ignored","floor":19,"damage_taken":0}],"boss_relics":[{"not_picked":["Runic Dome","Black Blood"],"picked":"Calling Bell"}],"potions_floor_spawned":[5,7,12,13,16],"seed_played":"-925984808734700134","killed_by":"Slaver and Parasite","ascension_level":4,"is_trial":false}