{"gold_per_floor":[114,114,130,145,160,160,160,170,170,170,38,38,55,90,90,186,186,198,210,83,83,83,83,94,94,169,187,187,2,2,22,22,117,117,127,127,143,12,12],"floor_reached":39,"playtime":1863,"items_purged":["Strike_B","Strike_B","Writhe"],"score":457,"play_id":"5fa22c04-9b69-43f2-8341-e9b6d8d18271","local_time":"20181103224635","is_ascension_mode":true,"campfire_choices":[{"floor":6.0,"key":"REST"},{"data":"Blizzard","floor":10.0,"key":"SMITH"},{"data":"Blizzard","floor":12.0,"key":"SMITH"},{"floor":15.0,"key":"REST"},{"floor":23.0,"key":"REST"},{"floor":28.0,"key":"REST"},{"floor":32,"key":"REST"}],"neow_cost":"NONE","seed_source_timestamp":6754435838280,"circlet_count":0,"master_deck":["Strike_B","Defend_B","Defend_B+1","Defend_B","Defend_B","Zap","Dualcast","Barrage+1","Blizzard+1","Loop","Glacier","Blizzard+1","Redo","Sunder","Multi-Cast","Electrodynamics","Barrage","Ball Lightning","Capacitor","Glacier+1","Chaos+1","Redo","Cold Snap","Self Repair","Cold Snap","Echo Form","Defragment+1","Stack","Capacitor"],"special_seed":0,"relics":["Cracked Core","DataDisk","Anchor","Smiling Mask","Matryoshka","Sundial","Velvet Choker"],"potions_floor_usage":[],"damage_taken":[{"damage":8.0,"enemies":"Small Slimes","floor":1.0,"turns":3.0},{"damage":0.0,"enemies":"2 Louse","floor":3.0,"turns":2.0},{"damage":6.0,"enemies":"Cultist","floor":4.0,"turns":3.0},{"damage":25.0,"enemies":"Lots of Slimes","floor":5.0,"turns":4.0},{"damage":5.0,"enemies":"Looter","floor":8.0,"turns":3.0},{"damage":2.0,"enemies":"Large Slime","floor":13.0,"turns":5.0},{"damage":12.0,"enemies":"Gremlin Nob","floor":14.0,"turns":4.0},{"damage":27.0,"enemies":"Hexaghost","floor":16.0,"turns":14.0},{"damage":30.0,"enemies":"3 Byrds","floor":18.0,"turns":4.0},{"damage":12.0,"enemies":"Chosen","floor":19.0,"turns":4.0},{"damage":32.0,"enemies":"3 Cultists","floor":24.0,"turns":4.0},{"damage":2.0,"enemies":"Chosen and Byrds","floor":27.0,"turns":5.0},{"damage":22,"enemies":"Shelled Parasite and Fungi","floor":31,"turns":5},{"damage":30,"enemies":"Automaton","floor":33,"turns":12},{"damage":51,"enemies":"3 Darklings","floor":35,"turns":4},{"damage":0,"enemies":"3 Shapes","floor":37,"turns":4},{"damage":47,"enemies":"Jaw Worm Horde","floor":39,"turns":2}],"seed_played":"-8957565233991677927","potions_obtained":[{"floor":1.0,"key":"GamblersBrew"},{"floor":4.0,"key":"SteroidPotion"},{"floor":13.0,"key":"Fire Potion"},{"floor":27.0,"key":"Ancient Potion"}],"is_trial":false,"path_per_floor":["M","?","M","M","M","R","?","M","T","R","$","R","M","E","R","B",null,"M","M","$","?","?","R","M","?","T","M","R","$","?","M","R","B",null,"M","?","M","$","M"],"character_chosen":"DEFECT","items_purchased":["Blizzard","Redo","Capacitor","Redo","Cold Snap","Self Repair","Capacitor"],"campfire_rested":5,"item_purchase_floors":[11,11,20,29,29,29,38],"current_hp_per_floor":[67,52,52,46,21,43,48,43,43,43,43,43,41,29,53,26,80,50,38,38,38,23,48,16,16,16,14,39,39,39,24,49,26,85,34,34,41,41,0],"gold":12,"neow_bonus":"RANDOM_COMMON_RELIC","is_prod":false,"is_daily":false,"chose_seed":false,"campfire_upgraded":2,"win_rate":0,"timestamp":1541299595,"path_taken":["M","?","M","M","M","R","?","M","T","R","$","R","M","E","R","BOSS","M","M","$","?","?","R","M","?","T","M","R","$","?","M","R","BOSS","M","?","M","$","?"],"build_version":"2018-11-01","purchased_purges":3,"victory":false,"max_hp_per_floor":[75,75,75,75,75,75,80,80,80,80,80,80,80,80,80,80,80,80,80,80,80,85,85,85,85,85,85,85,85,85,85,85,85,85,85,85,85,85,85],"card_choices":[{"not_picked":["Scrape","Lockon"],"picked":"Barrage","floor":1.0},{"not_picked":["Hello World","Tempest"],"picked":"Blizzard","floor":3.0},{"not_picked":["Streamline","Turbo"],"picked":"Loop","floor":4.0},{"not_picked":["Hologram","Coolheaded"],"picked":"Glacier","floor":5.0},{"not_picked":["Rebound","Rainbow","Gash"],"picked":"SKIP","floor":8.0},{"not_picked":["Steam","Reinforced Body"],"picked":"Sunder","floor":13.0},{"not_picked":["Stack","Gash"],"picked":"Multi-Cast","floor":14.0},{"not_picked":["Biased Cognition","Machine Learning"],"picked":"Electrodynamics","floor":16.0},{"not_picked":["Compile Driver+1","Auto Shields"],"picked":"Barrage","floor":18.0},{"not_picked":["Leap+1","Conserve Battery"],"picked":"Ball Lightning","floor":19.0},{"not_picked":["Streamline","Force Field+1"],"picked":"Glacier+1","floor":24.0},{"not_picked":["Rebound+1","Coolheaded"],"picked":"Chaos+1","floor":27.0},{"not_picked":["Hologram+1","Rip and Tear+1"],"picked":"Cold Snap","floor":31},{"not_picked":["Buffer","Core Surge"],"picked":"Echo Form","floor":33},{"not_picked":["Steam","Go for the Eyes"],"picked":"Defragment+1","floor":35},{"not_picked":["Barrage","Streamline+1"],"picked":"Stack","floor":37}],"player_experience":730354,"relics_obtained":[{"floor":9.0,"key":"Anchor"},{"floor":14.0,"key":"Smiling Mask"},{"floor":26.0,"key":"Matryoshka"}],"event_choices":[{"damage_healed":0.0,"max_hp_gain":0.0,"max_hp_loss":0.0,"gold_gain":0.0,"event_name":"Shining Light","player_choice":"Entered Light","floor":2.0,"gold_loss":0.0,"damage_taken":15.0,"cards_upgraded":["Barrage","Defend_B"]},{"damage_healed":0.0,"max_hp_gain":5.0,"max_hp_loss":0.0,"gold_gain":0.0,"event_name":"Big Fish","player_choice":"Donut","floor":7.0,"gold_loss":0.0,"damage_taken":0.0},{"cards_removed":["Strike_B"],"damage_healed":0.0,"max_hp_gain":0.0,"max_hp_loss":0.0,"gold_gain":0.0,"event_name":"Back to Basics","player_choice":"Elegance","floor":21.0,"gold_loss":0.0,"damage_taken":0.0},{"damage_healed":0.0,"max_hp_gain":5.0,"max_hp_loss":0.0,"gold_gain":0.0,"event_name":"Forgotten Altar","player_choice":"Shed Blood","floor":22.0,"gold_loss":0.0,"damage_taken":20.0},{"damage_healed":0.0,"max_hp_gain":0.0,"max_hp_loss":0.0,"gold_gain":0.0,"event_name":"Vampires","player_choice":"Ignored","floor":25.0,"gold_loss":0.0,"damage_taken":0.0},{"damage_healed":0,"gold_gain":0,"player_choice":"Opened","damage_taken":0,"relics_obtained":["Sundial"],"max_hp_gain":0,"max_hp_loss":0,"event_name":"The Mausoleum","floor":30,"gold_loss":0,"cards_obtained":["Writhe"]},{"damage_healed":0,"gold_gain":0,"player_choice":"Ignored","damage_taken":0,"max_hp_gain":0,"max_hp_loss":0,"event_name":"SecretPortal","floor":36,"gold_loss":0}],"is_beta":false,"boss_relics":[{"not_picked":["Runic Pyramid","Ectoplasm","Busted Crown"]},{"not_picked":["Calling Bell","Fusion Hammer"],"picked":"Velvet Choker"}],"items_purged_floors":[20,29,38],"is_endless":false,"potions_floor_spawned":[1,4,13,27],"killed_by":"Jaw Worm Horde","ascension_level":4}