{"gold_per_floor":[110,129,129,141,158,48,61,61,61,76,76,151,151,167,167,264,264,279,292,242,242,259,275,57,57,57,57,67,67,67],"floor_reached":30,"playtime":1605,"items_purged":["Strike_B"],"score":249,"play_id":"fd6c9aec-296b-41b6-9148-8557973e5140","local_time":"20180703230526","is_ascension_mode":false,"campfire_choices":[{"data":"Tempest","floor":8,"key":"SMITH"},{"floor":13,"key":"REST"},{"floor":15,"key":"REST"},{"floor":25,"key":"REST"},{"data":"Apotheosis","floor":27,"key":"SMITH"}],"neow_cost":"NONE","seed_source_timestamp":1746307349979302,"circlet_count":0,"master_deck":["Strike_B","Strike_B","Defend_B","Defend_B","Defend_B","Defend_B","Zap","Dualcast","Thunder Strike+1","Genetic Algorithm","Tempest+1","Beam Cell","Conserve Battery","Storm","Coolheaded","Thunder Strike","Hologram","Echo Form","Ball Lightning","Cold Snap+1","Ghostly","Ghostly","Ghostly","Ghostly","Ghostly","Cold Snap","Leap","Static Discharge","Apotheosis+1","Chill+1"],"relics":["Cracked Core","Bag of Preparation","Nuclear Battery","Toxic Egg 2"],"potions_floor_usage":[16,23,23,30,30],"damage_taken":[{"damage":7,"enemies":"2 Louse","floor":1,"turns":3},{"damage":0,"enemies":"Jaw Worm","floor":2,"turns":4},{"damage":0,"enemies":"Cultist","floor":4,"turns":3},{"damage":31,"enemies":"Exordium Wildlife","floor":5,"turns":4},{"damage":0,"enemies":"Looter","floor":7,"turns":3},{"damage":0,"enemies":"2 Fungi Beasts","floor":10,"turns":3},{"damage":3,"enemies":"Blue Slaver","floor":14,"turns":4},{"damage":23,"enemies":"The Guardian","floor":16,"turns":9},{"damage":17,"enemies":"2 Thieves","floor":18,"turns":4},{"damage":20,"enemies":"3 Byrds","floor":19,"turns":5},{"damage":33,"enemies":"3 Cultists","floor":22,"turns":5},{"damage":1,"enemies":"Centurion and Healer","floor":23,"turns":4},{"damage":13,"enemies":"Chosen and Byrds","floor":28,"turns":9},{"damage":9,"enemies":"3 Cultists","floor":30,"turns":4}],"seed_played":"-1855529385181857601","potions_obtained":[{"floor":1,"key":"FocusPotion"},{"floor":4,"key":"Dexterity Potion"},{"floor":10,"key":"Dexterity Potion"},{"floor":16,"key":"Strength Potion"},{"floor":23,"key":"Dexterity Potion"}],"is_trial":false,"path_per_floor":["M","M","?","M","M","$","M","R","T","M","?","?","R","M","R","B",null,"M","M","?","?","M","M","$","R","T","R","M","?"],"character_chosen":"DEFECT","items_purchased":["Storm","Static Discharge","Apotheosis"],"campfire_rested":3,"item_purchase_floors":[6,24,24],"current_hp_per_floor":[68,68,68,68,37,37,37,37,37,37,30,19,41,38,60,37,75,58,38,38,37,4,3,3,14,14,14,1,1,0],"gold":67,"neow_bonus":"ONE_RANDOM_RARE_CARD","is_prod":false,"is_daily":false,"chose_seed":false,"campfire_upgraded":2,"win_rate":0,"timestamp":1530673526,"path_taken":["M","M","?","?","M","$","M","R","T","M","?","?","R","M","R","BOSS","M","M","?","?","?","M","$","R","T","R","M","?","M"],"build_version":"2018-06-28","purchased_purges":1,"victory":false,"max_hp_per_floor":[75,75,75,75,75,75,75,75,75,75,75,75,75,75,75,75,75,75,75,75,37,37,37,37,37,37,37,37,37,37],"card_choices":[{"not_picked":["Scrape","Lockon"],"picked":"Genetic Algorithm","floor":1},{"not_picked":["Rip and Tear","Barrage"],"picked":"Tempest","floor":2},{"not_picked":["Streamline","Steam"],"picked":"Beam Cell","floor":4},{"not_picked":["Steam","Beam Cell"],"picked":"Conserve Battery","floor":5},{"not_picked":["Gash","Leap"],"picked":"Coolheaded","floor":7},{"not_picked":["Redo","Beam Cell"],"picked":"Thunder Strike","floor":10},{"not_picked":["Steam","Force Field"],"picked":"Hologram","floor":14},{"not_picked":["Rainbow","All For One"],"picked":"Echo Form","floor":16},{"not_picked":["Rebound+1","Stack"],"picked":"Ball Lightning","floor":18},{"not_picked":["Beam Cell+1","Rebound"],"picked":"Cold Snap+1","floor":19},{"not_picked":["Rebound+1","Compile Driver"],"picked":"Cold Snap","floor":22},{"not_picked":["Hologram","Cold Snap"],"picked":"Leap","floor":23},{"not_picked":["FTL","Compile Driver+1"],"picked":"Chill+1","floor":28}],"player_experience":546264,"relics_obtained":[{"floor":9,"key":"Bag of Preparation"},{"floor":26,"key":"Toxic Egg 2"}],"event_choices":[{"event_name":"Living Wall","player_choice":"Grow","floor":3,"damage_taken":0},{"event_name":"Golden Wing","player_choice":"Card Removal","floor":11,"damage_taken":0},{"event_name":"World of Goop","player_choice":"Gather Gold","floor":12,"damage_taken":0},{"event_name":"The Joust","player_choice":"Bet on Murderer","floor":20,"damage_taken":0},{"event_name":"Ghosts","player_choice":"Became a Ghost","floor":21,"damage_taken":0},{"event_name":"Addict","player_choice":"Ignored","floor":29,"damage_taken":0}],"boss_relics":[{"not_picked":["Philosopher\u0027s Stone","Black Star"],"picked":"Nuclear Battery"}],"items_purged_floors":[6],"is_endless":false,"potions_floor_spawned":[1,4,10,16,18,23],"killed_by":"3 Cultists","ascension_level":0}