{"gold_per_floor":[368,368,368,385,29,29,49,64,87,114,137,149,176,222,234,344,356,386,668,26,26,42,42,42,69,69,69,88,103,103,3,3,98,98,111,166,99,99,99,99,128,148,171,185,205,217,217,227,227,227],"floor_reached":51,"playtime":4035,"items_purged":["Regret","Strike_B"],"score":832,"play_id":"50576ec1-79bd-4e93-aee6-dd6d98283b06","local_time":"20181111094639","is_ascension_mode":false,"campfire_choices":[{"data":"Zap","floor":6,"key":"SMITH"},{"floor":12,"key":"REST"},{"floor":15,"key":"REST"},{"floor":23,"key":"REST"},{"floor":27,"key":"REST"},{"data":"Rainbow","floor":32,"key":"SMITH"},{"data":"Creative AI","floor":40,"key":"SMITH"},{"data":"Defragment","floor":49,"key":"SMITH"}],"neow_cost":"TEN_PERCENT_HP_LOSS","seed_source_timestamp":4093837381454,"circlet_count":0,"master_deck":["Defend_B","Defend_B","Defend_B","Defend_B","Zap+1","Dualcast","Hello World","Panache","Defragment+1","Tempest","Heatsinks","Buffer","Hello World","Tempest","Leap","Seek","Rainbow+1","Leap","Trip","Self Repair","Panache","Beam Cell","Ball Lightning+1","Streamline+1","Ball Lightning","Thunder Strike","Chaos+1","Ghostly","Ghostly","Ghostly","Ghostly","Ghostly","Creative AI+1","Hello World+1","Capacitor+1","Storm+1","Streamline+1","Melter+1","Static Discharge","Madness","Madness","Defragment+1","White Noise","Darkness+1","Thunder Strike"],"relics":["Cracked Core","Oddly Smooth Stone","Dream Catcher","MawBank","Potion Belt","Runic Pyramid","Thread and Needle","Nloth\u0027s Gift","Regal Pillow","Mummified Hand","Astrolabe","FossilizedHelix","Lantern","Vajra"],"potions_floor_usage":[7,8,10,10,11,13,21,22,25,25,28,29,36,36,46,50,50],"damage_taken":[{"damage":13,"enemies":"2 Louse","floor":1,"turns":3},{"damage":3,"enemies":"Small Slimes","floor":4,"turns":4},{"damage":2,"enemies":"Jaw Worm","floor":7,"turns":2},{"damage":7,"enemies":"Red Slaver","floor":8,"turns":2},{"damage":18,"enemies":"Gremlin Nob","floor":10,"turns":3},{"damage":6,"enemies":"Lots of Slimes","floor":11,"turns":2},{"damage":7,"enemies":"Gremlin Gang","floor":13,"turns":3},{"damage":3,"enemies":"Lagavulin","floor":14,"turns":6},{"damage":4,"enemies":"Hexaghost","floor":16,"turns":8},{"damage":10,"enemies":"Chosen","floor":18,"turns":5},{"damage":0,"enemies":"3 Byrds","floor":22,"turns":3},{"damage":26,"enemies":"Slavers","floor":25,"turns":4},{"damage":1,"enemies":"Snecko","floor":28,"turns":6},{"damage":4,"enemies":"Cultist and Chosen","floor":29,"turns":3},{"damage":0,"enemies":"Automaton","floor":33,"turns":8},{"damage":1,"enemies":"Orb Walker","floor":35,"turns":3},{"damage":22,"enemies":"2 Orb Walkers","floor":36,"turns":4},{"damage":14,"enemies":"Giant Head","floor":41,"turns":7},{"damage":0,"enemies":"3 Shapes","floor":42,"turns":3},{"damage":0,"enemies":"Spire Growth","floor":44,"turns":4},{"damage":20,"enemies":"Jaw Worm Horde","floor":45,"turns":3},{"damage":0,"enemies":"Writhing Mass","floor":46,"turns":5},{"damage":0,"enemies":"Maw","floor":48,"turns":5},{"damage":0,"enemies":"Donu and Deca","floor":50,"turns":5}],"seed_played":"454955758007857405","potions_obtained":[{"floor":1,"key":"AttackPotion"},{"floor":4,"key":"AttackPotion"},{"floor":7,"key":"FocusPotion"},{"floor":8,"key":"Explosive Potion"},{"floor":11,"key":"SteroidPotion"},{"floor":14,"key":"SpeedPotion"},{"floor":21,"key":"AttackPotion"},{"floor":21,"key":"Fruit Juice"},{"floor":21,"key":"SteroidPotion"},{"floor":22,"key":"GamblersBrew"},{"floor":25,"key":"GamblersBrew"},{"floor":33,"key":"Fire Potion"},{"floor":35,"key":"Block Potion"},{"floor":42,"key":"Energy Potion"},{"floor":44,"key":"Dexterity Potion"}],"is_trial":false,"path_per_floor":["M","?","?","M","$","R","M","M","T","E","M","R","M","E","R","B",null,"M","?","$","?","M","R","?","E","T","R","M","M","?","$","R","B",null,"M","?","$","?","?","R","E","M","T","M","M","M","?","M","R","B",null],"character_chosen":"DEFECT","items_purchased":["Panache","Defragment","AttackPotion","Thread and Needle","Self Repair","Panache","Beam Cell","Block Potion","Static Discharge"],"campfire_rested":4,"item_purchase_floors":[5,5,5,20,20,20,20,20,37],"current_hp_per_floor":[55,55,37,34,34,34,32,25,25,7,1,21,14,11,31,27,68,58,16,16,21,21,42,42,28,28,64,70,73,36,36,36,36,36,35,20,20,15,31,31,17,17,17,24,4,4,4,11,11,11],"gold":227,"neow_bonus":"TWO_FIFTY_GOLD","is_prod":false,"is_daily":false,"chose_seed":false,"campfire_upgraded":4,"win_rate":0.0,"timestamp":1541947599,"path_taken":["M","?","?","M","$","R","M","M","T","E","M","R","M","E","R","BOSS","M","?","$","?","M","R","?","E","T","R","?","?","?","?","R","BOSS","M","?","$","?","?","R","E","M","T","M","M","M","?","?","R","BOSS"],"build_version":"2018-11-08","purchased_purges":2,"victory":true,"max_hp_per_floor":[68,68,68,68,68,68,68,68,68,68,68,68,68,68,68,68,68,68,68,68,73,73,73,73,73,73,73,73,73,36,36,36,36,36,36,36,36,36,31,31,31,31,31,31,31,31,31,31,31,31],"card_choices":[{"not_picked":["Rip and Tear","Heatsinks"],"picked":"Hello World","floor":1},{"not_picked":["Consume","Sunder"],"picked":"Go for the Eyes","floor":4},{"not_picked":["Steam","Aggregate"],"picked":"Tempest","floor":7},{"not_picked":["Barrage","Coolheaded"],"picked":"Heatsinks","floor":8},{"not_picked":["Go for the Eyes","Rebound"],"picked":"Buffer","floor":10},{"not_picked":["Turbo","Melter"],"picked":"Hello World","floor":11},{"not_picked":["Leap","Turbo"],"picked":"Tempest","floor":12},{"not_picked":["Redo","Rip and Tear"],"picked":"Leap","floor":13},{"not_picked":["Conserve Battery","Chill","Aggregate"],"picked":"SKIP","floor":14},{"not_picked":["Leap","Scrape"],"picked":"Seek","floor":15},{"not_picked":["Reboot","Hyperbeam"],"picked":"Rainbow","floor":16},{"not_picked":["Beam Cell","Compile Driver"],"picked":"Leap","floor":18},{"not_picked":["Skim","Go for the Eyes"],"picked":"Ball Lightning+1","floor":22},{"not_picked":["Conserve Battery","Turbo"],"picked":"Streamline+1","floor":23},{"not_picked":["Reboot","Stack"],"picked":"Ball Lightning","floor":25},{"not_picked":["Hello World","Ball Lightning"],"picked":"Thunder Strike","floor":28},{"not_picked":["Sweeping Beam","Glacier+1"],"picked":"Chaos+1","floor":29},{"not_picked":["Seek","Biased Cognition"],"picked":"Creative AI","floor":33},{"not_picked":["Compile Driver","Turbo+1"],"picked":"Streamline+1","floor":35},{"not_picked":["Compile Driver","Genetic Algorithm"],"picked":"Melter+1","floor":36},{"not_picked":["Meteor Strike","Hologram+1","Redo"],"picked":"SKIP","floor":41},{"not_picked":["Rebound","Redo","Leap"],"picked":"SKIP","floor":42},{"not_picked":["Redo+1","Turbo"],"picked":"Defragment+1","floor":44},{"not_picked":["Go for the Eyes+1","Heatsinks+1"],"picked":"White Noise","floor":45},{"not_picked":["Steam+1","Turbo+1"],"picked":"Darkness+1","floor":46},{"not_picked":["Ball Lightning+1","Gash"],"picked":"Thunder Strike","floor":48}],"player_experience":174840,"relics_obtained":[{"floor":9,"key":"Dream Catcher"},{"floor":10,"key":"MawBank"},{"floor":14,"key":"Potion Belt"},{"floor":25,"key":"Regal Pillow"},{"floor":26,"key":"Mummified Hand"},{"floor":36,"key":"FossilizedHelix"},{"floor":41,"key":"Lantern"},{"floor":43,"key":"Vajra"}],"event_choices":[{"damage_healed":0,"gold_gain":0,"player_choice":"Box","damage_taken":0,"relics_obtained":["Juzu Bracelet"],"max_hp_gain":0,"max_hp_loss":0,"event_name":"Big Fish","floor":2,"gold_loss":0,"cards_obtained":["Regret"]},{"damage_healed":0,"gold_gain":0,"player_choice":"Success","damage_taken":18,"relics_obtained":["Oddly Smooth Stone"],"max_hp_gain":0,"max_hp_loss":0,"event_name":"Scrap Ooze","floor":3,"gold_loss":0},{"damage_healed":0,"gold_gain":270,"player_choice":"GOLD GOLD POTION CARD POTION GOLD ","damage_taken":42,"max_hp_gain":0,"max_hp_loss":0,"event_name":"Knowing Skull","floor":19,"potions_obtained":["Regen Potion","Swift Potion"],"gold_loss":0,"cards_obtained":["Trip"]},{"damage_healed":0,"gold_gain":0,"player_choice":"Got Potions","damage_taken":0,"max_hp_gain":0,"max_hp_loss":0,"event_name":"Lab","floor":21,"gold_loss":0},{"damage_healed":0,"gold_gain":0,"player_choice":"Traded Relic","damage_taken":0,"relics_obtained":["Nloth\u0027s Gift"],"max_hp_gain":0,"max_hp_loss":0,"event_name":"N\u0027loth","floor":24,"relics_lost":["Juzu Bracelet"],"gold_loss":0},{"damage_healed":0,"gold_gain":0,"player_choice":"Became a Ghost","damage_taken":0,"max_hp_gain":0,"max_hp_loss":37,"event_name":"Ghosts","floor":30,"gold_loss":0,"cards_obtained":["Ghostly","Ghostly","Ghostly","Ghostly","Ghostly"]},{"damage_healed":0,"gold_gain":0,"player_choice":"Fight","damage_taken":0,"max_hp_gain":0,"max_hp_loss":0,"event_name":"Mysterious Sphere","floor":36,"gold_loss":0},{"damage_healed":0,"gold_gain":0,"player_choice":"Embrace Madness","damage_taken":5,"max_hp_gain":0,"max_hp_loss":0,"event_name":"Winding Halls","floor":38,"gold_loss":0,"cards_obtained":["Madness","Madness"]},{"damage_healed":31,"gold_gain":0,"player_choice":"Heal","damage_taken":0,"max_hp_gain":0,"max_hp_loss":5,"event_name":"The Moai Head","floor":39,"gold_loss":0},{"cards_removed":["Go for the Eyes"],"damage_healed":0,"gold_gain":0,"player_choice":"Removed Attack","damage_taken":0,"max_hp_gain":0,"max_hp_loss":0,"event_name":"Falling","floor":47,"gold_loss":0}],"is_beta":false,"boss_relics":[{"not_picked":["Inserter","FrozenCore"],"picked":"Runic Pyramid"},{"not_picked":["Eternal Feather","Sozu"],"picked":"Astrolabe"}],"items_purged_floors":[5,31],"is_endless":false,"potions_floor_spawned":[1,4,7,8,11,14,22,25,33,35,42,44],"ascension_level":0}