{"path_per_floor":["M","?","M","M","?","E","R","E","T","R","E","?","?","$","R"],"character_chosen":"IRONCLAD","items_purchased":["Gremlin Horn","Perfected Strike"],"gold_per_floor":[119,119,138,153,153,191,191,230,257,257,300,300,365,66,66],"floor_reached":16,"campfire_rested":1,"playtime":577,"current_hp_per_floor":[80,64,61,62,42,29,53,29,29,29,51,51,37,37,37],"items_purged":[],"gold":66,"score":166,"play_id":"a475b07a-ca6e-4a51-bfa2-7d6cfafc8f65","local_time":"20180303154753","is_prod":false,"is_daily":false,"is_ascension_mode":false,"campfire_upgraded":2,"timestamp":1520110073,"path_taken":["M","?","M","M","?","E","R","E","T","R","E","?","?","$","R","BOSS"],"build_version":"2018-03-01-PROD1","purchased_purges":0,"victory":false,"master_deck":["Strike_R","Strike_R+1","Strike_R","Strike_R","Strike_R+1","Defend_R","Defend_R","Defend_R","Bash","Headbutt","Twin Strike","Headbutt","Bludgeon+1","Pommel Strike","Perfected Strike+1"],"max_hp_per_floor":[80,80,80,80,80,82,82,82,82,82,98,98,98,98,98],"relics":["Burning Blood","Golden Idol","Singing Bowl","Dodecahedron","Juzu Bracelet","Mango","Bag of Preparation","Gremlin Horn"],"card_choices":[{"not_picked":["Feel No Pain","Entrench"],"picked":"Headbutt"},{"not_picked":["Warcry","True Grit"],"picked":"Twin Strike"},{"not_picked":["Armaments","Feel No Pain"],"picked":"Headbutt"},{"not_picked":["Twin Strike","Armaments"],"picked":"Bludgeon"},{"not_picked":["Spot Weakness","Evolve"],"picked":"Pommel Strike"}],"player_experience":67609,"potions_floor_usage":[6,6,13,16],"damage_taken":[{"damage":1,"enemies":"Cultist","floor":1,"turns":3},{"damage":9,"enemies":"2 Louse","floor":3,"turns":3},{"damage":5,"enemies":"Small Slimes","floor":4,"turns":3},{"damage":21,"enemies":"Lagavulin","floor":6,"turns":5},{"damage":30,"enemies":"3 Sentries","floor":8,"turns":7},{"damage":0,"enemies":"Gremlin Nob","floor":11,"turns":2},{"damage":20,"enemies":"Lagavulin Event","floor":13,"turns":4},{"damage":38,"enemies":"Hexaghost","floor":16,"turns":6}],"event_choices":[{"event_name":"Shining Light","player_choice":"Entered Light","floor":2,"damage_taken":0},{"event_name":"Golden Idol","player_choice":"Take Damage","floor":5,"damage_taken":0},{"event_name":"Living Wall","player_choice":"Forget","floor":12,"damage_taken":0},{"event_name":"Dead Adventurer","player_choice":"Searched \u00272\u0027 times","floor":13,"damage_taken":0}],"boss_relics":[],"potions_floor_spawned":[1,3,6,11],"seed_played":"6099656838944704982","killed_by":"Hexaghost","ascension_level":0,"is_trial":false}