{"gold_per_floor":[109,11,29,29,29,104,142,166,166,116,116,151,151,166,166,291,291,316,74,74,199,222,222,238,256,336,336,121,121,121,164,164,288,288,309,329,266,281,299,299,299,299,299,299,312,337,337,12,12,12],"floor_reached":51,"playtime":1386,"items_purged":["Strike_R","Strike_R","Defend_R","Bash"],"score":698,"play_id":"62b15131-0a3d-4c25-a7a4-2d463580fc69","local_time":"20190302182459","is_ascension_mode":false,"campfire_choices":[{"data":"Armaments","floor":13.0,"key":"SMITH"},{"data":"Armaments","floor":15.0,"key":"SMITH"},{"floor":23.0,"key":"REST"},{"data":"Flex","floor":27.0,"key":"SMITH"},{"data":"Defend_R","floor":29.0,"key":"PURGE"},{"data":"Defend_R","floor":32.0,"key":"PURGE"},{"data":"Defend_R","floor":40.0,"key":"PURGE"},{"data":"Writhe","floor":41.0,"key":"PURGE"},{"data":"Strike_R+1","floor":44.0,"key":"PURGE"},{"data":"Demon Form","floor":49,"key":"SMITH"}],"neow_cost":"NONE","seed_source_timestamp":7761818762253,"circlet_count":0,"master_deck":["Flex+1","Flex","Cleave","Thunderclap+1","Reaper","Armaments+1","Cleave","Armaments+1","Demon Form+1","Uppercut+1","Metallicize","Shrug It Off","Impervious","Clothesline+1","Headbutt+1","Shockwave+1"],"special_seed":0,"relics":["Burning Blood","NeowsBlessing","Golden Idol","Sundial","Whetstone","WingedGreaves","Centennial Puzzle","Busted Crown","Membership Card","Dodecahedron","Dead Branch","Question Card","Pantograph","Peace Pipe","Bottled Lightning","Coffee Dripper","Toxic Egg 2","OrangePellets","Oddly Smooth Stone"],"potions_floor_usage":[50,50,50],"damage_taken":[{"damage":0.0,"enemies":"2 Louse","floor":1.0,"turns":1.0},{"damage":0.0,"enemies":"Jaw Worm","floor":3.0,"turns":1.0},{"damage":0.0,"enemies":"Lagavulin","floor":7.0,"turns":1.0},{"damage":0.0,"enemies":"Small Slimes","floor":8.0,"turns":2.0},{"damage":19.0,"enemies":"3 Sentries","floor":12.0,"turns":6.0},{"damage":11.0,"enemies":"Gremlin Gang","floor":14.0,"turns":3.0},{"damage":45.0,"enemies":"Slime Boss","floor":16.0,"turns":8.0},{"damage":7.0,"enemies":"2 Thieves","floor":18.0,"turns":4.0},{"damage":32.0,"enemies":"Colosseum Slavers","floor":21.0,"turns":3.0},{"damage":36.0,"enemies":"Colosseum Nobs","floor":21.0,"turns":4.0},{"damage":27.0,"enemies":"Spheric Guardian","floor":22.0,"turns":6.0},{"damage":19.0,"enemies":"Centurion and Healer","floor":24.0,"turns":4.0},{"damage":12.0,"enemies":"3 Cultists","floor":25.0,"turns":4.0},{"damage":52.0,"enemies":"Gremlin Leader","floor":31.0,"turns":7.0},{"damage":68.0,"enemies":"Automaton","floor":33.0,"turns":11.0},{"damage":7.0,"enemies":"3 Shapes","floor":35.0,"turns":3.0},{"damage":17.0,"enemies":"3 Darklings","floor":36.0,"turns":3.0},{"damage":22.0,"enemies":"Jaw Worm Horde","floor":38.0,"turns":3.0},{"damage":21.0,"enemies":"Transient","floor":39.0,"turns":5.0},{"damage":4.0,"enemies":"3 Darklings","floor":45.0,"turns":3.0},{"damage":18.0,"enemies":"4 Shapes","floor":46.0,"turns":5.0},{"damage":28,"enemies":"Donu and Deca","floor":50,"turns":6}],"seed_played":"-6897992083453424957","potions_obtained":[{"floor":8.0,"key":"Weak Potion"},{"floor":12.0,"key":"AttackPotion"},{"floor":22.0,"key":"SteroidPotion"},{"floor":24.0,"key":"Ancient Potion"},{"floor":38.0,"key":"SteroidPotion"},{"floor":39.0,"key":"SmokeBomb"},{"floor":45.0,"key":"Weak Potion"}],"is_trial":false,"path_per_floor":["M","$","M","?","?","?","E","M","T","?","?","E","R","M","R","B",null,"M","$","?","?","M","R","M","M","T","R","$","R","?","E","R","B",null,"M","M","$","M","M","R","R","?","T","R","M","M","?","$","R","B",null],"character_chosen":"IRONCLAD","items_purchased":["Flex","Cleave","Membership Card","Peace Pipe","Metallicize","OrangePellets","Shockwave+1","Oddly Smooth Stone","SpeedPotion","Dexterity Potion"],"campfire_rested":1,"item_purchase_floors":[2,2,19,28,28,48,48,48,48,48],"current_hp_per_floor":[80,80,80,60,53,42,48,54,54,54,47,61,61,64,64,25,80,80,80,80,50,36,60,59,79,79,79,79,79,79,51,51,24,80,79,80,80,64,71,71,71,71,71,71,77,72,72,72,72,80],"gold":12,"neow_bonus":"THREE_ENEMY_KILL","is_prod":false,"is_daily":false,"chose_seed":false,"campfire_upgraded":4,"win_rate":0,"timestamp":1551572699,"path_taken":["M","$","M","?","?","?","E","?","T","?","?","E","R","M","R","BOSS","M","$","?","?","M","R","M","M","T","R","$","R","?","E","R","BOSS","M","M","$","M","?","R","R","?","T","R","M","M","?","$","R","BOSS"],"build_version":"2019-01-23","purchased_purges":4,"victory":true,"max_hp_per_floor":[80,80,80,80,80,80,80,80,80,80,80,80,80,80,80,80,80,80,80,80,80,80,80,80,80,80,80,80,80,80,80,80,80,80,80,80,80,80,80,80,80,80,80,80,80,80,80,80,80,80],"card_choices":[{"not_picked":["Perfected Strike","Thunderclap"],"picked":"Flex","floor":1.0},{"not_picked":["Anger","Burning Pact"],"picked":"Thunderclap","floor":3.0},{"not_picked":["Heavy Blade","Fire Breathing"],"picked":"Reaper","floor":7.0},{"not_picked":["Corruption","Perfected Strike"],"picked":"Armaments","floor":8.0},{"not_picked":["Rage","Wild Strike"],"picked":"Cleave","floor":12.0},{"not_picked":["Perfected Strike","Thunderclap"],"picked":"Armaments","floor":14.0},{"not_picked":["Berserk","Exhume"],"picked":"Demon Form","floor":16.0},{"not_picked":["Heavy Blade"],"picked":"SKIP","floor":18.0},{"not_picked":["Iron Wave+1","Wild Strike"],"picked":"SKIP","floor":22.0},{"not_picked":["Anger","Warcry"],"picked":"SKIP","floor":24.0},{"not_picked":["Anger"],"picked":"Uppercut+1","floor":25.0},{"not_picked":["Heavy Blade"],"picked":"Shrug It Off","floor":31.0},{"not_picked":["Barricade"],"picked":"Impervious","floor":33.0},{"not_picked":["Warcry+1","Power Through+1"],"picked":"SKIP","floor":35.0},{"not_picked":["Twin Strike+1"],"picked":"Clothesline+1","floor":36.0},{"not_picked":["Clash+1","Rampage+1"],"picked":"SKIP","floor":38.0},{"not_picked":["Thunderclap","Anger+1"],"picked":"SKIP","floor":39.0},{"not_picked":["Seeing Red+1","Fire Breathing+1"],"picked":"SKIP","floor":45.0},{"not_picked":["Anger+1"],"picked":"Headbutt+1","floor":46.0}],"player_experience":970592,"relics_obtained":[{"floor":7.0,"key":"Whetstone"},{"floor":9.0,"key":"WingedGreaves"},{"floor":12.0,"key":"Centennial Puzzle"},{"floor":21.0,"key":"Dead Branch"},{"floor":21.0,"key":"Question Card"},{"floor":26.0,"key":"Pantograph"},{"floor":31.0,"key":"Bottled Lightning"},{"floor":43.0,"key":"Toxic Egg 2"}],"event_choices":[{"damage_healed":0.0,"max_hp_gain":0.0,"max_hp_loss":0.0,"gold_gain":0.0,"event_name":"Golden Idol","player_choice":"Take Damage","floor":4.0,"gold_loss":0.0,"damage_taken":20.0,"relics_obtained":["Golden Idol"]},{"damage_healed":0.0,"max_hp_gain":0.0,"max_hp_loss":0.0,"gold_gain":0.0,"event_name":"Scrap Ooze","player_choice":"Success","floor":5.0,"gold_loss":0.0,"damage_taken":7.0,"relics_obtained":["Sundial"]},{"damage_healed":0.0,"max_hp_gain":0.0,"max_hp_loss":0.0,"gold_gain":75.0,"event_name":"World of Goop","player_choice":"Gather Gold","floor":6.0,"gold_loss":0.0,"damage_taken":11.0},{"cards_removed":["Strike_R"],"damage_healed":0.0,"max_hp_gain":0.0,"max_hp_loss":0.0,"gold_gain":0.0,"event_name":"The Cleric","player_choice":"Card Removal","floor":10.0,"gold_loss":50.0,"damage_taken":0.0},{"cards_removed":["Strike_R"],"damage_healed":0.0,"max_hp_gain":0.0,"max_hp_loss":0.0,"gold_gain":0.0,"event_name":"Golden Wing","player_choice":"Card Removal","floor":11.0,"gold_loss":0.0,"damage_taken":7.0},{"damage_healed":0.0,"max_hp_gain":0.0,"max_hp_loss":0.0,"gold_gain":0.0,"event_name":"The Mausoleum","player_choice":"Opened","floor":20.0,"gold_loss":0.0,"damage_taken":0.0,"relics_obtained":["Dodecahedron"],"cards_obtained":["Writhe"]},{"damage_healed":0.0,"max_hp_gain":0.0,"max_hp_loss":0.0,"gold_gain":0.0,"event_name":"Colosseum","player_choice":"Fight","floor":21.0,"gold_loss":0.0,"damage_taken":0.0},{"damage_healed":0.0,"max_hp_gain":0.0,"max_hp_loss":0.0,"gold_gain":0.0,"event_name":"Colosseum","player_choice":"Fought Nobs","floor":21.0,"gold_loss":0.0,"damage_taken":0.0},{"damage_healed":0.0,"max_hp_gain":0.0,"max_hp_loss":0.0,"gold_gain":0.0,"event_name":"NoteForYourself","player_choice":"Ignored","floor":30.0,"gold_loss":0.0,"damage_taken":0.0},{"damage_healed":0.0,"max_hp_gain":0.0,"max_hp_loss":0.0,"gold_gain":0.0,"event_name":"Tomb of Lord Red Mask","player_choice":"Ignored","floor":42.0,"gold_loss":0.0,"damage_taken":0.0},{"damage_healed":0,"gold_gain":0,"player_choice":"Ignored","damage_taken":0,"max_hp_gain":0,"max_hp_loss":0,"event_name":"Mysterious Sphere","floor":47,"gold_loss":0}],"is_beta":false,"boss_relics":[{"not_picked":["Lizard Tail","Mark of Pain"],"picked":"Busted Crown"},{"not_picked":["Runic Dome","Tiny House"],"picked":"Coffee Dripper"}],"items_purged_floors":[19,28,37,48],"is_endless":false,"potions_floor_spawned":[8,12,21,22,24,38,39,45],"ascension_level":0}