{"gold_per_floor":[109,37,37,51,226,226,7,70,70,70,90,60,94,105,105,205,205,222,236,236,236,249,249,284,284,284,147,147,157,173,187,187,286,286,300,300,311,311,371,371],"floor_reached":40,"playtime":3250,"items_purged":["Doubt"],"score":481,"play_id":"b905d025-4336-4cfa-aa18-6a855c5a8826","local_time":"20181110154235","is_ascension_mode":false,"campfire_choices":[{"data":"Double Energy","floor":6,"key":"SMITH"},{"data":"1","floor":10,"key":"LIFT"},{"floor":15,"key":"REST"},{"data":"2","floor":23,"key":"LIFT"},{"data":"3","floor":32,"key":"LIFT"}],"neow_cost":"NONE","seed_source_timestamp":422084110159471,"circlet_count":0,"master_deck":["Defend_B","Zap","Dualcast","Redo","Hello World+1","Double Energy+1","Rebound","Rainbow","Genetic Algorithm","Hologram","Reboot","Streamline+1","Beam Cell","Ghostly","Ghostly","Ghostly","Ghostly","Ghostly","FTL","Cold Snap","Bite+1","Bite","Bite+1","Bite","Bite","Creative AI+1","Sweeping Beam+1","Amplify","Lockon+1","Creative AI","Storm+1","Steam+1","Gash+1","Sweeping Beam","Madness","Madness","Rip and Tear+1","Darkness+1"],"relics":["Cracked Core","Strawberry","Vajra","Girya","Du-Vu Doll","Nuclear Battery","Incense Burner","Whetstone","Astrolabe","SsserpentHead"],"potions_floor_usage":[13,14,22,24,30,33,33,37,40],"damage_taken":[{"damage":2,"enemies":"Small Slimes","floor":1,"turns":3},{"damage":11,"enemies":"Jaw Worm","floor":4,"turns":2},{"damage":25,"enemies":"Gremlin Nob","floor":8,"turns":4},{"damage":0,"enemies":"Cultist","floor":11,"turns":2},{"damage":30,"enemies":"Gremlin Nob","floor":13,"turns":4},{"damage":18,"enemies":"Exordium Thugs","floor":14,"turns":4},{"damage":3,"enemies":"Hexaghost","floor":16,"turns":9},{"damage":17,"enemies":"Shell Parasite","floor":18,"turns":5},{"damage":35,"enemies":"2 Thieves","floor":19,"turns":4},{"damage":10,"enemies":"Sentry and Sphere","floor":22,"turns":7},{"damage":1,"enemies":"Gremlin Leader","floor":24,"turns":7},{"damage":4,"enemies":"Snecko","floor":29,"turns":5},{"damage":22,"enemies":"Centurion and Healer","floor":30,"turns":7},{"damage":10,"enemies":"Cultist and Chosen","floor":31,"turns":5},{"damage":30,"enemies":"Champ","floor":33,"turns":11},{"damage":1,"enemies":"Orb Walker","floor":35,"turns":3},{"damage":19,"enemies":"3 Darklings","floor":37,"turns":4},{"damage":3,"enemies":"Jaw Worm Horde","floor":39,"turns":4},{"damage":76,"enemies":"Giant Head","floor":40,"turns":8}],"seed_played":"-9123047295464494888","potions_obtained":[{"floor":11,"key":"Dexterity Potion"},{"floor":12,"key":"GamblersBrew"},{"floor":12,"key":"Strength Potion"},{"floor":16,"key":"Weak Potion"},{"floor":19,"key":"Energy Potion"},{"floor":29,"key":"Regen Potion"},{"floor":30,"key":"Strength Potion"},{"floor":31,"key":"Explosive Potion"},{"floor":35,"key":"Energy Potion"}],"is_trial":false,"path_per_floor":["M","$","?","M","?","R","$","?","T","R","M","?","E","M","R","B",null,"M","M","?","?","M","R","E","?","T","$","?","M","M","M","R","B",null,"M","?","M","?","M","E"],"character_chosen":"DEFECT","items_purchased":["Hello World","Vajra","Creative AI"],"campfire_rested":1,"item_purchase_floors":[2,7,27],"current_hp_per_floor":[80,80,80,69,69,69,69,44,44,44,46,46,18,2,26,25,82,65,32,32,16,8,8,9,9,9,9,9,15,23,26,26,14,41,41,36,28,28,30,0],"gold":371,"neow_bonus":"RANDOM_COMMON_RELIC","is_prod":false,"is_daily":false,"chose_seed":false,"campfire_upgraded":1,"win_rate":0.0,"timestamp":1541882555,"path_taken":["M","$","?","M","?","R","$","?","T","R","?","?","E","?","R","BOSS","M","M","?","?","M","R","E","?","T","$","?","M","?","M","R","BOSS","M","?","M","?","?","E"],"build_version":"2018-11-08","purchased_purges":1,"victory":false,"max_hp_per_floor":[82,82,82,82,82,82,82,82,82,82,82,82,82,82,82,82,82,82,82,41,41,41,41,41,41,41,41,41,41,41,41,41,41,41,41,41,41,41,41,41],"card_choices":[{"not_picked":["Cold Snap","Steam"],"picked":"Redo","floor":1},{"not_picked":["Ball Lightning","Scrape"],"picked":"Double Energy","floor":4},{"not_picked":["Stack","Auto Shields"],"picked":"Rebound","floor":8},{"not_picked":["Beam Cell","FTL"],"picked":"Rainbow","floor":11},{"not_picked":["Compile Driver","Undo"],"picked":"Genetic Algorithm","floor":13},{"not_picked":["Barrage","Steam"],"picked":"Hologram","floor":14},{"not_picked":["Meteor Strike","All For One"],"picked":"Reboot","floor":16},{"not_picked":["Leap","Compile Driver"],"picked":"Streamline+1","floor":18},{"not_picked":["Go for the Eyes","Redo"],"picked":"Beam Cell","floor":19},{"not_picked":["Leap","Go for the Eyes"],"picked":"FTL","floor":22},{"not_picked":["Scrape","Turbo"],"picked":"Cold Snap","floor":24},{"not_picked":["Doom and Gloom","Go for the Eyes"],"picked":"Sweeping Beam+1","floor":29},{"not_picked":["Ball Lightning","BootSequence+1"],"picked":"Amplify","floor":30},{"not_picked":["Compile Driver","Hello World"],"picked":"Lockon+1","floor":31},{"not_picked":["Amplify","Fission"],"picked":"Creative AI","floor":33},{"not_picked":["Cold Snap","Streamline"],"picked":"Sweeping Beam","floor":35},{"not_picked":["Self Repair+1","Turbo+1"],"picked":"Rip and Tear+1","floor":37},{"not_picked":["Force Field+1","Go for the Eyes+1"],"picked":"Darkness+1","floor":39}],"player_experience":149567,"relics_obtained":[{"floor":8,"key":"Blood Vial"},{"floor":9,"key":"Girya"},{"floor":13,"key":"Du-Vu Doll"},{"floor":24,"key":"Incense Burner"},{"floor":26,"key":"Whetstone"}],"event_choices":[{"damage_healed":0,"gold_gain":0,"player_choice":"Grow","damage_taken":0,"max_hp_gain":0,"max_hp_loss":0,"event_name":"Living Wall","floor":3,"gold_loss":0,"cards_upgraded":["Hello World"]},{"damage_healed":0,"gold_gain":175,"player_choice":"AGREE","damage_taken":0,"max_hp_gain":0,"max_hp_loss":0,"event_name":"Liars Game","floor":5,"gold_loss":0,"cards_obtained":["Doubt"]},{"damage_healed":0,"gold_gain":30,"player_choice":"Searched \u00273\u0027 times","damage_taken":0,"max_hp_gain":0,"max_hp_loss":0,"event_name":"Dead Adventurer","floor":8,"gold_loss":0},{"damage_healed":0,"gold_gain":0,"player_choice":"Bought 2 Potions","damage_taken":0,"max_hp_gain":0,"max_hp_loss":0,"event_name":"The Woman in Blue","floor":12,"gold_loss":0},{"damage_healed":0,"gold_gain":0,"player_choice":"Became a Ghost","damage_taken":0,"max_hp_gain":0,"max_hp_loss":41,"event_name":"Ghosts","floor":20,"gold_loss":0,"cards_obtained":["Ghostly","Ghostly","Ghostly","Ghostly","Ghostly"]},{"damage_healed":0,"gold_gain":0,"player_choice":"Obtained Book","damage_taken":16,"max_hp_gain":0,"max_hp_loss":0,"event_name":"Cursed Tome","floor":21,"gold_loss":0},{"damage_healed":0,"gold_gain":0,"player_choice":"Became a vampire (Vial)","damage_taken":0,"max_hp_gain":0,"max_hp_loss":0,"event_name":"Vampires","floor":25,"relics_lost":["Blood Vial"],"gold_loss":0,"cards_obtained":["Bite","Bite","Bite","Bite","Bite"]},{"damage_healed":0,"gold_gain":0,"player_choice":"Upgraded","damage_taken":0,"max_hp_gain":0,"max_hp_loss":0,"event_name":"Upgrade Shrine","floor":28,"gold_loss":0,"cards_upgraded":["Creative AI"]},{"damage_healed":0,"gold_gain":0,"player_choice":"Embrace Madness","damage_taken":5,"max_hp_gain":0,"max_hp_loss":0,"event_name":"Winding Halls","floor":36,"gold_loss":0,"cards_obtained":["Madness","Madness"]},{"damage_healed":0,"gold_gain":0,"player_choice":"Trade","damage_taken":0,"relics_obtained":["SsserpentHead"],"max_hp_gain":0,"max_hp_loss":0,"event_name":"FaceTrader","floor":38,"gold_loss":0}],"is_beta":false,"boss_relics":[{"not_picked":["Black Star","Runic Dome"],"picked":"Nuclear Battery"},{"not_picked":["Pandora\u0027s Box","FrozenCore"],"picked":"Astrolabe"}],"items_purged_floors":[7],"is_endless":false,"potions_floor_spawned":[11,16,19,29,30,31,35],"killed_by":"Giant Head","ascension_level":0}