{"gold_per_floor":[111,128,128,146,69,69,83,83,128,128,146,179,179,195,195,320,320,320,320,320,320,320,136,136,136,136,136,136,136,136,136,136,136,136,136,136,61,61,61,61,61,61,61,61,61,61,61,61,61,61],"floor_reached":51,"playtime":2012,"items_purged":["Regret"],"score":993,"play_id":"0f0a4ad8-8fea-4e17-a074-6a22bc5389de","local_time":"20190215235641","is_ascension_mode":true,"campfire_choices":[{"data":"Spot Weakness","floor":6.0,"key":"SMITH"},{"data":"Sword Boomerang","floor":10.0,"key":"SMITH"},{"floor":15.0,"key":"REST"},{"data":"Apotheosis","floor":28.0,"key":"SMITH"},{"data":"Defend_R","floor":30.0,"key":"SMITH"},{"data":"Searing Blow","floor":32.0,"key":"SMITH"},{"floor":40.0,"key":"REST"},{"data":"Spot Weakness","floor":42.0,"key":"SMITH"},{"data":"Madness","floor":44.0,"key":"SMITH"},{"data":"Madness","floor":49,"key":"SMITH"}],"neow_cost":"NONE","seed_source_timestamp":0,"circlet_count":0,"master_deck":["Strike_R","Strike_R","Strike_R","Strike_R","Defend_R+1","Defend_R","Defend_R","Defend_R","Bash","Twin Strike","Spot Weakness+1","Sword Boomerang","Shrug It Off","Sword Boomerang+1","Twin Strike","Searing Blow+1","Carnage","Limit Break+1","Reaper","Ghostly","Ghostly","Ghostly","Ghostly","Ghostly","Pummel+1","Apotheosis+1","Heavy Blade","Flame Barrier+1","Shame","Writhe","Ghostly Armor","Rampage+1","Madness+1","Madness+1","Spot Weakness+1","Ghostly","Bludgeon+1"],"special_seed":0,"relics":["Burning Blood","Happy Flower","Golden Idol","Dream Catcher","Bag of Preparation","Bottled Lightning","Ectoplasm","Red Mask","Old Coin","Turnip","Incense Burner","Anchor","Calling Bell","MawBank","Molten Egg 2","Gambling Chip","Self Forming Clay","Boot"],"potions_floor_usage":[],"damage_taken":[{"damage":6.0,"enemies":"2 Louse","floor":1.0,"turns":3.0},{"damage":2.0,"enemies":"Jaw Worm","floor":2.0,"turns":3.0},{"damage":10.0,"enemies":"Small Slimes","floor":4.0,"turns":3.0},{"damage":10.0,"enemies":"Red Slaver","floor":7.0,"turns":3.0},{"damage":9.0,"enemies":"Looter","floor":11.0,"turns":3.0},{"damage":32.0,"enemies":"3 Sentries","floor":12.0,"turns":5.0},{"damage":12.0,"enemies":"Gremlin Gang","floor":14.0,"turns":3.0},{"damage":38.0,"enemies":"Slime Boss","floor":16.0,"turns":11.0},{"damage":0.0,"enemies":"Chosen","floor":18.0,"turns":3.0},{"damage":6.0,"enemies":"Masked Bandits","floor":20.0,"turns":4.0},{"damage":6.0,"enemies":"3 Byrds","floor":21.0,"turns":5.0},{"damage":4.0,"enemies":"Gremlin Leader","floor":24.0,"turns":5.0},{"damage":11.0,"enemies":"Centurion and Healer","floor":25.0,"turns":8.0},{"damage":8.0,"enemies":"Snake Plant","floor":27.0,"turns":4.0},{"damage":6.0,"enemies":"Book of Stabbing","floor":29.0,"turns":5.0},{"damage":4.0,"enemies":"Gremlin Leader","floor":31.0,"turns":3.0},{"damage":34.0,"enemies":"Collector","floor":33.0,"turns":9.0},{"damage":31.0,"enemies":"3 Darklings","floor":35.0,"turns":7.0},{"damage":3.0,"enemies":"3 Shapes","floor":36.0,"turns":3.0},{"damage":15.0,"enemies":"Spire Growth","floor":39.0,"turns":7.0},{"damage":0.0,"enemies":"Transient","floor":41.0,"turns":5.0},{"damage":6.0,"enemies":"Reptomancer","floor":46.0,"turns":6.0},{"damage":1.0,"enemies":"4 Shapes","floor":47.0,"turns":4.0},{"damage":2,"enemies":"Spire Growth","floor":48,"turns":6},{"damage":29,"enemies":"Time Eater","floor":50,"turns":7}],"seed_played":"4213446277572086416","potions_obtained":[{"floor":1.0,"key":"AttackPotion"},{"floor":12.0,"key":"Regen Potion"},{"floor":14.0,"key":"SpeedPotion"},{"floor":20.0,"key":"EssenceOfSteel"},{"floor":25.0,"key":"AttackPotion"},{"floor":27.0,"key":"LiquidBronze"},{"floor":29.0,"key":"PowerPotion"},{"floor":33.0,"key":"Energy Potion"},{"floor":35.0,"key":"Strength Potion"},{"floor":41.0,"key":"Explosive Potion"}],"is_trial":false,"path_per_floor":["M","M","?","M","$","R","M","?","T","R","M","E","?","M","R","B",null,"M","?","?","M","?","$","E","M","T","M","R","E","R","E","R","B",null,"M","M","$","?","M","R","M","R","T","R","?","E","M","M","R","B",null],"character_chosen":"IRONCLAD","items_purchased":["Sword Boomerang","Shrug It Off","Apotheosis"],"campfire_rested":2,"item_purchase_floors":[5,5,23],"current_hp_per_floor":[72,76,56,52,52,52,48,48,48,48,45,19,19,13,37,20,65,80,40,40,40,40,40,40,40,40,38,38,38,38,40,40,14,34,19,22,22,17,16,28,34,34,34,34,34,34,40,40,40,38],"gold":61,"neow_bonus":"RANDOM_COMMON_RELIC","is_prod":false,"is_daily":false,"chose_seed":false,"campfire_upgraded":8,"win_rate":0,"timestamp":1550303801,"path_taken":["M","M","?","M","$","R","M","?","T","R","M","E","?","M","R","BOSS","M","?","?","M","?","$","E","M","T","?","R","E","R","E","R","BOSS","M","M","$","?","M","R","M","R","T","R","?","E","M","?","R","BOSS"],"build_version":"2019-01-23","purchased_purges":1,"victory":true,"max_hp_per_floor":[80,80,80,80,80,80,80,80,80,80,80,80,80,80,80,80,80,80,40,40,40,40,40,40,40,40,40,40,40,40,40,40,40,40,40,40,40,40,40,40,40,40,40,40,40,40,40,40,40,40],"card_choices":[{"not_picked":["Cleave","Blood for Blood"],"picked":"Twin Strike","floor":1.0},{"not_picked":["Feel No Pain","Clothesline"],"picked":"Spot Weakness","floor":2.0},{"not_picked":["Bloodletting","Uppercut","Flex"],"picked":"SKIP","floor":4.0},{"not_picked":["Havoc","Clash"],"picked":"Sword Boomerang","floor":7.0},{"not_picked":["Flex","Combust"],"picked":"Twin Strike","floor":11.0},{"not_picked":["Perfected Strike","Entrench"],"picked":"Searing Blow","floor":12.0},{"not_picked":["Uppercut","Warcry"],"picked":"Limit Break","floor":14.0},{"not_picked":["Brutality","Barricade"],"picked":"Reaper","floor":16.0},{"not_picked":["Searing Blow","Hemokinesis","Entrench"],"picked":"SKIP","floor":18.0},{"not_picked":["Seeing Red","Entrench"],"picked":"Pummel+1","floor":21.0},{"not_picked":["Battle Trance","Wild Strike+1"],"picked":"Heavy Blade","floor":24.0},{"not_picked":["Clothesline","True Grit","Perfected Strike"],"picked":"SKIP","floor":25.0},{"not_picked":["Shockwave","Body Slam","Carnage"],"picked":"SKIP","floor":27.0},{"not_picked":["Whirlwind","Headbutt+1","Brutality"],"picked":"SKIP","floor":29.0},{"not_picked":["Headbutt+1","Clash"],"picked":"Flame Barrier+1","floor":31.0},{"not_picked":["Headbutt+1","Feel No Pain+1"],"picked":"Ghostly Armor","floor":35.0},{"not_picked":["Perfected Strike+1","Thunderclap+1"],"picked":"Rampage+1","floor":36.0},{"not_picked":["Twin Strike+1","Warcry+1","Thunderclap+1"],"picked":"SKIP","floor":39.0},{"not_picked":["Twin Strike+1","Second Wind"],"picked":"Spot Weakness","floor":40.0},{"not_picked":["Shrug It Off","Wild Strike+1","Blood for Blood+1"],"picked":"SKIP","floor":41.0},{"not_picked":["Flex+1","Body Slam+1"],"picked":"Bludgeon+1","floor":46.0},{"not_picked":["Cleave+1","Clash+1","Disarm"],"picked":"SKIP","floor":47.0},{"not_picked":["Pommel Strike+1","Shockwave","Perfected Strike+1"],"picked":"SKIP","floor":48}],"player_experience":281273,"relics_obtained":[{"floor":9.0,"key":"Bag of Preparation"},{"floor":12.0,"key":"Bottled Lightning"},{"floor":20.0,"key":"Red Mask"},{"floor":24.0,"key":"Old Coin"},{"floor":26.0,"key":"Turnip"},{"floor":29.0,"key":"Incense Burner"},{"floor":31.0,"key":"Anchor"},{"floor":34.0,"key":"MawBank"},{"floor":34.0,"key":"Molten Egg 2"},{"floor":34.0,"key":"Gambling Chip"},{"floor":43.0,"key":"Self Forming Clay"},{"floor":46.0,"key":"Boot"}],"event_choices":[{"damage_healed":0.0,"max_hp_gain":0.0,"max_hp_loss":0.0,"gold_gain":0.0,"event_name":"Golden Idol","player_choice":"Take Damage","floor":3.0,"gold_loss":0.0,"damage_taken":20.0,"relics_obtained":["Golden Idol"]},{"damage_healed":0.0,"max_hp_gain":0.0,"max_hp_loss":0.0,"gold_gain":0.0,"event_name":"Dead Adventurer","player_choice":"Searched \u00271\u0027 times","floor":8.0,"gold_loss":0.0,"damage_taken":0.0,"relics_obtained":["Dream Catcher"]},{"damage_healed":0.0,"max_hp_gain":0.0,"max_hp_loss":0.0,"gold_gain":0.0,"cards_transformed":["Strike_R"],"event_name":"Transmorgrifier","player_choice":"Transformed","floor":13.0,"gold_loss":0.0,"damage_taken":0.0,"cards_obtained":["Carnage"]},{"damage_healed":0.0,"max_hp_gain":0.0,"max_hp_loss":40.0,"gold_gain":0.0,"event_name":"Ghosts","player_choice":"Became a Ghost","floor":19.0,"gold_loss":0.0,"damage_taken":0.0,"cards_obtained":["Ghostly","Ghostly","Ghostly","Ghostly","Ghostly"]},{"damage_healed":0.0,"max_hp_gain":0.0,"max_hp_loss":0.0,"gold_gain":0.0,"event_name":"Masked Bandits","player_choice":"Fought Bandits","floor":20.0,"gold_loss":0.0,"damage_taken":0.0},{"damage_healed":0.0,"max_hp_gain":0.0,"max_hp_loss":0.0,"gold_gain":0.0,"event_name":"Upgrade Shrine","player_choice":"Upgraded","floor":22.0,"gold_loss":0.0,"damage_taken":0.0,"cards_upgraded":["Limit Break"]},{"damage_healed":0.0,"max_hp_gain":0.0,"max_hp_loss":0.0,"gold_gain":0.0,"event_name":"Winding Halls","player_choice":"Embrace Madness","floor":38.0,"gold_loss":0.0,"damage_taken":5.0,"cards_obtained":["Madness","Madness"]},{"damage_healed":0.0,"max_hp_gain":0.0,"max_hp_loss":0.0,"gold_gain":0.0,"event_name":"Duplicator","player_choice":"Copied","floor":45.0,"gold_loss":0.0,"damage_taken":0.0,"cards_obtained":["Ghostly"]}],"is_beta":false,"boss_relics":[{"not_picked":["Snecko Eye","Tiny House"],"picked":"Ectoplasm"},{"not_picked":["Runic Cube","Velvet Choker"],"picked":"Calling Bell"}],"items_purged_floors":[37],"is_endless":false,"potions_floor_spawned":[1,12,14,20,25,27,29,33,35,41,48],"ascension_level":6}