{"gold_per_floor":[11,11,29,29,304,304,323,43,90,107,107,133,133,166,166,166],"floor_reached":16,"playtime":892,"items_purged":[],"score":135,"play_id":"4688b7ef-c94e-416a-8a76-b25c033fd7fa","local_time":"20181209121040","is_ascension_mode":true,"campfire_choices":[{"data":"Neutralize","floor":6,"key":"SMITH"},{"data":"Noxious Fumes","floor":11,"key":"SMITH"},{"data":"Night Terror","floor":15,"key":"SMITH"}],"neow_cost":"NO_GOLD","seed_source_timestamp":1346455964855158,"circlet_count":0,"master_deck":["Defend_G","Defend_G+1","Defend_G+1","Defend_G","Defend_G","Strike_G","Strike_G","Strike_G","Strike_G","Strike_G","Survivor","Neutralize+1","Infinite Blades","Slice","Regret","All Out Attack","Noxious Fumes+1","Night Terror+1","Blade Dance"],"relics":["Ring of the Snake","WingedGreaves","Blue Candle","TwistedFunnel","Smiling Mask","Bottled Tornado","Letter Opener"],"potions_floor_usage":[12,14,16],"damage_taken":[{"damage":0,"enemies":"2 Louse","floor":1,"turns":3},{"damage":0,"enemies":"Small Slimes","floor":3,"turns":3},{"damage":2,"enemies":"Jaw Worm","floor":7,"turns":3},{"damage":0,"enemies":"Lots of Slimes","floor":10,"turns":1},{"damage":20,"enemies":"Lagavulin","floor":12,"turns":7},{"damage":14,"enemies":"Gremlin Nob","floor":14,"turns":5},{"damage":17,"enemies":"The Guardian","floor":16,"turns":8}],"seed_played":"4462944477573407109","potions_obtained":[{"floor":1,"key":"SpeedPotion"},{"floor":3,"key":"GhostInAJar"},{"floor":14,"key":"Poison Potion"}],"is_trial":false,"path_per_floor":["M","?","M","?","?","R","M","$","T","M","R","E","?","E","R","B"],"character_chosen":"THE_SILENT","items_purchased":["TwistedFunnel","Noxious Fumes"],"campfire_rested":0,"item_purchase_floors":[8,8],"current_hp_per_floor":[70,56,56,53,53,53,51,51,51,51,51,31,31,17,17,0],"gold":166,"neow_bonus":"ONE_RARE_RELIC","is_prod":false,"is_daily":false,"chose_seed":false,"campfire_upgraded":3,"win_rate":0,"timestamp":1544375440,"path_taken":["M","?","M","?","?","R","M","$","T","?","R","E","?","E","R","BOSS"],"build_version":"2018-12-06","purchased_purges":0,"victory":false,"max_hp_per_floor":[70,70,70,70,70,70,70,70,70,70,70,70,70,70,70,70],"card_choices":[{"not_picked":["Blade Dance","All Out Attack"],"picked":"Infinite Blades","floor":1},{"not_picked":["Finisher","PiercingWail"],"picked":"Slice","floor":3},{"not_picked":["Prepared","Backflip"],"picked":"All Out Attack","floor":7},{"not_picked":["Dagger Spray","Underhanded Strike","Flying Knee"],"picked":"SKIP","floor":10},{"not_picked":["Flechettes","Tactician"],"picked":"Night Terror","floor":12},{"not_picked":["Cloak And Dagger","Finisher"],"picked":"Blade Dance","floor":14}],"player_experience":280548,"relics_obtained":[{"floor":9,"key":"Smiling Mask"},{"floor":12,"key":"Bottled Tornado"},{"floor":14,"key":"Letter Opener"}],"event_choices":[{"damage_healed":0,"gold_gain":0,"player_choice":"Entered Light","damage_taken":14,"max_hp_gain":0,"max_hp_loss":0,"event_name":"Shining Light","floor":2,"gold_loss":0,"cards_upgraded":["Defend_G","Defend_G"]},{"damage_healed":0,"gold_gain":0,"player_choice":"Success","damage_taken":3,"relics_obtained":["Blue Candle"],"max_hp_gain":0,"max_hp_loss":0,"event_name":"Scrap Ooze","floor":4,"gold_loss":0},{"damage_healed":0,"gold_gain":275,"player_choice":"Desecrate","damage_taken":0,"max_hp_gain":0,"max_hp_loss":0,"event_name":"Golden Shrine","floor":5,"gold_loss":0,"cards_obtained":["Regret"]},{"damage_healed":0,"gold_gain":0,"player_choice":"0 cards matched","damage_taken":0,"max_hp_gain":0,"max_hp_loss":0,"event_name":"Match and Keep!","floor":13,"gold_loss":0,"cards_obtained":[]}],"is_beta":false,"boss_relics":[],"items_purged_floors":[],"is_endless":false,"potions_floor_spawned":[1,3,14],"killed_by":"The Guardian","ascension_level":5}