{"path_per_floor":["M","$","?","?","$","E","R","E","T","M","R","?","M","M","R","B",null,"M","?","?","$","M","R","E","R","T","M","R","M","M","$","R","B",null,"M","M","$","M","M","R","M","M","T","$","$","R","?","M","R","B"],"character_chosen":"IRONCLAD","items_purchased":["Inflame","Flex","Mummified Hand","Flex"],"gold_per_floor":[109,33,33,33,33,64,64,94,94,107,107,282,294,310,310,414,414,425,348,348,37,57,57,86,86,86,101,101,121,138,63,63,162,162,175,192,92,107,120,120,130,147,170,21,21,21,21,36,36,36],"floor_reached":51,"campfire_rested":1,"playtime":1665,"current_hp_per_floor":[78,78,62,62,62,68,68,74,74,73,73,73,73,79,79,77,79,64,64,48,48,45,69,69,69,69,66,66,80,80,80,80,65,76,63,43,43,80,51,51,79,78,78,78,78,78,78,80,80,39],"items_purged":["Doubt","Strike_R","Strike_R"],"gold":36,"score":963,"play_id":"30136362-79aa-4293-89f2-31efbec89d1f","local_time":"20180422203516","is_prod":false,"is_daily":false,"chose_seed":false,"is_ascension_mode":true,"campfire_upgraded":9,"timestamp":1524443716,"path_taken":["M","$","?","?","$","E","R","E","T","M","R","?","M","?","R","BOSS","M","?","?","$","?","R","E","R","T","M","R","M","M","$","R","BOSS","M","M","$","M","M","R","M","M","T","?","$","R","?","M","R","BOSS"],"build_version":"2018-04-19","seed_source_timestamp":712888870708124,"purchased_purges":3,"victory":true,"master_deck":["Strike_R","Strike_R","Strike_R","Defend_R","Defend_R","Defend_R","Bash","Shrug It Off+1","Inflame+1","Flex+1","Limit Break+1","Sword Boomerang+1","Shrug It Off+1","Pummel+1","Reaper+1","J.A.X.+1","Necronomicurse","Flex+1","Battle Trance+1","Battle Trance","Heavy Blade+1","Burning Pact+1","Offering+1","Heavy Blade+1","Pummel+1","Shrug It Off+1","Flex+1","Thunderclap+1","Heavy Blade+1"],"max_hp_per_floor":[80,80,80,80,80,80,80,80,80,80,80,80,80,80,80,80,80,80,80,80,80,80,80,80,80,80,80,80,80,80,80,80,80,80,80,80,80,80,80,80,80,80,80,80,80,80,80,80,80,80],"relics":["Burning Blood","NeowsBlessing","Bronze Scales","Champion Belt","Molten Egg 2","Philosopher\u0027s Stone","Necronomicon","Mummified Hand","Happy Flower","Blue Candle","White Beast Statue","Anchor"],"card_choices":[{"not_picked":["Clash","Twin Strike"],"picked":"Shrug It Off","floor":1.0},{"not_picked":["Power Through","Pommel Strike"],"picked":"Flex","floor":6.0},{"not_picked":["Shrug It Off","Sword Boomerang"],"picked":"Limit Break","floor":8.0},{"not_picked":["Thunderclap","Combust"],"picked":"Sword Boomerang","floor":10.0},{"not_picked":["Rage","Reckless Charge"],"picked":"Shrug It Off","floor":13.0},{"not_picked":["Evolve","Combust"],"picked":"Pummel","floor":14.0},{"not_picked":["Immolate","Double Tap"],"picked":"Reaper","floor":16.0},{"not_picked":["Seeing Red","Rampage"],"picked":"Battle Trance","floor":24},{"not_picked":["Clash","Rage"],"picked":"Battle Trance","floor":27},{"not_picked":["Clash","Ghostly Armor"],"picked":"Heavy Blade","floor":29},{"not_picked":["Pommel Strike","Headbutt"],"picked":"Burning Pact","floor":30},{"not_picked":["Bludgeon","Double Tap"],"picked":"Offering","floor":33},{"not_picked":["Anger","Headbutt"],"picked":"Heavy Blade","floor":35},{"not_picked":["Blood for Blood","Dropkick"],"picked":"Pummel","floor":36},{"not_picked":["Sword Boomerang","Flame Barrier"],"picked":"Shrug It Off","floor":38},{"not_picked":["Ghostly Armor","Anger"],"picked":"Heavy Blade","floor":48}],"player_experience":492788,"potions_floor_usage":[33,50,50],"damage_taken":[{"damage":0.0,"enemies":"2 Louse","floor":1.0,"turns":1.0},{"damage":0.0,"enemies":"Lagavulin","floor":6.0,"turns":1.0},{"damage":0.0,"enemies":"Gremlin Nob","floor":8.0,"turns":1.0},{"damage":7.0,"enemies":"Jaw Worm","floor":10.0,"turns":2.0},{"damage":6.0,"enemies":"Cultist","floor":13.0,"turns":3.0},{"damage":0.0,"enemies":"Large Slime","floor":14.0,"turns":2.0},{"damage":8.0,"enemies":"Slime Boss","floor":16.0,"turns":6.0},{"damage":34.0,"enemies":"3 Byrds","floor":18.0,"turns":4.0},{"damage":41,"enemies":"2 Thieves","floor":22,"turns":3},{"damage":21,"enemies":"Book of Stabbing","floor":24,"turns":3},{"damage":9,"enemies":"Centurion and Healer","floor":27,"turns":3},{"damage":3,"enemies":"Snake Plant","floor":29,"turns":2},{"damage":0,"enemies":"3 Cultists","floor":30,"turns":2},{"damage":33,"enemies":"Champ","floor":33,"turns":5},{"damage":19,"enemies":"Orb Walker","floor":35,"turns":2},{"damage":47,"enemies":"3 Shapes","floor":36,"turns":2},{"damage":7,"enemies":"Maw","floor":38,"turns":2},{"damage":35,"enemies":"3 Darklings","floor":39,"turns":3},{"damage":7,"enemies":"Sphere and 2 Shapes","floor":41,"turns":3},{"damage":7,"enemies":"Maw","floor":42,"turns":2},{"damage":4,"enemies":"4 Shapes","floor":48,"turns":2},{"damage":56,"enemies":"Donu and Deca","floor":50,"turns":4}],"event_choices":[{"event_name":"Shining Light","player_choice":"Entered Light","floor":3.0,"damage_taken":0.0},{"event_name":"Living Wall","player_choice":"Forget","floor":4.0,"damage_taken":0.0},{"event_name":"Liars Game","player_choice":"agreed","floor":12.0,"damage_taken":0.0},{"event_name":"Drug Dealer","player_choice":"Got JAXXED","floor":19.0,"damage_taken":0.0},{"event_name":"Cursed Tome","player_choice":"Obtained Book","floor":20,"damage_taken":0},{"event_name":"Match and Keep!","player_choice":"1 cards matched","floor":47,"damage_taken":0}],"boss_relics":[{"not_picked":["Runic Pyramid","Runic Dome"],"picked":"White Beast Statue"}],"potions_floor_spawned":[6,13,24,30,33,35,36,38,39,41,42,48],"seed_played":"5700710525597034013","ascension_level":6,"is_trial":false}