{"path_per_floor":["M","?","M","M","?","E","R","E","T","M","R","M","E","$","R","B",null,"M","?","M","M","M"],"character_chosen":"DEFECT","items_purchased":["Shovel"],"gold_per_floor":[119,219,230,246,246,273,273,302,326,339,339,349,378,6,6,214,214,225,140,157,173,183,183],"floor_reached":23,"campfire_rested":0,"playtime":2007,"item_purchase_floors":[],"current_hp_per_floor":[68,68,68,61,58,44,44,23,23,35,35,38,40,40,40,40,75,71,71,72,60,21,0],"items_purged":["Strike_B"],"gold":183,"score":234,"play_id":"6498e9a8-1989-44dc-ad49-373ddd3e004b","local_time":"20180602215848","is_prod":false,"is_daily":false,"chose_seed":false,"is_ascension_mode":true,"campfire_upgraded":3,"win_rate":0,"timestamp":1527944328,"campfire_choices":[{"data":"Zap","floor":7.0,"key":"SMITH"},{"data":"Redo","floor":11.0,"key":"SMITH"},{"data":"White Noise","floor":15.0,"key":"SMITH"}],"path_taken":["M","?","M","M","?","E","R","E","T","?","R","M","E","$","R","BOSS","BOSS","M","?","M","M","M","E"],"build_version":"2018-05-31","seed_source_timestamp":0,"purchased_purges":1,"victory":false,"master_deck":["Strike_B+1","Strike_B","Defend_B","Defend_B","Defend_B","Defend_B","Zap+1","Dualcast","Amplify","Ball Lightning+1","Sweeping Beam","Redo+1","Electrodynamics","All For One","White Noise+1","Self Repair","Redo","Heatsinks","Defragment+1","Defragment"],"max_hp_per_floor":[75,75,75,75,75,75,75,75,75,75,75,75,75,75,75,75,75,75,75,75,75,75,75],"relics":["Cracked Core","Potion Belt","Dream Catcher","Meat on the Bone","Whetstone","Bird Faced Urn","Shovel","Orrery","Girya"],"card_choices":[{"not_picked":["Beam Cell","Go for the Eyes","Rebound"],"picked":"SKIP","floor":1.0},{"not_picked":["Gash","Steam"],"picked":"Ball Lightning","floor":3.0},{"not_picked":["Rebound","Steam"],"picked":"Sweeping Beam","floor":4.0},{"not_picked":["Darkness","Compile Driver"],"picked":"Redo","floor":6.0},{"not_picked":["Rip and Tear","Steam"],"picked":"Electrodynamics","floor":8.0},{"not_picked":["Stack","Conserve Battery"],"picked":"All For One","floor":10.0},{"not_picked":["Steam","Skim","Beam Cell"],"picked":"SKIP","floor":12.0},{"not_picked":["Sweeping Beam","Static Discharge"],"picked":"White Noise","floor":13.0},{"not_picked":["Compile Driver","Leap"],"picked":"Self Repair","floor":17},{"not_picked":["Compile Driver","Steam"],"picked":"Redo","floor":17},{"not_picked":["Steam","Leap"],"picked":"Heatsinks","floor":17},{"not_picked":["Auto Shields","Cold Snap+1","Doom and Gloom"],"picked":"SKIP","floor":18},{"not_picked":["Rainbow","Barrage"],"picked":"Defragment+1","floor":20},{"not_picked":["Rebound+1","Stack","Gash"],"picked":"SKIP","floor":21},{"not_picked":["Compile Driver","Ball Lightning"],"picked":"Defragment","floor":22}],"player_experience":745235,"potions_floor_usage":[22,22,23],"damage_taken":[{"damage":7.0,"enemies":"Small Slimes","floor":1.0,"turns":4.0},{"damage":0.0,"enemies":"Cultist","floor":3.0,"turns":4.0},{"damage":7.0,"enemies":"Jaw Worm","floor":4.0,"turns":3.0},{"damage":14.0,"enemies":"Gremlin Nob","floor":6.0,"turns":3.0},{"damage":21.0,"enemies":"Lagavulin","floor":8.0,"turns":6.0},{"damage":0.0,"enemies":"Lots of Slimes","floor":10.0,"turns":1.0},{"damage":9.0,"enemies":"Red Slaver","floor":12.0,"turns":3.0},{"damage":10.0,"enemies":"Gremlin Nob","floor":13.0,"turns":3.0},{"damage":4.0,"enemies":"Slime Boss","floor":16.0,"turns":7.0},{"damage":11,"enemies":"Spheric Guardian","floor":18,"turns":3},{"damage":10,"enemies":"Chosen","floor":20,"turns":4},{"damage":24,"enemies":"Snake Plant","floor":21,"turns":3},{"damage":68,"enemies":"Slaver and Parasite","floor":22,"turns":6},{"damage":37,"enemies":"Book of Stabbing","floor":23,"turns":3}],"relics_obtained":[{"floor":6.0,"key":"Dream Catcher"},{"floor":8.0,"key":"Meat on the Bone"},{"floor":9.0,"key":"Whetstone"},{"floor":13.0,"key":"Bird Faced Urn"}],"event_choices":[{"event_name":"Golden Shrine","player_choice":"Pray","floor":2.0,"damage_taken":0.0},{"event_name":"Scrap Ooze","player_choice":"success","floor":5.0,"damage_taken":3.0},{"event_name":"Addict","player_choice":"Obtained Relic","floor":19,"damage_taken":0}],"boss_relics":[{"not_picked":["Black Star","White Beast Statue"],"picked":"Orrery"}],"items_purged_floors":[],"potions_floor_spawned":[3,4,12,13,20,21],"seed_played":"-7279200908762494565","killed_by":"Book of Stabbing","ascension_level":2,"potions_obtained":[{"floor":3.0,"key":"Fire Potion"},{"floor":4.0,"key":"Explosive Potion"},{"floor":12.0,"key":"SkillPotion"},{"floor":13.0,"key":"Dexterity Potion"},{"floor":20,"key":"Ancient Potion"},{"floor":21,"key":"Explosive Potion"}],"is_trial":false}