{"gold_per_floor":[109,109,129,129,139,139,164,164,187,207,5,36,51,77,77,154,154,170,33,66,66,78,110,110,138,138,138,165,177,203,203,203,203],"floor_reached":33,"playtime":3897,"items_purged":["Strike_G"],"score":732,"play_id":"e7dd62f2-e254-482e-a0ac-9491b26db70c","local_time":"20181229100717","is_ascension_mode":true,"campfire_choices":[{"data":"Skewer","floor":6,"key":"SMITH"},{"floor":8,"key":"REST"},{"data":"Dagger Spray","floor":15,"key":"SMITH"},{"floor":24,"key":"REST"},{"data":"Flechettes","floor":27,"key":"SMITH"},{"floor":32,"key":"REST"}],"neow_cost":"NONE","seed_source_timestamp":655867356174052,"circlet_count":0,"master_deck":["AscendersBane","Defend_G","Defend_G","Defend_G","Defend_G","Defend_G","Strike_G+1","Strike_G","Strike_G+1","Survivor","Neutralize","Bane","Cloak And Dagger","Skewer+1","Predator","Well Laid Plans","Adrenaline","Poisoned Stab","Dagger Spray+1","Malaise","Caltrops","Infinite Blades","Dodge and Roll","Flechettes+1","Cloak And Dagger","Malaise","Blur","Malaise"],"relics":["Ring of the Snake","NeowsBlessing","Bag of Preparation","Happy Flower","Smiling Mask","Mummified Hand","Runic Pyramid","Red Mask","Meat on the Bone","Whetstone","Ornamental Fan","Snake Skull","Mercury Hourglass"],"potions_floor_usage":[7,12,16,16,23,28,33],"damage_taken":[{"damage":0,"enemies":"Small Slimes","floor":1,"turns":1},{"damage":0,"enemies":"Jaw Worm","floor":3,"turns":1},{"damage":0,"enemies":"Cultist","floor":5,"turns":1},{"damage":31,"enemies":"Lagavulin","floor":7,"turns":8},{"damage":6,"enemies":"Lots of Slimes","floor":10,"turns":4},{"damage":0,"enemies":"Gremlin Nob","floor":12,"turns":3},{"damage":0,"enemies":"3 Louse","floor":13,"turns":4},{"damage":15,"enemies":"3 Sentries","floor":14,"turns":6},{"damage":15,"enemies":"Slime Boss","floor":16,"turns":12},{"damage":4,"enemies":"Chosen","floor":18,"turns":6},{"damage":12,"enemies":"Masked Bandits","floor":20,"turns":5},{"damage":6,"enemies":"2 Thieves","floor":22,"turns":4},{"damage":6,"enemies":"Gremlin Leader","floor":23,"turns":7},{"damage":16,"enemies":"Book of Stabbing","floor":25,"turns":6},{"damage":42,"enemies":"Gremlin Leader","floor":28,"turns":11},{"damage":5,"enemies":"Sentry and Sphere","floor":29,"turns":6},{"damage":12,"enemies":"Book of Stabbing","floor":30,"turns":8},{"damage":78,"enemies":"Automaton","floor":33,"turns":12}],"seed_played":"-4458100461601342496","potions_obtained":[{"floor":3,"key":"PowerPotion"},{"floor":5,"key":"Poison Potion"},{"floor":14,"key":"EssenceOfSteel"},{"floor":16,"key":"Fire Potion"},{"floor":20,"key":"Strength Potion"},{"floor":25,"key":"Regen Potion"}],"is_trial":false,"path_per_floor":["M","?","M","?","M","R","E","R","T","M","$","E","M","E","R","B",null,"M","$","?","?","M","E","R","E","T","R","E","M","E","?","R","B"],"character_chosen":"THE_SILENT","items_purchased":["Adrenaline","Energy Potion","Infinite Blades"],"campfire_rested":3,"item_purchase_floors":[11,11,19],"current_hp_per_floor":[59,59,59,59,59,59,28,47,47,41,41,41,41,26,26,11,52,48,48,36,36,30,24,43,39,39,39,24,31,31,31,50,0],"gold":203,"neow_bonus":"THREE_ENEMY_KILL","is_prod":false,"is_daily":false,"chose_seed":false,"campfire_upgraded":3,"win_rate":0,"timestamp":1546106837,"path_taken":["M","?","M","?","?","R","E","R","T","M","$","E","?","E","R","BOSS","M","$","?","?","M","E","R","E","T","R","E","?","E","?","R","BOSS"],"build_version":"2018-12-25","purchased_purges":1,"victory":false,"max_hp_per_floor":[66,66,66,66,66,66,66,66,66,66,66,66,66,66,66,66,66,66,66,66,66,66,66,66,66,66,66,66,66,66,66,66,66],"card_choices":[{"not_picked":["Backflip","Flechettes"],"picked":"Bane","floor":1},{"not_picked":["Calculated Gamble","Blade Dance"],"picked":"Cloak And Dagger","floor":3},{"not_picked":["Outmaneuver","Reflex"],"picked":"Skewer","floor":5},{"not_picked":["Infinite Blades","Cloak And Dagger"],"picked":"Predator","floor":7},{"not_picked":["Bane","Leg Sweep"],"picked":"Well Laid Plans","floor":10},{"not_picked":["Quick Slash","Setup"],"picked":"Poisoned Stab","floor":12},{"not_picked":["Sucker Punch","Poisoned Stab","Outmaneuver"],"picked":"SKIP","floor":13},{"not_picked":["Bane","Underhanded Strike"],"picked":"Dagger Spray","floor":14},{"not_picked":["Envenom","Burst"],"picked":"Malaise","floor":16},{"not_picked":["Outmaneuver","Distraction"],"picked":"Caltrops","floor":18},{"not_picked":["Backflip","Deadly Poison"],"picked":"Dodge and Roll","floor":22},{"not_picked":["Slice","Setup"],"picked":"Flechettes","floor":23},{"not_picked":["Outmaneuver","Unload"],"picked":"Cloak And Dagger","floor":25},{"not_picked":["Riddle With Holes","Deadly Poison","Dagger Throw"],"picked":"SKIP","floor":28},{"not_picked":["Eviscerate","Dodge and Roll"],"picked":"Malaise","floor":29},{"not_picked":["Accuracy+1","Flying Knee"],"picked":"Blur","floor":30}],"player_experience":4097781,"relics_obtained":[{"floor":7,"key":"Bag of Preparation"},{"floor":9,"key":"Happy Flower"},{"floor":12,"key":"Smiling Mask"},{"floor":14,"key":"Mummified Hand"},{"floor":20,"key":"Red Mask"},{"floor":23,"key":"Meat on the Bone"},{"floor":25,"key":"Whetstone"},{"floor":26,"key":"Ornamental Fan"},{"floor":28,"key":"Snake Skull"},{"floor":30,"key":"Mercury Hourglass"}],"event_choices":[{"damage_healed":0,"gold_gain":0,"player_choice":"Ignored","damage_taken":0,"max_hp_gain":0,"max_hp_loss":0,"event_name":"Liars Game","floor":2,"gold_loss":0},{"cards_removed":["Strike_G"],"damage_healed":0,"gold_gain":0,"player_choice":"Purged","damage_taken":0,"max_hp_gain":0,"max_hp_loss":0,"event_name":"Purifier","floor":4,"gold_loss":0},{"damage_healed":0,"gold_gain":0,"player_choice":"Fought Bandits","damage_taken":0,"max_hp_gain":0,"max_hp_loss":0,"event_name":"Masked Bandits","floor":20,"gold_loss":0},{"damage_healed":0,"gold_gain":0,"player_choice":"Leave","damage_taken":0,"max_hp_gain":0,"max_hp_loss":0,"event_name":"FaceTrader","floor":21,"gold_loss":0},{"damage_healed":0,"gold_gain":0,"player_choice":"Copied","damage_taken":0,"max_hp_gain":0,"max_hp_loss":0,"event_name":"Duplicator","floor":31,"gold_loss":0,"cards_obtained":["Malaise"]}],"is_beta":true,"boss_relics":[{"not_picked":["Orrery","WristBlade"],"picked":"Runic Pyramid"}],"items_purged_floors":[19],"is_endless":false,"potions_floor_spawned":[3,5,14,16,20,22,25],"killed_by":"Automaton","ascension_level":20}