{"gold_per_floor":[109,119,133,145,145,145,156,156,209,209,221,256,63,81,81,153,153,164,79,93,93,112,112,112,144,216,226,226,39,39,54,54,127,127,143,243,256,256,256,256,8,27,27,27,40,40,68,80,80,80],"floor_reached":51,"playtime":1999,"items_purged":["Strike_G","Doubt"],"score":1196,"play_id":"9c32b4cd-7935-4e77-afb1-78d0ad29a508","local_time":"20190303133540","is_ascension_mode":true,"campfire_choices":[{"data":"Terror","floor":6,"key":"SMITH"},{"data":"Tools of the Trade","floor":8,"key":"SMITH"},{"data":"Cloak And Dagger","floor":10,"key":"SMITH"},{"floor":15,"key":"REST"},{"data":"Envenom","floor":23,"key":"SMITH"},{"data":"Cloak And Dagger","floor":28,"key":"SMITH"},{"floor":32,"key":"REST"},{"floor":40,"key":"REST"},{"floor":44,"key":"REST"},{"floor":46,"key":"REST"},{"floor":49,"key":"REST"}],"neow_cost":"NONE","seed_source_timestamp":125923278484379,"circlet_count":0,"master_deck":["AscendersBane","Defend_G","Defend_G","Defend_G","Defend_G","Defend_G","Strike_G","Strike_G","Survivor","Neutralize+1","Dash","Quick Slash","Terror+1","Tools of the Trade+1","Cloak And Dagger+1","Infinite Blades","Cloak And Dagger+1","Envenom+1","Backflip","Finisher","Parasite","PiercingWail","Caltrops+1","Sadistic Nature+1","Tools of the Trade+1","Catalyst","Blade Dance+1","Panache+1","Caltrops+1","Crippling Poison+1"],"relics":["WristBlade","Centennial Puzzle","Ninja Scroll","Cursed Key","Snake Skull","Meat on the Bone","Darkstone Periapt","Frozen Egg 2","MutagenicStrength","Fusion Hammer","Ice Cream","Bottled Tornado"],"potions_floor_usage":[4,4,12,16,16,25,25,33,35,45,50],"damage_taken":[{"damage":2,"enemies":"Jaw Worm","floor":1,"turns":5},{"damage":0,"enemies":"2 Louse","floor":2,"turns":2},{"damage":0,"enemies":"Cultist","floor":3,"turns":4},{"damage":12,"enemies":"Exordium Thugs","floor":4,"turns":6},{"damage":0,"enemies":"2 Fungi Beasts","floor":7,"turns":4},{"damage":0,"enemies":"Looter","floor":11,"turns":3},{"damage":9,"enemies":"Gremlin Nob","floor":12,"turns":4},{"damage":7,"enemies":"3 Louse","floor":14,"turns":2},{"damage":1,"enemies":"The Guardian","floor":16,"turns":7},{"damage":3,"enemies":"Chosen","floor":18,"turns":3},{"damage":8,"enemies":"2 Thieves","floor":20,"turns":4},{"damage":0,"enemies":"Cultist and Chosen","floor":22,"turns":5},{"damage":0,"enemies":"Gremlin Leader","floor":25,"turns":3},{"damage":9,"enemies":"Shelled Parasite and Fungi","floor":27,"turns":5},{"damage":9,"enemies":"Snecko","floor":31,"turns":5},{"damage":36,"enemies":"Automaton","floor":33,"turns":8},{"damage":14,"enemies":"3 Darklings","floor":35,"turns":4},{"damage":15,"enemies":"Mind Bloom Boss Battle","floor":36,"turns":5},{"damage":5,"enemies":"Orb Walker","floor":37,"turns":2},{"damage":0,"enemies":"Spire Growth","floor":42,"turns":2},{"damage":21,"enemies":"Writhing Mass","floor":45,"turns":5},{"damage":36,"enemies":"Nemesis","floor":47,"turns":5},{"damage":22,"enemies":"3 Darklings","floor":48,"turns":3},{"damage":53,"enemies":"Awakened One","floor":50,"turns":7}],"seed_played":"-218204987090689536","potions_obtained":[{"floor":1,"key":"Poison Potion"},{"floor":2,"key":"Ancient Potion"},{"floor":4,"key":"Fruit Juice"},{"floor":11,"key":"LiquidBronze"},{"floor":12,"key":"SteroidPotion"},{"floor":20,"key":"Strength Potion"},{"floor":22,"key":"Explosive Potion"},{"floor":25,"key":"Block Potion"},{"floor":33,"key":"Block Potion"},{"floor":36,"key":"SteroidPotion"},{"floor":37,"key":"Energy Potion"}],"is_trial":false,"path_per_floor":["M","M","M","M","?","R","M","R","T","R","M","E","$","M","R","B",null,"M","?","M","?","M","R","T","E","T","M","R","$","?","M","R","B",null,"M","?","M","?","?","R","$","M","T","R","M","R","E","M","R","B",null],"character_chosen":"THE_SILENT","items_purchased":["Infinite Blades","Strength Potion","Sadistic Nature+1","GhostInAJar","Caltrops+1"],"campfire_rested":6,"item_purchase_floors":[13,13,29,41,41],"current_hp_per_floor":[57,57,57,50,50,50,50,50,50,50,50,41,41,34,55,54,67,64,64,56,56,56,56,56,56,62,53,53,53,53,44,67,43,69,55,40,47,47,47,70,70,70,70,77,56,77,41,31,54,13],"gold":80,"neow_bonus":"BOSS_RELIC","is_prod":false,"is_daily":false,"chose_seed":false,"campfire_upgraded":5,"win_rate":0,"timestamp":1551616540,"path_taken":["M","M","M","M","?","R","M","R","T","R","M","E","$","M","R","BOSS","M","?","M","?","?","R","?","E","T","M","R","$","?","M","R","BOSS","M","?","M","?","?","R","$","M","T","R","M","R","E","?","R","BOSS"],"build_version":"2019-01-23","purchased_purges":2,"victory":true,"max_hp_per_floor":[66,66,66,71,71,71,71,71,71,71,71,71,71,71,71,71,71,71,71,71,71,71,71,71,71,77,77,77,77,77,77,77,77,77,77,77,77,77,77,77,77,77,77,77,77,77,77,77,77,77],"card_choices":[{"not_picked":["PiercingWail","Well Laid Plans"],"picked":"Dash","floor":1},{"not_picked":["Flying Knee","Eviscerate"],"picked":"Quick Slash","floor":2},{"not_picked":["Crippling Poison","Dagger Throw"],"picked":"Terror","floor":3},{"not_picked":["Poisoned Stab","Predator"],"picked":"Tools of the Trade","floor":4},{"not_picked":["Flying Knee","Outmaneuver"],"picked":"Cloak And Dagger","floor":7},{"not_picked":["Setup","Dagger Throw","Masterful Stab"],"picked":"SKIP","floor":11},{"not_picked":["Flechettes","Heel Hook","Masterful Stab"],"picked":"SKIP","floor":12},{"not_picked":["Sucker Punch","Quick Slash"],"picked":"Cloak And Dagger","floor":14},{"not_picked":["Glass Knife","Doppelganger"],"picked":"Envenom","floor":16},{"not_picked":["Setup","Underhanded Strike","Reflex"],"picked":"SKIP","floor":18},{"not_picked":["Quick Slash+1","Deadly Poison"],"picked":"Backflip","floor":20},{"not_picked":["Crippling Poison","Distraction"],"picked":"Finisher","floor":22},{"not_picked":["Malaise","Prepared"],"picked":"PiercingWail","floor":25},{"not_picked":["Poisoned Stab","Flying Knee"],"picked":"Caltrops+1","floor":27},{"not_picked":["Sucker Punch","Tactician","PiercingWail"],"picked":"SKIP","floor":31},{"not_picked":["Unload","Venomology"],"picked":"Tools of the Trade+1","floor":33},{"not_picked":["PiercingWail","Dagger Throw"],"picked":"Catalyst","floor":35},{"not_picked":["Flechettes+1","Acrobatics"],"picked":"Blade Dance+1","floor":36},{"not_picked":["Underhanded Strike","Deflect+1","Predator+1"],"picked":"SKIP","floor":37},{"not_picked":["Madness","Thinking Ahead"],"picked":"Panache+1","floor":38},{"not_picked":["Poisoned Stab+1","PiercingWail","Dagger Throw+1"],"picked":"SKIP","floor":42},{"not_picked":["Distraction","Sucker Punch+1"],"picked":"Crippling Poison+1","floor":45},{"not_picked":["Underhanded Strike","Flechettes","PiercingWail"],"picked":"SKIP","floor":47},{"not_picked":["Bouncing Flask","Deadly Poison","Poisoned Stab"],"picked":"SKIP","floor":48}],"player_experience":780950,"relics_obtained":[{"floor":9,"key":"Centennial Puzzle"},{"floor":12,"key":"Ninja Scroll"},{"floor":24,"key":"Meat on the Bone"},{"floor":25,"key":"Darkstone Periapt"},{"floor":26,"key":"Frozen Egg 2"},{"floor":36,"key":"Ice Cream"},{"floor":47,"key":"Bottled Tornado"}],"event_choices":[{"damage_healed":0,"gold_gain":0,"player_choice":"Grow","damage_taken":0,"max_hp_gain":0,"max_hp_loss":0,"event_name":"Living Wall","floor":5,"gold_loss":0,"cards_upgraded":["Neutralize"]},{"damage_healed":0,"gold_gain":0,"player_choice":"Obtained Relic","damage_taken":0,"relics_obtained":["Snake Skull"],"max_hp_gain":0,"max_hp_loss":0,"event_name":"Addict","floor":19,"gold_loss":85},{"cards_removed":["Strike_G"],"damage_healed":0,"gold_gain":0,"player_choice":"Offered Basic","damage_taken":0,"max_hp_gain":0,"max_hp_loss":0,"event_name":"Bonfire Elementals","floor":21,"gold_loss":0},{"damage_healed":0,"gold_gain":0,"player_choice":"Inject Mutagens","damage_taken":0,"relics_obtained":["MutagenicStrength"],"max_hp_gain":0,"max_hp_loss":0,"event_name":"Drug Dealer","floor":30,"gold_loss":0},{"damage_healed":0,"gold_gain":0,"player_choice":"Fight","damage_taken":0,"max_hp_gain":0,"max_hp_loss":0,"event_name":"MindBloom","floor":36,"gold_loss":0},{"damage_healed":0,"gold_gain":0,"player_choice":"Memory 1","damage_taken":0,"max_hp_gain":0,"max_hp_loss":0,"event_name":"SensoryStone","floor":38,"gold_loss":0},{"cards_removed":["Strike_G"],"damage_healed":0,"gold_gain":0,"player_choice":"Removed Attack","damage_taken":0,"max_hp_gain":0,"max_hp_loss":0,"event_name":"Falling","floor":39,"gold_loss":0}],"is_beta":false,"boss_relics":[{"not_picked":["Black Star","Calling Bell"],"picked":"Cursed Key"},{"not_picked":["Velvet Choker","Pandora\u0027s Box"],"picked":"Fusion Hammer"}],"items_purged_floors":[13,41],"is_endless":false,"potions_floor_spawned":[1,2,4,11,12,20,22,25,33,36,37],"ascension_level":14}