{"gold_per_floor":[119,136,217,292,312,312,323,323,323,323,323,340,240,190,190,190],"floor_reached":16,"playtime":1636,"items_purged":["Strike_G","Strike_G"],"score":140,"play_id":"92478c0d-078f-4975-aa01-7a0279d14485","local_time":"20190303153830","is_ascension_mode":false,"campfire_choices":[{"data":"Backstab","floor":6,"key":"SMITH"},{"data":"Neutralize","floor":8,"key":"SMITH"},{"floor":10,"key":"REST"},{"data":"Strike_G","floor":15,"key":"SMITH"}],"neow_cost":"","seed_source_timestamp":754159169214400,"circlet_count":0,"master_deck":["Defend_G","Defend_G","Defend_G","Defend_G+1","Defend_G","Strike_G+1","Strike_G+1","Survivor","Neutralize+1","Backstab+1"],"relics":["Ring of the Snake","Ornamental Fan","Ninja Scroll"],"potions_floor_usage":[16,16],"damage_taken":[{"damage":3,"enemies":"Cultist","floor":1,"turns":6},{"damage":0,"enemies":"2 Louse","floor":2,"turns":5},{"damage":0,"enemies":"Small Slimes","floor":5,"turns":4},{"damage":0,"enemies":"2 Fungi Beasts","floor":7,"turns":4},{"damage":0,"enemies":"Looter","floor":12,"turns":2},{"damage":60,"enemies":"Hexaghost","floor":16,"turns":21}],"seed_played":"1208940695762991275","potions_obtained":[{"floor":2,"key":"Poison Potion"},{"floor":12,"key":"SkillPotion"}],"is_trial":false,"path_per_floor":["M","M","T","?","M","R","M","R","T","R","?","M","$","?","R","B"],"character_chosen":"THE_SILENT","items_purchased":[],"campfire_rested":1,"item_purchase_floors":[],"current_hp_per_floor":[56,56,56,49,49,49,49,49,49,70,56,56,56,56,56,0],"gold":190,"neow_bonus":"","is_prod":false,"is_daily":false,"chose_seed":false,"campfire_upgraded":3,"win_rate":0,"timestamp":1551623910,"path_taken":["M","M","?","?","M","R","?","R","T","R","?","M","$","?","R","BOSS"],"build_version":"2019-01-23","purchased_purges":2,"victory":false,"max_hp_per_floor":[70,70,70,70,70,70,70,70,70,70,70,70,70,70,70,70],"card_choices":[{"not_picked":["Quick Slash","PiercingWail","Cloak And Dagger"],"picked":"SKIP","floor":1},{"not_picked":["Masterful Stab","Quick Slash","Underhanded Strike"],"picked":"SKIP","floor":2},{"not_picked":["Tools of the Trade","Acrobatics"],"picked":"Backstab","floor":5},{"not_picked":["Dagger Throw","Deflect","Finisher"],"picked":"SKIP","floor":7},{"not_picked":["Quick Slash","Deadly Poison","Flying Knee"],"picked":"SKIP","floor":12}],"player_experience":155594,"relics_obtained":[{"floor":3,"key":"Ornamental Fan"},{"floor":9,"key":"Ninja Scroll"}],"event_choices":[{"damage_healed":0,"gold_gain":75,"player_choice":"Touch","damage_taken":7,"max_hp_gain":0,"max_hp_loss":0,"event_name":"FaceTrader","floor":4,"gold_loss":0},{"damage_healed":0,"gold_gain":0,"player_choice":"Entered Light","damage_taken":14,"max_hp_gain":0,"max_hp_loss":0,"event_name":"Shining Light","floor":11,"gold_loss":0,"cards_upgraded":["Strike_G","Defend_G"]},{"cards_removed":["Strike_G"],"damage_healed":0,"gold_gain":0,"player_choice":"Card Removal","damage_taken":0,"max_hp_gain":0,"max_hp_loss":0,"event_name":"The Cleric","floor":14,"gold_loss":50}],"is_beta":false,"boss_relics":[],"items_purged_floors":[0,13],"is_endless":false,"potions_floor_spawned":[2,12],"killed_by":"Hexaghost","ascension_level":0}