{"path_per_floor":["M","?","?","M","?","R","E","R","T","R","?","R","M","M","R"],"character_chosen":"DEFECT","items_purchased":[],"gold_per_floor":[117,292,292,307,382,382,410,410,410,410,410,410,420,430,430,430],"floor_reached":16,"campfire_rested":0,"playtime":444,"item_purchase_floors":[],"current_hp_per_floor":[75,75,75,75,64,64,24,24,24,24,24,24,23,10,10,0],"items_purged":[],"gold":430,"score":123,"play_id":"12c6a7a6-ee31-40c8-931c-51b53e386834","local_time":"20180606021003","is_prod":false,"is_daily":false,"chose_seed":false,"is_ascension_mode":true,"campfire_upgraded":5,"win_rate":0,"timestamp":1528218603,"campfire_choices":[{"data":"Leap","floor":6,"key":"SMITH"},{"data":"Dualcast","floor":8,"key":"SMITH"},{"data":"Defend_B","floor":10,"key":"SMITH"},{"data":"Defend_B","floor":12,"key":"SMITH"},{"data":"Redo","floor":15,"key":"SMITH"}],"path_taken":["M","?","?","?","?","R","E","R","T","R","?","R","?","?","R","BOSS"],"build_version":"2018-05-31","seed_source_timestamp":1140550545650381,"purchased_purges":0,"victory":false,"master_deck":["Strike_B","Strike_B","Strike_B","Strike_B","Defend_B+1","Defend_B+1","Defend_B","Defend_B","Zap+1","Dualcast+1","Leap+1","Regret","Redo+1"],"max_hp_per_floor":[75,75,75,75,75,75,75,75,75,75,75,75,75,75,75,75],"relics":["Cracked Core","Gambling Chip","Dead Branch","Dream Catcher"],"card_choices":[{"not_picked":["Coolheaded","Barrage"],"picked":"Leap","floor":1},{"not_picked":["Turbo","Streamline","Blizzard"],"picked":"SKIP","floor":4},{"not_picked":["Turbo","Stack","Hologram"],"picked":"SKIP","floor":7},{"not_picked":["Coolheaded","Blizzard","Rainbow"],"picked":"SKIP","floor":13},{"not_picked":["Turbo","Beam Cell"],"picked":"Redo","floor":14}],"player_experience":778389,"potions_floor_usage":[16],"damage_taken":[{"damage":0,"enemies":"Jaw Worm","floor":1,"turns":4},{"damage":0,"enemies":"Small Slimes","floor":4,"turns":3},{"damage":40,"enemies":"Gremlin Nob","floor":7,"turns":5},{"damage":1,"enemies":"2 Louse","floor":13,"turns":2},{"damage":13,"enemies":"Exordium Wildlife","floor":14,"turns":3},{"damage":12,"enemies":"The Guardian","floor":16,"turns":8}],"relics_obtained":[{"floor":7,"key":"Gambling Chip"},{"floor":9,"key":"Dead Branch"}],"event_choices":[{"event_name":"Liars Game","player_choice":"agreed","floor":2,"damage_taken":0},{"event_name":"Living Wall","player_choice":"Forget","floor":3,"damage_taken":0},{"event_name":"World of Goop","player_choice":"Gather Gold","floor":5,"damage_taken":0},{"event_name":"Big Fish","player_choice":"Box","floor":11,"damage_taken":0}],"boss_relics":[],"items_purged_floors":[],"potions_floor_spawned":[13],"seed_played":"1843657082152123006","killed_by":"The Guardian","ascension_level":5,"potions_obtained":[{"floor":13,"key":"EssenceOfSteel"}],"is_trial":false}