{"gold_per_floor":[115,131,151,165,165,165,165,165,211,226,11,11,47,47,47,173,236,255,279,303,67,82,82,95,95,122,172,32,32,57,70,70,199,199,224,32,82,43,66,66,91,116,163,546,696,746,765,815,815,815],"floor_reached":51,"playtime":8616,"items_purged":["Strike_B","Strike_B"],"score":714,"play_id":"5b3f168d-5992-437b-8f45-5fc7083814df","local_time":"20190210202224","is_ascension_mode":true,"campfire_choices":[{"data":"Zap","floor":6,"key":"SMITH"},{"data":"Dualcast","floor":8,"key":"SMITH"},{"data":"Reinforced Body","floor":12,"key":"SMITH"},{"data":"Sunder","floor":15,"key":"SMITH"},{"floor":23,"key":"REST"},{"floor":25,"key":"REST"},{"data":"Glacier","floor":29,"key":"SMITH"},{"floor":32,"key":"REST"},{"data":"Defragment","floor":40,"key":"SMITH"},{"floor":49,"key":"REST"}],"neow_cost":"NONE","seed_source_timestamp":1839051404975760,"circlet_count":0,"master_deck":["Strike_B","Strike_B+1","Defend_B","Defend_B","Defend_B","Defend_B","Zap+1","Dualcast+1","Ball Lightning","Sunder+1","Cold Snap","Self Repair","Reinforced Body+1","Rainbow","Creative AI","Loop","Capacitor","Flash of Steel+1","Steam","Coolheaded","Chill","Glacier+1","Seek","Conserve Battery","Electrodynamics","BootSequence+1","Defragment+1","Melter+1","Capacitor","Decay","FTL+1"],"relics":["Cracked Core","DataDisk","Strawberry","Juzu Bracelet","SsserpentHead","Tiny House","Pen Nib","Ancient Tea Set","Velvet Choker","Chemical X","Whetstone","Dead Branch"],"potions_floor_usage":[4,19,22,33,33,41,45,47,47],"damage_taken":[{"damage":0,"enemies":"Cultist","floor":1,"turns":3},{"damage":7,"enemies":"Small Slimes","floor":2,"turns":2},{"damage":0,"enemies":"2 Louse","floor":3,"turns":1},{"damage":28,"enemies":"Exordium Thugs","floor":4,"turns":4},{"damage":0,"enemies":"3 Louse","floor":10,"turns":2},{"damage":9,"enemies":"3 Sentries","floor":13,"turns":7},{"damage":6,"enemies":"Slime Boss","floor":16,"turns":7},{"damage":6,"enemies":"Shell Parasite","floor":18,"turns":5},{"damage":19,"enemies":"3 Byrds","floor":19,"turns":4},{"damage":41,"enemies":"Centurion and Healer","floor":20,"turns":9},{"damage":14,"enemies":"Cultist and Chosen","floor":22,"turns":6},{"damage":31,"enemies":"Snecko","floor":24,"turns":4},{"damage":25,"enemies":"Snake Plant","floor":30,"turns":5},{"damage":2,"enemies":"Chosen and Byrds","floor":31,"turns":7},{"damage":7,"enemies":"Automaton","floor":33,"turns":13},{"damage":20,"enemies":"3 Darklings","floor":35,"turns":4},{"damage":0,"enemies":"Orb Walker","floor":39,"turns":3},{"damage":2,"enemies":"Sphere and 2 Shapes","floor":41,"turns":4},{"damage":0,"enemies":"Jaw Worm Horde","floor":42,"turns":4},{"damage":0,"enemies":"Mind Bloom Boss Battle","floor":45,"turns":7},{"damage":29,"enemies":"Transient","floor":47,"turns":5},{"damage":73,"enemies":"Awakened One","floor":50,"turns":18}],"seed_played":"-1167223061940216769","potions_obtained":[{"floor":1,"key":"SpeedPotion"},{"floor":3,"key":"PowerPotion"},{"floor":4,"key":"Swift Potion"},{"floor":17,"key":"Weak Potion"},{"floor":19,"key":"FearPotion"},{"floor":30,"key":"Energy Potion"},{"floor":31,"key":"FocusPotion"},{"floor":33,"key":"Explosive Potion"},{"floor":41,"key":"AttackPotion"},{"floor":42,"key":"Strength Potion"}],"is_trial":false,"path_per_floor":["M","M","M","M","?","R","?","R","T","M","$","R","E","?","R","B",null,"M","M","M","$","M","R","M","R","T","?","$","R","M","M","R","B",null,"M","$","?","$","M","R","M","M","T","?","?","?","M","?","R","B",null],"character_chosen":"DEFECT","items_purchased":["Rainbow","Flash of Steel","Steam","Glacier","Seek","Chemical X","Defragment"],"campfire_rested":4,"item_purchase_floors":[11,21,21,28,28,36,38],"current_hp_per_floor":[75,68,68,40,40,40,40,40,47,47,47,47,45,45,45,46,87,87,68,34,34,27,53,29,55,55,55,55,55,37,42,68,68,87,74,74,74,74,74,74,79,86,86,86,86,86,64,64,83,17],"gold":815,"neow_bonus":"RANDOM_COMMON_RELIC","is_prod":false,"is_daily":false,"chose_seed":false,"campfire_upgraded":6,"win_rate":0,"timestamp":1549830144,"path_taken":["M","M","M","?","?","R","?","R","T","?","$","R","E","?","R","BOSS","M","M","M","$","M","R","M","R","T","?","$","R","M","M","R","BOSS","M","$","?","$","M","R","M","M","T","?","?","?","M","?","R","BOSS"],"build_version":"2019-01-23","purchased_purges":2,"victory":true,"max_hp_per_floor":[75,75,75,75,75,75,75,75,82,82,82,82,82,82,82,82,87,87,87,87,87,87,87,87,87,87,87,87,87,87,87,87,87,87,87,87,87,87,87,87,87,87,87,87,87,87,87,83,83,83],"card_choices":[{"not_picked":["Steam","Scrape"],"picked":"Ball Lightning","floor":1},{"not_picked":["Gash","Ball Lightning"],"picked":"Sunder","floor":2},{"not_picked":["Gash","Conserve Battery"],"picked":"Cold Snap","floor":3},{"not_picked":["Redo","Coolheaded"],"picked":"Self Repair","floor":4},{"not_picked":["Ball Lightning","Rebound"],"picked":"Reinforced Body","floor":10},{"not_picked":["Fusion","Cold Snap","Gash"],"picked":"SKIP","floor":13},{"not_picked":["Thunder Strike","Rainbow"],"picked":"Creative AI","floor":16},{"not_picked":["Consume","Hologram"],"picked":"Loop","floor":17},{"not_picked":["Beam Cell+1","Barrage"],"picked":"Capacitor","floor":18},{"not_picked":["Streamline","Blizzard","Hello World"],"picked":"SKIP","floor":19},{"not_picked":["BootSequence+1","Hologram"],"picked":"Chaos+1","floor":20},{"not_picked":["Scrape","Beam Cell+1"],"picked":"Coolheaded","floor":22},{"not_picked":["Skim","Hologram+1"],"picked":"Chill","floor":24},{"not_picked":["Tempest","Ball Lightning","Rebound"],"picked":"SKIP","floor":30},{"not_picked":["Stack+1","Darkness"],"picked":"Conserve Battery","floor":31},{"not_picked":["Multi-Cast","Hyperbeam"],"picked":"Electrodynamics","floor":33},{"not_picked":["Beam Cell+1","Doom and Gloom+1"],"picked":"BootSequence+1","floor":35},{"not_picked":["Ball Lightning+1","Rebound+1"],"picked":"Melter","floor":39},{"not_picked":["Streamline+1","Leap+1"],"picked":"Capacitor","floor":41},{"not_picked":["White Noise","Lockon+1","Stack"],"picked":"SKIP","floor":42},{"not_picked":["Force Field","Meteor Strike"],"picked":"FTL+1","floor":47}],"player_experience":457658,"relics_obtained":[{"floor":9,"key":"Strawberry"},{"floor":13,"key":"Juzu Bracelet"},{"floor":26,"key":"Pen Nib"},{"floor":43,"key":"Whetstone"},{"floor":45,"key":"Dead Branch"}],"event_choices":[{"damage_healed":0,"gold_gain":0,"player_choice":"Take Wound","damage_taken":0,"relics_obtained":["Golden Idol"],"max_hp_gain":0,"max_hp_loss":0,"event_name":"Golden Idol","floor":5,"gold_loss":0,"cards_obtained":["Injury"]},{"cards_removed":["Injury"],"damage_healed":0,"gold_gain":0,"player_choice":"Purged","damage_taken":0,"max_hp_gain":0,"max_hp_loss":0,"event_name":"Purifier","floor":7,"gold_loss":0},{"damage_healed":0,"gold_gain":0,"player_choice":"Trade","damage_taken":0,"relics_obtained":["SsserpentHead"],"max_hp_gain":0,"max_hp_loss":0,"event_name":"FaceTrader","floor":14,"gold_loss":0},{"cards_removed":["Chaos"],"damage_healed":0,"gold_gain":0,"player_choice":"Gave Card","damage_taken":0,"relics_obtained":["Ancient Tea Set"],"max_hp_gain":0,"max_hp_loss":0,"event_name":"WeMeetAgain","floor":27,"gold_loss":0},{"damage_healed":0,"gold_gain":0,"player_choice":"Ignored","damage_taken":0,"max_hp_gain":0,"max_hp_loss":0,"event_name":"Tomb of Lord Red Mask","floor":37,"gold_loss":0},{"damage_healed":0,"gold_gain":333,"player_choice":"Gave Idol","damage_taken":0,"max_hp_gain":0,"max_hp_loss":0,"event_name":"The Moai Head","floor":44,"relics_lost":["Golden Idol"],"gold_loss":0},{"damage_healed":0,"gold_gain":0,"player_choice":"Fight","damage_taken":0,"max_hp_gain":0,"max_hp_loss":0,"event_name":"MindBloom","floor":45,"gold_loss":0},{"damage_healed":0,"gold_gain":0,"player_choice":"Cursed","damage_taken":0,"max_hp_gain":0,"max_hp_loss":0,"event_name":"Wheel of Change","floor":46,"gold_loss":0,"cards_obtained":["Decay"]},{"damage_healed":0,"gold_gain":0,"player_choice":"Max HP","damage_taken":0,"max_hp_gain":0,"max_hp_loss":4,"event_name":"Winding Halls","floor":48,"gold_loss":0}],"is_beta":false,"boss_relics":[{"not_picked":["Lizard Tail","Busted Crown"],"picked":"Tiny House"},{"not_picked":["Philosopher\u0027s Stone","Pandora\u0027s Box"],"picked":"Velvet Choker"}],"items_purged_floors":[11,21],"is_endless":false,"potions_floor_spawned":[1,3,4,19,30,31,33,41,42],"ascension_level":3}