{"path_per_floor":["M","?","?","M","$","R","E","R","T","?","E","R","E","M","R","B",null,"M","?","M","T","M","R","E","M","T","$","E","R","E","?","R"],"character_chosen":"IRONCLAD","items_purchased":["Self Forming Clay","Seeing Red"],"gold_per_floor":[17,17,17,31,31,31,87,87,87,87,112,112,147,157,157,255,255,272,272,290,290,304,304,336,347,417,5,33,33,63,63,63],"floor_reached":33,"campfire_rested":2,"playtime":3642,"current_hp_per_floor":[76,76,61,67,67,67,46,46,46,46,34,34,15,21,59,32,66,68,68,69,69,52,52,24,22,24,24,13,52,44,44,44],"items_purged":["Strike_R"],"gold":63,"play_id":"92cb7d52-095e-49c0-88f7-4260e3949bad","is_prod":false,"is_daily":false,"is_ascension_mode":true,"campfire_upgraded":5,"path_taken":["M","?","?","M","?","R","E","R","T","?","E","R","E","M","R","BOSS","M","?","M","?","M","R","E","M","T","$","E","R","E","?","R","BOSS"],"build_version":"2018-02-01-PROD3","purchased_purges":1,"victory":false,"master_deck":["Strike_R","Strike_R","Strike_R","Defend_R","Defend_R+1","Defend_R+1","Bash+1","Iron Wave+1","Evolve+1","Wild Strike","Offering","Shrug It Off+1","Bloodletting+1","Offering","Seeing Red","Rampage+1"],"max_hp_per_floor":[77,77,77,77,77,77,77,77,77,77,77,77,77,77,77,77,77,77,77,77,77,77,77,77,79,81,81,83,83,83,83,83],"relics":["Burning Blood","Tiny Chest","Regal Pillow","Kunai","Toolbox","Black Star","Unceasing Top","Prayer Wheel","Singing Bowl","Dodecahedron","Self Forming Clay","Anchor","Lantern","Vajra","Pen Nib"],"card_choices":[{"not_picked":["Perfected Strike","Body Slam"],"picked":"Iron Wave"},{"not_picked":["Clothesline","Infernal Blade"],"picked":"Evolve"},{"not_picked":["Anger","Armaments"],"picked":"Wild Strike"},{"not_picked":["Bludgeon","Demon Form"],"picked":"Offering"},{"not_picked":["Sever Soul","Thunderclap"],"picked":"Shrug It Off"},{"not_picked":["Blood for Blood","Clothesline"],"picked":"Bloodletting"},{"not_picked":["Spot Weakness","Thunderclap"],"picked":"Offering"},{"not_picked":["Pommel Strike","Brutality"],"picked":"Rampage"}],"player_experience":540047,"potions_floor_usage":[11,20,22,24,30,33],"damage_taken":[{"damage":2,"enemies":"2 Louse","floor":1,"turns":4},{"damage":0,"enemies":"Blue Slaver","floor":4,"turns":6},{"damage":27,"enemies":"Gremlin Nob","floor":7,"turns":4},{"damage":18,"enemies":"Lagavulin","floor":11,"turns":7},{"damage":25,"enemies":"Gremlin Nob","floor":13,"turns":4},{"damage":0,"enemies":"Jaw Worm","floor":14,"turns":3},{"damage":33,"enemies":"Slime Boss","floor":16,"turns":9},{"damage":4,"enemies":"Shell Parasite","floor":18,"turns":6},{"damage":5,"enemies":"3 Byrds","floor":20,"turns":5},{"damage":38,"enemies":"3 Cultists","floor":22,"turns":7},{"damage":34,"enemies":"Slavers","floor":24,"turns":8},{"damage":10,"enemies":"Snecko","floor":25,"turns":5},{"damage":19,"enemies":"Book of Stabbing","floor":28,"turns":7},{"damage":14,"enemies":"Slavers","floor":30,"turns":8},{"damage":47,"enemies":"Champ","floor":33,"turns":9}],"event_choices":[{"event_name":"Purifier","player_choice":"One Purge","floor":2,"damage_taken":0},{"event_name":"Shining Light","player_choice":"Entered Light","floor":3,"damage_taken":0},{"event_name":"Liars Game","player_choice":"disagreed","floor":10,"damage_taken":0},{"event_name":"Drug Dealer","player_choice":"Ignored","floor":19,"damage_taken":0},{"event_name":"Beggar","player_choice":"Ignored","floor":31,"damage_taken":0}],"boss_relics":[{"not_picked":["Question Card","Philosopher\u0027s Stone"],"picked":"Black Star"}],"potions_floor_spawned":[7,13,14,16,24,28,30],"seed_played":"-6080569751328820933","killed_by":"Champ","ascension_level":10,"is_trial":false}