{"path_per_floor":["M","?","M","?","$","R","E","M","T","R","M","?","R","M","R","B",null,"M","?","?","M","?"],"character_chosen":"IRONCLAD","items_purchased":["Apotheosis"],"gold_per_floor":[109,184,200,200,15,15,42,56,56,56,66,131,131,145,145,249,249,266,266,166,182,182],"floor_reached":23,"campfire_rested":2,"playtime":1151,"current_hp_per_floor":[67,56,57,57,57,57,32,30,30,69,59,41,80,74,74,32,80,80,80,80,54,46],"items_purged":[],"gold":182,"score":189,"play_id":"2a54f7b4-5c01-4380-8781-3729f25fd08c","local_time":"20180304104605","is_prod":false,"is_daily":false,"is_ascension_mode":false,"campfire_upgraded":2,"timestamp":1520178365,"path_taken":["M","?","M","?","$","R","E","?","T","R","M","?","R","?","R","BOSS","M","?","?","M","?","E"],"build_version":"2018-03-01-PROD1","purchased_purges":1,"victory":false,"master_deck":["Strike_R","Strike_R","Strike_R","Strike_R","Strike_R","Defend_R","Defend_R","Defend_R","Bash","Hemokinesis","Hemokinesis","Fire Breathing","Apotheosis+1","Clothesline","Flex+1","Brutality","Dropkick","Sword Boomerang","Reaper","J.A.X.","Flex"],"max_hp_per_floor":[80,80,80,80,80,80,80,80,80,80,80,80,80,80,80,80,80,80,80,80,80,80],"relics":["Burning Blood","Regal Pillow","Bag of Preparation","Vajra","Cursed Key","Ginger"],"card_choices":[{"not_picked":["Clothesline","Carnage"],"picked":"Hemokinesis"},{"not_picked":["Perfected Strike","Dual Wield"],"picked":"Hemokinesis"},{"not_picked":["Flame Barrier","True Grit"],"picked":"Clothesline"},{"not_picked":["Wild Strike","Twin Strike"],"picked":"Flex"},{"not_picked":["Armaments","Shrug It Off"],"picked":"Brutality"},{"not_picked":["True Grit","Corruption"],"picked":"Dropkick"},{"not_picked":["Warcry","Anger"],"picked":"Sword Boomerang"},{"not_picked":["Barricade","Impervious"],"picked":"Reaper"},{"not_picked":["Bloodletting","Anger"],"picked":"Flex"}],"player_experience":78023,"potions_floor_usage":[7,16,16,16],"damage_taken":[{"damage":19,"enemies":"Jaw Worm","floor":1,"turns":4},{"damage":5,"enemies":"Small Slimes","floor":3,"turns":4},{"damage":31,"enemies":"3 Sentries","floor":7,"turns":5},{"damage":8,"enemies":"2 Louse","floor":8,"turns":3},{"damage":16,"enemies":"Looter","floor":11,"turns":2},{"damage":24,"enemies":"3 Sentries","floor":12,"turns":5},{"damage":12,"enemies":"2 Fungi Beasts","floor":14,"turns":2},{"damage":48,"enemies":"Hexaghost","floor":16,"turns":7},{"damage":4,"enemies":"Chosen","floor":18,"turns":3},{"damage":32,"enemies":"2 Thieves","floor":21,"turns":3},{"damage":46,"enemies":"Slavers","floor":23,"turns":3}],"event_choices":[{"event_name":"World of Goop","player_choice":"Gather Gold","floor":2,"damage_taken":0},{"event_name":"Living Wall","player_choice":"Change","floor":4,"damage_taken":0},{"event_name":"Dead Adventurer","player_choice":"Searched \u00271\u0027 times","floor":12,"damage_taken":0},{"event_name":"The Mausoleum","player_choice":"Yes","floor":19,"damage_taken":0},{"event_name":"Drug Dealer","player_choice":"Got JAXXED","floor":20,"damage_taken":0},{"event_name":"Wheel of Change","player_choice":"Damage","floor":22,"damage_taken":0}],"boss_relics":[{"not_picked":["Ectoplasm","Black Star"],"picked":"Cursed Key"}],"potions_floor_spawned":[1,11,12,14],"seed_played":"1565847334722454148","killed_by":"Slavers","ascension_level":0,"is_trial":false}