{"gold_per_floor":[111,111,124,36,51,51,83,83,83,8,8,83,83,96,96,171,171,186,201,126,137,147,147,161,161,161,61,71,71,89,106,106,177,177,197,216,216,316,191,191,238,255,255,255,89,100,100,117,117,117],"floor_reached":51,"playtime":2533,"items_purged":["Strike_R","Defend_R","Defend_R"],"score":1442,"play_id":"01c93d26-7a52-460f-8ba1-2d123241bbc9","local_time":"20190303120354","is_ascension_mode":true,"campfire_choices":[{"data":"Searing Blow","floor":6.0,"key":"SMITH"},{"data":"Searing Blow+1","floor":8.0,"key":"SMITH"},{"data":"Searing Blow+2","floor":11.0,"key":"SMITH"},{"data":"Searing Blow+3","floor":15.0,"key":"SMITH"},{"data":"Armaments","floor":23.0,"key":"SMITH"},{"data":"Searing Blow+4","floor":25.0,"key":"SMITH"},{"data":"Searing Blow+5","floor":32.0,"key":"SMITH"},{"data":"Searing Blow+6","floor":40.0,"key":"SMITH"},{"data":"Searing Blow+7","floor":49.0,"key":"SMITH"}],"neow_cost":"NONE","seed_source_timestamp":0,"circlet_count":0,"master_deck":["AscendersBane","Defend_R","Bash","Anger","Searing Blow+8","Armaments+1","Rage+1","Thunderclap","Dropkick+1","Intimidate+1"],"special_seed":0,"relics":["Burning Blood","Meat on the Bone","Boot","Question Card","FaceOfCleric","Empty Cage","Pantograph","Velvet Choker","Peace Pipe","Ginger","Molten Egg 2","Anchor","Strawberry"],"potions_floor_usage":[50,50],"damage_taken":[{"damage":8.0,"enemies":"Small Slimes","floor":1.0,"turns":5.0},{"damage":1.0,"enemies":"Cultist","floor":3.0,"turns":3.0},{"damage":6.0,"enemies":"2 Louse","floor":5.0,"turns":3.0},{"damage":40.0,"enemies":"3 Sentries","floor":7.0,"turns":11.0},{"damage":1.0,"enemies":"2 Fungi Beasts","floor":14.0,"turns":4.0},{"damage":30.0,"enemies":"Slime Boss","floor":16.0,"turns":10.0},{"damage":18.0,"enemies":"2 Thieves","floor":18.0,"turns":4.0},{"damage":12.0,"enemies":"Chosen","floor":19.0,"turns":3.0},{"damage":45.0,"enemies":"Shelled Parasite and Fungi","floor":21.0,"turns":5.0},{"damage":18.0,"enemies":"Centurion and Healer","floor":22.0,"turns":4.0},{"damage":63.0,"enemies":"Chosen and Byrds","floor":24.0,"turns":7.0},{"damage":3.0,"enemies":"3 Cultists","floor":28.0,"turns":5.0},{"damage":13.0,"enemies":"Sentry and Sphere","floor":30.0,"turns":5.0},{"damage":4.0,"enemies":"Centurion and Healer","floor":31.0,"turns":3.0},{"damage":73.0,"enemies":"Automaton","floor":33.0,"turns":8.0},{"damage":35.0,"enemies":"3 Darklings","floor":35.0,"turns":5.0},{"damage":32.0,"enemies":"3 Shapes","floor":36.0,"turns":4.0},{"damage":31.0,"enemies":"Mind Bloom Boss Battle","floor":38.0,"turns":4.0},{"damage":21.0,"enemies":"2 Orb Walkers","floor":41.0,"turns":3.0},{"damage":26.0,"enemies":"Jaw Worm Horde","floor":42.0,"turns":4.0},{"damage":0.0,"enemies":"Spire Growth","floor":46.0,"turns":2.0},{"damage":4.0,"enemies":"Sphere and 2 Shapes","floor":48.0,"turns":3.0},{"damage":67,"enemies":"Awakened One","floor":50,"turns":8}],"seed_played":"5209558635434282862","potions_obtained":[{"floor":3.0,"key":"FairyPotion"},{"floor":5.0,"key":"Poison Potion"},{"floor":19.0,"key":"SpeedPotion"},{"floor":30.0,"key":"LiquidBronze"},{"floor":35.0,"key":"FearPotion"},{"floor":36.0,"key":"Ancient Potion"},{"floor":41.0,"key":"EssenceOfSteel"},{"floor":48.0,"key":"Dexterity Potion"}],"is_trial":false,"path_per_floor":["M","?","M","$","M","R","E","R","T","$","R","?","?","M","R","B",null,"M","M","?","M","M","R","M","R","T","$","M","?","M","M","R","B",null,"M","M","?","?","$","R","?","M","T","?","$","M","T","M","R","B",null],"character_chosen":"IRONCLAD","items_purchased":["Searing Blow","Anchor"],"campfire_rested":0,"item_purchase_floors":[4,45],"current_hp_per_floor":[66,66,71,71,71,71,49,49,49,49,49,38,38,56,56,45,69,58,53,53,27,28,28,27,27,27,27,43,43,49,52,52,23,70,54,41,41,54,54,54,52,45,45,45,45,52,59,62,62,39],"gold":117,"neow_bonus":"REMOVE_CARD","is_prod":false,"is_daily":false,"chose_seed":false,"campfire_upgraded":9,"win_rate":0,"timestamp":1551582234,"path_taken":["M","?","M","$","M","R","E","R","T","?","R","?","?","?","R","BOSS","M","M","?","M","M","R","M","R","T","$","M","?","M","M","R","BOSS","M","M","?","?","?","R","?","M","T","?","$","M","?","M","R","BOSS"],"build_version":"2019-01-23","purchased_purges":3,"victory":true,"max_hp_per_floor":[75,75,75,75,75,75,75,75,75,75,75,75,75,76,76,77,77,78,79,79,80,81,81,82,82,82,82,83,83,84,85,85,86,86,87,88,84,85,85,85,86,87,87,87,87,88,95,96,96,97],"card_choices":[{"not_picked":["Warcry","Armaments"],"picked":"Anger","floor":1.0},{"not_picked":["Body Slam","Bloodletting","Havoc"],"picked":"SKIP","floor":3.0},{"not_picked":["Cleave","Armaments","Flame Barrier"],"picked":"SKIP","floor":5.0},{"not_picked":["Shrug It Off","Burning Pact","Flame Barrier"],"picked":"SKIP","floor":7.0},{"not_picked":["Anger","Headbutt","Cleave","Armaments"],"picked":"SKIP","floor":14.0},{"not_picked":["Havoc+1","Body Slam","Infernal Blade+1","Flame Barrier"],"picked":"SKIP","floor":18.0},{"not_picked":["Carnage","Twin Strike+1","Headbutt","Armaments"],"picked":"SKIP","floor":19.0},{"not_picked":["Carnage","Twin Strike+1","Headbutt","Armaments"],"picked":"SKIP","floor":19.0},{"not_picked":["Carnage","Twin Strike+1","Headbutt"],"picked":"Armaments","floor":19.0},{"not_picked":["Reckless Charge+1","Disarm","Seeing Red","Twin Strike+1"],"picked":"SKIP","floor":21.0},{"not_picked":["Flame Barrier+1","Headbutt","Dropkick","Rampage"],"picked":"SKIP","floor":22.0},{"not_picked":["Heavy Blade","Burning Pact","Inflame","Shrug It Off"],"picked":"SKIP","floor":24.0},{"not_picked":["Iron Wave","Bloodletting","Havoc"],"picked":"Rage+1","floor":28.0},{"not_picked":["Shrug It Off+1","Warcry","Spot Weakness"],"picked":"Thunderclap","floor":30.0},{"not_picked":["Body Slam","Reaper","Clash","Reckless Charge"],"picked":"SKIP","floor":31.0},{"not_picked":["Thunderclap","Clothesline","Anger"],"picked":"Warcry","floor":35.0},{"not_picked":["Sword Boomerang","True Grit","Armaments","Shockwave"],"picked":"SKIP","floor":36.0},{"not_picked":["Thunderclap","Feel No Pain","Second Wind+1","Shockwave"],"picked":"SKIP","floor":42.0},{"not_picked":["Shrug It Off+1","Uppercut+1","Rupture+1"],"picked":"Dropkick+1","floor":46.0},{"not_picked":["Flex","Perfected Strike+1","Shockwave"],"picked":"Intimidate+1","floor":48.0}],"player_experience":1026498,"relics_obtained":[{"floor":2.0,"key":"Meat on the Bone"},{"floor":7.0,"key":"Boot"},{"floor":9.0,"key":"Question Card"},{"floor":26.0,"key":"Pantograph"},{"floor":38.0,"key":"Peace Pipe"},{"floor":41.0,"key":"Ginger"},{"floor":43.0,"key":"Molten Egg 2"},{"floor":47.0,"key":"Strawberry"}],"event_choices":[{"damage_healed":0.0,"max_hp_gain":0.0,"max_hp_loss":0.0,"gold_gain":0.0,"event_name":"Wheel of Change","player_choice":"Relic","floor":2.0,"gold_loss":0.0,"damage_taken":0.0},{"damage_healed":0.0,"max_hp_gain":0.0,"max_hp_loss":0.0,"gold_gain":75.0,"event_name":"World of Goop","player_choice":"Gather Gold","floor":12.0,"gold_loss":0.0,"damage_taken":11.0},{"damage_healed":0.0,"max_hp_gain":0.0,"max_hp_loss":0.0,"gold_gain":0.0,"event_name":"FaceTrader","player_choice":"Trade","floor":13.0,"gold_loss":0.0,"damage_taken":0.0,"relics_obtained":["FaceOfCleric"]},{"cards_removed":["Strike_R"],"damage_healed":0.0,"max_hp_gain":0.0,"max_hp_loss":0.0,"gold_gain":0.0,"event_name":"Beggar","player_choice":"Gave Gold","floor":20.0,"gold_loss":75.0,"damage_taken":0.0},{"cards_removed":["Defend_R"],"damage_healed":0.0,"max_hp_gain":0.0,"max_hp_loss":0.0,"gold_gain":0.0,"event_name":"Back to Basics","player_choice":"Elegance","floor":29.0,"gold_loss":0.0,"damage_taken":0.0},{"damage_healed":0.0,"max_hp_gain":0.0,"max_hp_loss":4.0,"gold_gain":0.0,"event_name":"Winding Halls","player_choice":"Max HP","floor":37.0,"gold_loss":0.0,"damage_taken":0.0},{"damage_healed":0.0,"max_hp_gain":0.0,"max_hp_loss":0.0,"gold_gain":0.0,"event_name":"MindBloom","player_choice":"Fight","floor":38.0,"gold_loss":0.0,"damage_taken":0.0},{"damage_healed":0.0,"max_hp_gain":0.0,"max_hp_loss":0.0,"gold_gain":0.0,"event_name":"Mysterious Sphere","player_choice":"Fight","floor":41.0,"gold_loss":0.0,"damage_taken":0.0},{"cards_removed":["Warcry"],"damage_healed":0.0,"max_hp_gain":0.0,"max_hp_loss":0.0,"gold_gain":0.0,"event_name":"Falling","player_choice":"Removed Skill","floor":44.0,"gold_loss":0.0,"damage_taken":0.0}],"is_beta":false,"boss_relics":[{"not_picked":["Fusion Hammer","Orrery"],"picked":"Empty Cage"},{"not_picked":["Lizard Tail","Runic Dome"],"picked":"Velvet Choker"}],"items_purged_floors":[10,27,39],"is_endless":false,"potions_floor_spawned":[3,5,19,21,22,30,35,36,41,46,48],"ascension_level":19}