{"gold_per_floor":[110,125,200,215,215,215,16,16,16,28,40,22,51,238,250,360,372,324,7,7,25,37,37],"floor_reached":23,"playtime":1275,"items_purged":[],"score":264,"play_id":"b8a605c9-ae6f-4dea-b236-b6d9a7208c81","local_time":"20181109214927","is_ascension_mode":true,"campfire_choices":[{"floor":6.0,"key":"REST"},{"data":"After Image","floor":8.0,"key":"SMITH"},{"data":"Noxious Fumes","floor":10,"key":"SMITH"},{"floor":15,"key":"REST"}],"neow_cost":"NONE","seed_source_timestamp":525921154098667,"circlet_count":0,"master_deck":["Defend_G","Defend_G","Defend_G","Defend_G+1","Defend_G","Strike_G","Strike_G","Strike_G","Strike_G","Strike_G","Survivor","Neutralize","Wraith Form v2","Acrobatics+1","Noxious Fumes+1","Prepared","After Image+1","Dodge and Roll","Noxious Fumes","Deadly Poison","Doubt","Envenom","Dodge and Roll","Caltrops","Ghostly","Ghostly","Ghostly","Ghostly","Ghostly","Backflip"],"special_seed":0,"relics":["Ring of the Serpent","MawBank","Nunchaku","FossilizedHelix"],"potions_floor_usage":[],"damage_taken":[{"damage":0.0,"enemies":"2 Louse","floor":1.0,"turns":4.0},{"damage":5.0,"enemies":"Small Slimes","floor":2.0,"turns":6.0},{"damage":4.0,"enemies":"Jaw Worm","floor":4.0,"turns":5.0},{"damage":4,"enemies":"Looter","floor":12,"turns":4},{"damage":0,"enemies":"2 Fungi Beasts","floor":13,"turns":5},{"damage":15,"enemies":"Hexaghost","floor":16,"turns":9},{"damage":28,"enemies":"2 Thieves","floor":18,"turns":4},{"damage":14,"enemies":"Chosen","floor":21,"turns":8},{"damage":7,"enemies":"Snake Plant","floor":22,"turns":7},{"damage":19,"enemies":"Centurion and Healer","floor":23,"turns":8}],"seed_played":"-4320110986984145056","potions_obtained":[{"floor":2.0,"key":"SpeedPotion"}],"is_trial":false,"path_per_floor":["M","M","?","M","?","R","$","R","T","R","?","M","M","?","R","B",null,"M","$","?","M","M","M"],"character_chosen":"THE_SILENT","items_purchased":["After Image","Dodge and Roll","FossilizedHelix","Caltrops"],"campfire_rested":2,"item_purchase_floors":[7,7,19,19],"current_hp_per_floor":[63,58,47,43,29,50,50,50,50,50,47,43,43,43,64,49,65,37,37,35,21,14,0],"gold":37,"neow_bonus":"ONE_RANDOM_RARE_CARD","is_prod":false,"is_daily":false,"chose_seed":false,"campfire_upgraded":2,"win_rate":0,"timestamp":1541818167,"path_taken":["M","M","?","M","?","R","$","R","T","R","?","?","M","?","R","BOSS","M","$","?","M","M","M"],"build_version":"2018-11-08","purchased_purges":0,"victory":false,"max_hp_per_floor":[70,70,70,70,70,70,70,70,70,70,70,70,70,70,70,70,70,70,70,35,35,35,35],"card_choices":[{"not_picked":["Bane","Outmaneuver"],"picked":"Acrobatics","floor":1.0},{"not_picked":["Sucker Punch","Cloak And Dagger"],"picked":"Noxious Fumes","floor":2.0},{"not_picked":["Flying Knee","Slice"],"picked":"Prepared","floor":4.0},{"not_picked":["Choke","Cloak And Dagger"],"picked":"Noxious Fumes","floor":12},{"not_picked":["Distraction","Choke"],"picked":"Deadly Poison","floor":13},{"not_picked":["Unload","Grand Finale"],"picked":"Envenom","floor":16},{"not_picked":["Quick Slash","Bane"],"picked":"Dodge and Roll","floor":18},{"not_picked":["Terror","Acrobatics","Dagger Spray"],"picked":"SKIP","floor":21},{"not_picked":["Predator","Accuracy+1"],"picked":"Backflip","floor":22}],"player_experience":775771,"relics_obtained":[{"floor":9.0,"key":"MawBank"}],"event_choices":[{"damage_healed":0.0,"max_hp_gain":0.0,"max_hp_loss":0.0,"gold_gain":75.0,"event_name":"World of Goop","player_choice":"Gather Gold","floor":3.0,"gold_loss":0.0,"damage_taken":11.0},{"damage_healed":0.0,"max_hp_gain":0.0,"max_hp_loss":0.0,"gold_gain":0.0,"event_name":"Shining Light","player_choice":"Entered Light","floor":5.0,"gold_loss":0.0,"damage_taken":14.0,"cards_upgraded":["Defend_G","Acrobatics"]},{"damage_healed":0,"gold_gain":0,"player_choice":"Success","damage_taken":3,"relics_obtained":["Nunchaku"],"max_hp_gain":0,"max_hp_loss":0,"event_name":"Scrap Ooze","floor":11,"gold_loss":0},{"damage_healed":0,"gold_gain":175,"player_choice":"AGREE","damage_taken":0,"max_hp_gain":0,"max_hp_loss":0,"event_name":"Liars Game","floor":14,"gold_loss":0,"cards_obtained":["Doubt"]},{"damage_healed":0,"gold_gain":0,"player_choice":"Became a Ghost","damage_taken":0,"max_hp_gain":0,"max_hp_loss":35,"event_name":"Ghosts","floor":20,"gold_loss":0,"cards_obtained":["Ghostly","Ghostly","Ghostly","Ghostly","Ghostly"]}],"is_beta":false,"boss_relics":[{"not_picked":["HoveringKite","Busted Crown"],"picked":"Ring of the Serpent"}],"items_purged_floors":[],"is_endless":false,"potions_floor_spawned":[2],"killed_by":"Centurion and Healer","ascension_level":7}