{"gold_per_floor":[119,130,150,150,163,163,193,37,37,37,58,58,4,27,27,151,151,175,60,10,10,30,30,53,53,107,122,122,122,122,47,47,47],"floor_reached":33,"playtime":1560,"items_purged":["Writhe"],"score":260,"play_id":"baab0996-f219-4e73-97cc-8ccbd0068f9f","local_time":"20190121005507","is_ascension_mode":false,"campfire_choices":[{"data":"Genetic Algorithm","floor":6.0,"key":"SMITH"},{"data":"Steam","floor":10.0,"key":"SMITH"},{"floor":12.0,"key":"REST"},{"data":"Redo","floor":15.0,"key":"SMITH"},{"data":"Hyperbeam","floor":23,"key":"SMITH"},{"data":"Seek","floor":28,"key":"SMITH"},{"data":"Hologram","floor":32,"key":"SMITH"}],"neow_cost":"NONE","seed_source_timestamp":0,"circlet_count":0,"master_deck":["Strike_B","Strike_B","Strike_B","Strike_B","Defend_B","Defend_B","Defend_B","Defend_B","Zap+1","Dualcast","Go for the Eyes","Steam+1","Stack","Genetic Algorithm+1","Rebound","Redo+1","Gash","Seek+1","Gash","Hologram+1","Beam Cell","Gash","Stack","Turbo+1","Gash","Bandage Up","Hyperbeam+1","Steam","Stack+1"],"special_seed":0,"relics":["Cracked Core","Golden Idol","Odd Mushroom","Lantern","FossilizedHelix","Orrery","Art of War","Mango","Dead Branch"],"potions_floor_usage":[33],"damage_taken":[{"damage":6.0,"enemies":"Jaw Worm","floor":1.0,"turns":2.0},{"damage":0.0,"enemies":"2 Louse","floor":2.0,"turns":2.0},{"damage":0.0,"enemies":"Cultist","floor":3.0,"turns":3.0},{"damage":0.0,"enemies":"Large Slime","floor":5.0,"turns":4.0},{"damage":18.0,"enemies":"The Mushroom Lair","floor":7.0,"turns":5.0},{"damage":10.0,"enemies":"Exordium Thugs","floor":11.0,"turns":4.0},{"damage":0.0,"enemies":"Gremlin Gang","floor":14.0,"turns":4.0},{"damage":52.0,"enemies":"Slime Boss","floor":16.0,"turns":13.0},{"damage":20.0,"enemies":"2 Thieves","floor":18.0,"turns":4.0},{"damage":10.0,"enemies":"Spheric Guardian","floor":22.0,"turns":4.0},{"damage":6,"enemies":"Snecko","floor":24,"turns":6},{"damage":0,"enemies":"Cultist and Chosen","floor":27,"turns":5},{"damage":86,"enemies":"Champ","floor":33,"turns":15}],"seed_played":"6209300637753319122","potions_obtained":[{"floor":1.0,"key":"Explosive Potion"},{"floor":3.0,"key":"GamblersBrew"},{"floor":11.0,"key":"Regen Potion"},{"floor":24,"key":"Fire Potion"},{"floor":27,"key":"EssenceOfSteel"}],"is_trial":false,"path_per_floor":["M","M","M","?","M","R","?","$","T","R","M","R","$","M","R","B",null,"M","$","?","$","M","R","M","$","T","M","R","T","?","$","R","B"],"character_chosen":"DEFECT","items_purchased":["Lantern","Redo","Gash","Bandage Up"],"campfire_rested":1,"item_purchase_floors":[8,13,19,19],"current_hp_per_floor":[69,69,69,51,51,51,33,33,33,33,23,45,45,45,45,8,75,55,55,55,55,45,45,43,43,43,47,47,61,61,61,61,0],"gold":47,"neow_bonus":"UPGRADE_CARD","is_prod":false,"is_daily":false,"chose_seed":false,"campfire_upgraded":6,"win_rate":0,"timestamp":1548050107,"path_taken":["M","M","M","?","M","R","?","$","T","R","?","R","?","M","R","BOSS","M","$","?","?","?","R","M","$","T","M","R","?","?","$","R","BOSS"],"build_version":"2019-01-17v2","purchased_purges":1,"victory":false,"max_hp_per_floor":[75,75,75,75,75,75,75,75,75,75,75,75,75,75,75,75,75,75,75,75,75,75,75,75,75,75,75,75,89,89,89,89,89],"card_choices":[{"not_picked":["Recycle","Sweeping Beam"],"picked":"Go for the Eyes","floor":1.0},{"not_picked":["Compile Driver","Rip and Tear"],"picked":"Steam","floor":2.0},{"not_picked":["Sweeping Beam","Doom and Gloom"],"picked":"Stack","floor":3.0},{"not_picked":["Aggregate","Ball Lightning"],"picked":"Genetic Algorithm","floor":5.0},{"not_picked":["Loop","Ball Lightning"],"picked":"Rebound","floor":7.0},{"not_picked":["Defragment","Ball Lightning","Loop"],"picked":"SKIP","floor":11.0},{"not_picked":["Force Field","Barrage"],"picked":"Gash","floor":14.0},{"not_picked":["Meteor Strike","Reboot"],"picked":"Seek","floor":16.0},{"not_picked":["Reinforced Body","Steam"],"picked":"Gash","floor":17.0},{"not_picked":["Chill","Chaos"],"picked":"Hologram","floor":17.0},{"not_picked":["Compile Driver","Blizzard"],"picked":"Beam Cell","floor":17.0},{"not_picked":["Redo","Rebound"],"picked":"Gash","floor":17.0},{"not_picked":["Recycle","Darkness"],"picked":"Stack","floor":17.0},{"not_picked":["Static Discharge+1","Steam+1"],"picked":"Turbo+1","floor":18.0},{"not_picked":["Cold Snap+1","Chaos+1"],"picked":"Hyperbeam","floor":22},{"not_picked":["Barrage","Redo"],"picked":"Steam","floor":24},{"not_picked":["Sweeping Beam","BootSequence"],"picked":"Stack+1","floor":27}],"player_experience":950583,"relics_obtained":[{"floor":7.0,"key":"Odd Mushroom"},{"floor":9.0,"key":"FossilizedHelix"},{"floor":26,"key":"Art of War"},{"floor":29,"key":"Mango"}],"event_choices":[{"damage_healed":0.0,"max_hp_gain":0.0,"max_hp_loss":0.0,"gold_gain":0.0,"event_name":"Golden Idol","player_choice":"Take Damage","floor":4.0,"gold_loss":0.0,"damage_taken":18.0,"relics_obtained":["Golden Idol"]},{"damage_healed":0.0,"max_hp_gain":0.0,"max_hp_loss":0.0,"gold_gain":0.0,"event_name":"Mushrooms","player_choice":"Fought Mushrooms","floor":7.0,"gold_loss":0.0,"damage_taken":0.0},{"damage_healed":0.0,"max_hp_gain":0.0,"max_hp_loss":0.0,"gold_gain":0.0,"event_name":"The Joust","player_choice":"Bet on Murderer","floor":20.0,"gold_loss":50.0,"damage_taken":0.0},{"damage_healed":0,"gold_gain":0,"player_choice":"Opened","damage_taken":0,"relics_obtained":["Dead Branch"],"max_hp_gain":0,"max_hp_loss":0,"event_name":"The Mausoleum","floor":30,"gold_loss":0,"cards_obtained":["Writhe"]}],"is_beta":false,"boss_relics":[{"not_picked":["FrozenCore","Black Star"],"picked":"Orrery"}],"items_purged_floors":[31],"is_endless":false,"potions_floor_spawned":[1,3,11,24,27],"killed_by":"Champ","ascension_level":0}