{"gold_per_floor":[117,117,117,130,130,130,149,149,175,209,209,209,225,225,225,225],"floor_reached":16,"playtime":1925,"items_purged":[],"score":108,"play_id":"dd8c0cab-749f-48e6-9caa-ad7847657e13","local_time":"20181201101657","is_ascension_mode":true,"campfire_choices":[{"data":"Leg Sweep","floor":6,"key":"SMITH"},{"data":"Acrobatics","floor":8,"key":"SMITH"},{"data":"Crippling Poison","floor":12,"key":"SMITH"},{"data":"Deadly Poison","floor":15,"key":"SMITH"}],"neow_cost":"NONE","seed_source_timestamp":647368253302894,"circlet_count":0,"master_deck":["Defend_G","Defend_G","Defend_G","Defend_G","Defend_G","Strike_G","Strike_G","Strike_G","Strike_G","Survivor","Neutralize+1","Leg Sweep+1","Acrobatics+1","Crippling Poison+1","Deadly Poison+1"],"relics":["Ring of the Snake","Bag of Preparation","Pen Nib","Blue Candle","Golden Idol"],"potions_floor_usage":[10,10,16],"damage_taken":[{"damage":0,"enemies":"2 Louse","floor":1,"turns":5},{"damage":0,"enemies":"Small Slimes","floor":4,"turns":5},{"damage":2,"enemies":"Cultist","floor":7,"turns":5},{"damage":44,"enemies":"3 Sentries","floor":10,"turns":13},{"damage":5,"enemies":"Red Slaver","floor":13,"turns":3},{"damage":28,"enemies":"Slime Boss","floor":16,"turns":7}],"seed_played":"9095647838305813124","potions_obtained":[{"floor":0,"key":"Regen Potion"},{"floor":0,"key":"SmokeBomb"},{"floor":0,"key":"GamblersBrew"},{"floor":1,"key":"Fire Potion"},{"floor":10,"key":"Strength Potion"}],"is_trial":false,"path_per_floor":["M","?","?","M","$","R","M","R","T","E","?","R","M","?","R","B"],"character_chosen":"THE_SILENT","items_purchased":[],"campfire_rested":0,"item_purchase_floors":[],"current_hp_per_floor":[70,63,63,63,63,63,61,61,61,32,25,25,20,20,20,0],"gold":225,"neow_bonus":"THREE_SMALL_POTIONS","is_prod":false,"is_daily":false,"chose_seed":false,"campfire_upgraded":4,"win_rate":0,"timestamp":1543677417,"path_taken":["M","?","?","?","?","R","M","R","T","E","?","R","M","?","R","BOSS"],"build_version":"2018-11-15","purchased_purges":0,"victory":false,"max_hp_per_floor":[70,70,70,70,70,70,70,70,70,70,70,70,70,65,65,65],"card_choices":[{"not_picked":["Underhanded Strike","Dodge and Roll"],"picked":"Leg Sweep","floor":1},{"not_picked":["Acrobatics","Masterful Stab","Cloak And Dagger"],"picked":"SKIP","floor":4},{"not_picked":["Heel Hook","Slice"],"picked":"Acrobatics","floor":7},{"not_picked":["Flying Knee","Footwork"],"picked":"Crippling Poison","floor":10},{"not_picked":["Underhanded Strike","Concentrate"],"picked":"Deadly Poison","floor":13}],"player_experience":193667,"relics_obtained":[{"floor":9,"key":"Pen Nib"},{"floor":10,"key":"Blue Candle"}],"event_choices":[{"damage_healed":0,"gold_gain":0,"player_choice":"Success","damage_taken":7,"relics_obtained":["Bag of Preparation"],"max_hp_gain":0,"max_hp_loss":0,"event_name":"Scrap Ooze","floor":2,"gold_loss":0},{"damage_healed":0,"gold_gain":0,"player_choice":"Upgraded","damage_taken":0,"max_hp_gain":0,"max_hp_loss":0,"event_name":"Upgrade Shrine","floor":3,"gold_loss":0,"cards_upgraded":["Neutralize"]},{"cards_removed":["Strike_G"],"damage_healed":0,"gold_gain":0,"player_choice":"Card Removal","damage_taken":7,"max_hp_gain":0,"max_hp_loss":0,"event_name":"Golden Wing","floor":11,"gold_loss":0},{"damage_healed":0,"gold_gain":0,"player_choice":"Lose Max HP","damage_taken":0,"relics_obtained":["Golden Idol"],"max_hp_gain":0,"max_hp_loss":5,"event_name":"Golden Idol","floor":14,"gold_loss":0}],"is_beta":false,"boss_relics":[],"items_purged_floors":[],"is_endless":false,"potions_floor_spawned":[1,7,10],"killed_by":"Slime Boss","ascension_level":2}