{"gold_per_floor":[116,116,64,64,64,64,77,95,174,193,193,1,1,15,15,111,111,127,143,8,23,23,23,53,53,53,53,64,82,100,117,117,219,219,229,229,243,63,74,74,74,107,107,39,39,39,39,39],"floor_reached":48,"playtime":2516,"items_purged":["Strike_G"],"score":569,"play_id":"0630803b-8a65-49a2-b006-ae1fb2871d45","local_time":"20190217222033","is_ascension_mode":true,"campfire_choices":[{"data":"Deadly Poison","floor":6,"key":"SMITH"},{"data":"Caltrops","floor":11,"key":"SMITH"},{"floor":15,"key":"REST"},{"floor":23,"key":"REST"},{"floor":25,"key":"REST"},{"floor":27,"key":"REST"},{"floor":32,"key":"REST"},{"floor":41,"key":"REST"},{"floor":45,"key":"REST"},{"data":"Footwork","floor":47,"key":"SMITH"}],"neow_cost":"NONE","seed_source_timestamp":264602216902945,"circlet_count":0,"master_deck":["Defend_G","Defend_G","Defend_G","Defend_G","Defend_G+1","Survivor","Neutralize","Deadly Poison+1","Caltrops+1","Backstab","Footwork+1","Dodge and Roll+1","Crippling Poison","Burst","Eviscerate+1","Catalyst+1","Bane+1","Backflip","Leg Sweep+1","Bullet Time","PiercingWail","Escape Plan+1","Bouncing Flask","Dash+1","Outmaneuver+1","PiercingWail","Noxious Fumes","Deadly Poison","Mind Blast","Escape Plan+1","Madness","Madness","Noxious Fumes"],"relics":["Ring of the Snake","GremlinMask","Blue Candle","Astrolabe","Nloth\u0027s Gift","War Paint","Ancient Tea Set","Cursed Key","Omamori","MawBank"],"potions_floor_usage":[33,33,39,42],"damage_taken":[{"damage":0,"enemies":"Cultist","floor":1,"turns":5},{"damage":4,"enemies":"Small Slimes","floor":7,"turns":3},{"damage":2,"enemies":"2 Louse","floor":8,"turns":3},{"damage":17,"enemies":"Looter","floor":10,"turns":3},{"damage":11,"enemies":"Lots of Slimes","floor":14,"turns":6},{"damage":4,"enemies":"Hexaghost","floor":16,"turns":9},{"damage":3,"enemies":"Shell Parasite","floor":18,"turns":3},{"damage":0,"enemies":"Chosen","floor":19,"turns":4},{"damage":33,"enemies":"Shelled Parasite and Fungi","floor":21,"turns":6},{"damage":38,"enemies":"Book of Stabbing","floor":24,"turns":6},{"damage":6,"enemies":"Snake Plant","floor":28,"turns":4},{"damage":7,"enemies":"Centurion and Healer","floor":29,"turns":10},{"damage":21,"enemies":"Sentry and Sphere","floor":30,"turns":3},{"damage":1,"enemies":"Snecko","floor":31,"turns":4},{"damage":53,"enemies":"Champ","floor":33,"turns":16},{"damage":1,"enemies":"Orb Walker","floor":35,"turns":4},{"damage":39,"enemies":"3 Shapes","floor":37,"turns":5},{"damage":9,"enemies":"Maw","floor":39,"turns":10},{"damage":34,"enemies":"Giant Head","floor":42,"turns":7},{"damage":45,"enemies":"Jaw Worm Horde","floor":48,"turns":3}],"seed_played":"894433431286436071","potions_obtained":[{"floor":4,"key":"FearPotion"},{"floor":4,"key":"FairyPotion"},{"floor":4,"key":"Dexterity Potion"},{"floor":10,"key":"Fruit Juice"},{"floor":14,"key":"Regen Potion"},{"floor":37,"key":"Regen Potion"}],"is_trial":false,"path_per_floor":["M","?","$","?","$","R","M","M","T","M","R","$","?","M","R","B",null,"M","M","$","M","?","R","E","R","T","R","M","M","M","M","R","B",null,"M","?","M","$","M","?","R","E","T","$","R","?","R","M"],"character_chosen":"THE_SILENT","items_purchased":["Deadly Poison","Footwork","Dodge and Roll","Bullet Time","Noxious Fumes","Deadly Poison","Mind Blast","Noxious Fumes"],"campfire_rested":7,"item_purchase_floors":[3,12,12,20,38,38,38,44],"current_hp_per_floor":[70,70,70,70,70,70,66,64,64,47,47,47,35,24,45,41,70,67,67,67,34,34,55,17,38,38,59,53,46,25,24,45,7,70,69,69,30,30,26,17,39,20,20,20,42,42,42,0],"gold":39,"neow_bonus":"REMOVE_CARD","is_prod":false,"is_daily":false,"chose_seed":false,"campfire_upgraded":3,"win_rate":0,"timestamp":1550460033,"path_taken":["M","?","?","?","$","R","M","?","T","M","R","$","?","M","R","BOSS","M","M","$","M","?","R","E","R","T","R","M","M","M","?","R","BOSS","M","?","M","$","M","?","R","E","T","$","R","?","R","M"],"build_version":"2019-01-23","purchased_purges":1,"victory":false,"max_hp_per_floor":[70,70,70,70,70,70,70,70,70,70,70,70,70,70,70,70,70,70,70,70,70,70,70,70,70,70,70,70,70,70,70,70,70,70,70,70,70,70,75,75,75,75,75,75,75,75,75,75],"card_choices":[{"not_picked":["Prepared","Eviscerate","Skewer"],"picked":"SKIP","floor":1},{"not_picked":["Dagger Throw","Deflect"],"picked":"Caltrops","floor":7},{"not_picked":["Bane","Dagger Throw"],"picked":"Backstab","floor":8},{"not_picked":["Quick Slash","Distraction","Flying Knee"],"picked":"SKIP","floor":10},{"not_picked":["PiercingWail","Deflect"],"picked":"Crippling Poison","floor":14},{"not_picked":["Adrenaline","Storm of Steel"],"picked":"Burst","floor":16},{"not_picked":["Choke","Underhanded Strike"],"picked":"Backflip","floor":18},{"not_picked":["Infinite Blades","Backflip"],"picked":"Leg Sweep+1","floor":19},{"not_picked":["Flying Knee+1","Calculated Gamble+1"],"picked":"PiercingWail","floor":21},{"not_picked":["Flying Knee","Choke+1"],"picked":"Escape Plan+1","floor":24},{"not_picked":["Dagger Throw","Cloak And Dagger+1"],"picked":"Bouncing Flask","floor":28},{"not_picked":["Expertise","Acrobatics+1"],"picked":"Dash+1","floor":29},{"not_picked":["Distraction+1","Slice+1"],"picked":"Outmaneuver+1","floor":30},{"not_picked":["Eviscerate","Dagger Throw"],"picked":"PiercingWail","floor":31},{"not_picked":["Slice+1","Endless Agony+1","Dagger Throw+1"],"picked":"SKIP","floor":35},{"not_picked":["Tactician+1","Predator+1","Deflect"],"picked":"SKIP","floor":37},{"not_picked":["PiercingWail","Backflip"],"picked":"Escape Plan+1","floor":39},{"not_picked":["Doppelganger","Riddle With Holes+1","Storm of Steel"],"picked":"SKIP","floor":42}],"player_experience":1057042,"relics_obtained":[{"floor":9,"key":"Blue Candle"},{"floor":24,"key":"War Paint"},{"floor":26,"key":"Ancient Tea Set"},{"floor":42,"key":"Omamori"},{"floor":43,"key":"MawBank"}],"event_choices":[{"damage_healed":0,"gold_gain":0,"player_choice":"Trade","damage_taken":0,"relics_obtained":["GremlinMask"],"max_hp_gain":0,"max_hp_loss":0,"event_name":"FaceTrader","floor":2,"gold_loss":0},{"damage_healed":0,"gold_gain":0,"player_choice":"Got Potions","damage_taken":0,"max_hp_gain":0,"max_hp_loss":0,"event_name":"Lab","floor":4,"gold_loss":0},{"damage_healed":0,"gold_gain":0,"player_choice":"Success","damage_taken":12,"relics_obtained":["Darkstone Periapt"],"max_hp_gain":0,"max_hp_loss":0,"event_name":"Scrap Ooze","floor":13,"gold_loss":0},{"damage_healed":0,"gold_gain":0,"player_choice":"Traded Relic","damage_taken":0,"relics_obtained":["Nloth\u0027s Gift"],"max_hp_gain":0,"max_hp_loss":0,"event_name":"N\u0027loth","floor":22,"relics_lost":["Darkstone Periapt"],"gold_loss":0},{"damage_healed":0,"gold_gain":0,"player_choice":"Ignored","damage_taken":0,"max_hp_gain":0,"max_hp_loss":0,"event_name":"Tomb of Lord Red Mask","floor":36,"gold_loss":0},{"damage_healed":0,"gold_gain":0,"player_choice":"Embrace Madness","damage_taken":9,"max_hp_gain":0,"max_hp_loss":0,"event_name":"Winding Halls","floor":40,"gold_loss":0,"cards_obtained":["Madness","Madness"]},{"damage_healed":0,"gold_gain":0,"player_choice":"Ignored","damage_taken":0,"max_hp_gain":0,"max_hp_loss":0,"event_name":"Mysterious Sphere","floor":46,"gold_loss":0}],"is_beta":false,"boss_relics":[{"not_picked":["Ectoplasm","Pandora\u0027s Box"],"picked":"Astrolabe"},{"not_picked":["Snecko Eye","Runic Dome"],"picked":"Cursed Key"}],"items_purged_floors":[12],"is_endless":false,"potions_floor_spawned":[7,8,10,14,18,21,24,30,37],"killed_by":"Jaw Worm Horde","ascension_level":3}