{"gold_per_floor":[113,132,150,150,168,168,168,191,191,35,53,53,86,104,104,223,223,238,262,90,110,130,130,143,242,242,242,242,242,242,260,260,379,379,402,8,108,131,147,147,160,160,160,160,179,179],"floor_reached":46,"playtime":3323,"items_purged":["Strike_R","True Grit","Infernal Blade"],"score":416,"play_id":"eeb3a1f0-4c36-4169-8a56-82a718bdbfc7","local_time":"20190127191440","is_ascension_mode":false,"campfire_choices":[{"data":"Entrench","floor":6,"key":"SMITH"},{"data":"Clothesline","floor":15,"key":"SMITH"},{"data":"Metallicize","floor":23,"key":"SMITH"},{"data":"Uppercut","floor":28,"key":"SMITH"},{"data":"Madness","floor":30,"key":"SMITH"},{"data":"Demon Form","floor":32,"key":"SMITH"},{"data":"Metallicize","floor":40,"key":"SMITH"},{"floor":42,"key":"REST"},{"data":"Armaments","floor":44,"key":"SMITH"}],"neow_cost":"NONE","seed_source_timestamp":630665161057748,"circlet_count":0,"master_deck":["Strike_R","Strike_R","Strike_R","Defend_R","Defend_R","Defend_R","Defend_R","Bash","Impervious","Clothesline+1","Entrench+1","Cleave","Demon Form+1","Armaments+1","Power Through","Shrug It Off","Combust","Flex","Metallicize+1","Pummel","Body Slam+1","Uppercut+1","Feel No Pain","Shrug It Off","Madness+1","Pommel Strike","Exhume","Metallicize+1","Corruption","Steam"],"relics":["Burning Blood","Golden Idol","Ancient Tea Set","Vajra","Odd Mushroom","Velvet Choker","Torii","Runic Pyramid","PrismaticShard","Paper Frog"],"potions_floor_usage":[8,14,16,19,24,24,33,33,33,33,41,46],"damage_taken":[{"damage":5,"enemies":"Small Slimes","floor":1,"turns":3},{"damage":4,"enemies":"2 Louse","floor":2,"turns":5},{"damage":5,"enemies":"Jaw Worm","floor":3,"turns":4},{"damage":5,"enemies":"Large Slime","floor":5,"turns":8},{"damage":13,"enemies":"Exordium Thugs","floor":8,"turns":5},{"damage":0,"enemies":"Red Slaver","floor":11,"turns":4},{"damage":14,"enemies":"The Mushroom Lair","floor":13,"turns":5},{"damage":2,"enemies":"Looter","floor":14,"turns":3},{"damage":28,"enemies":"Hexaghost","floor":16,"turns":11},{"damage":21,"enemies":"Chosen","floor":18,"turns":5},{"damage":7,"enemies":"2 Thieves","floor":19,"turns":5},{"damage":8,"enemies":"Snecko","floor":21,"turns":5},{"damage":5,"enemies":"Centurion and Healer","floor":22,"turns":6},{"damage":21,"enemies":"Sentry and Sphere","floor":24,"turns":6},{"damage":5,"enemies":"Snecko","floor":31,"turns":4},{"damage":29,"enemies":"Collector","floor":33,"turns":10},{"damage":27,"enemies":"Orb Walker","floor":35,"turns":5},{"damage":0,"enemies":"3 Shapes","floor":38,"turns":5},{"damage":27,"enemies":"Transient","floor":39,"turns":5},{"damage":9,"enemies":"Spire Growth","floor":41,"turns":5},{"damage":23,"enemies":"3 Darklings","floor":45,"turns":8},{"damage":56,"enemies":"Jaw Worm Horde","floor":46,"turns":2}],"seed_played":"7921331619449281951","potions_obtained":[{"floor":1,"key":"GamblersBrew"},{"floor":2,"key":"Energy Potion"},{"floor":8,"key":"EntropicBrew"},{"floor":11,"key":"SpeedPotion"},{"floor":14,"key":"Strength Potion"},{"floor":19,"key":"PowerPotion"},{"floor":22,"key":"BloodPotion"},{"floor":24,"key":"PowerPotion"},{"floor":31,"key":"Ancient Potion"},{"floor":35,"key":"PowerPotion"},{"floor":45,"key":"LiquidBronze"}],"is_trial":false,"path_per_floor":["M","M","M","?","M","R","?","M","T","$","M","?","?","M","R","B",null,"M","M","$","M","M","R","M","?","T","?","R","?","R","M","R","B",null,"M","$","?","M","M","R","M","R","T","R","M","M"],"character_chosen":"IRONCLAD","items_purchased":["Demon Form","Metallicize","PrismaticShard","Metallicize"],"campfire_rested":1,"item_purchase_floors":[10,20,36,36],"current_hp_per_floor":[80,80,80,60,61,61,43,36,36,36,42,42,34,38,38,16,80,65,64,64,62,63,63,56,56,56,56,56,56,56,57,57,34,80,59,59,59,65,44,44,41,65,65,65,48,0],"gold":179,"neow_bonus":"ONE_RANDOM_RARE_CARD","is_prod":false,"is_daily":false,"chose_seed":false,"campfire_upgraded":8,"win_rate":0,"timestamp":1548616480,"path_taken":["M","M","M","?","M","R","?","M","T","$","M","?","?","M","R","BOSS","M","M","$","M","M","R","M","?","T","?","R","?","R","?","R","BOSS","M","$","?","?","M","R","M","R","T","R","M","M"],"build_version":"2019-01-23","purchased_purges":3,"victory":false,"max_hp_per_floor":[80,80,80,80,80,80,80,80,80,80,80,80,80,80,80,80,80,80,80,80,80,80,80,80,80,80,80,80,80,80,80,80,80,80,80,80,80,80,80,80,80,80,80,80,80,80],"card_choices":[{"not_picked":["Blood for Blood","Clash","Hemokinesis"],"picked":"SKIP","floor":1},{"not_picked":["Pommel Strike","Wild Strike"],"picked":"Clothesline","floor":2},{"not_picked":["Clash","Headbutt"],"picked":"Infernal Blade","floor":3},{"not_picked":["Thunderclap","Searing Blow"],"picked":"Entrench","floor":5},{"not_picked":["Clothesline","Battle Trance"],"picked":"Cleave","floor":8},{"not_picked":["Clothesline","Flex"],"picked":"Armaments","floor":11},{"not_picked":["Blood for Blood","Dark Embrace"],"picked":"Shrug It Off","floor":13},{"not_picked":["Sever Soul","Shrug It Off"],"picked":"Combust","floor":14},{"not_picked":["Intimidate+1","Pummel+1"],"picked":"True Grit","floor":18},{"not_picked":["Sentinel","Iron Wave"],"picked":"Flex","floor":19},{"not_picked":["Clash","Sentinel"],"picked":"Pummel","floor":21},{"not_picked":["Warcry","Clothesline"],"picked":"Body Slam+1","floor":22},{"not_picked":["Carnage+1","Sentinel+1"],"picked":"Uppercut","floor":24},{"not_picked":["Flex","Havoc+1"],"picked":"Pommel Strike","floor":31},{"not_picked":["Immolate","Fiend Fire"],"picked":"Exhume","floor":33},{"not_picked":["Pommel Strike","Power Through+1","Iron Wave"],"picked":"SKIP","floor":35},{"not_picked":["Armaments","Underhanded Strike+1","Wild Strike"],"picked":"SKIP","floor":38},{"not_picked":["Bloodletting+1","Dropkick"],"picked":"Corruption","floor":39},{"not_picked":["Headbutt+1","Fire Breathing","Cleave"],"picked":"SKIP","floor":41},{"not_picked":["Crippling Poison+1","Iron Wave"],"picked":"Steam","floor":45}],"player_experience":368428,"relics_obtained":[{"floor":9,"key":"Vajra"},{"floor":13,"key":"Odd Mushroom"},{"floor":26,"key":"Torii"},{"floor":43,"key":"Paper Frog"}],"event_choices":[{"damage_healed":0,"gold_gain":0,"player_choice":"Take Damage","damage_taken":20,"relics_obtained":["Golden Idol"],"max_hp_gain":0,"max_hp_loss":0,"event_name":"Golden Idol","floor":4,"gold_loss":0},{"damage_healed":0,"gold_gain":0,"player_choice":"Success","damage_taken":18,"relics_obtained":["Ancient Tea Set"],"max_hp_gain":0,"max_hp_loss":0,"event_name":"Scrap Ooze","floor":7,"gold_loss":0},{"damage_healed":0,"gold_gain":0,"cards_transformed":["Strike_R"],"player_choice":"Change","damage_taken":0,"max_hp_gain":0,"max_hp_loss":0,"event_name":"Living Wall","floor":12,"gold_loss":0,"cards_obtained":["Power Through"]},{"damage_healed":0,"gold_gain":0,"player_choice":"Fought Mushrooms","damage_taken":0,"max_hp_gain":0,"max_hp_loss":0,"event_name":"Mushrooms","floor":13,"gold_loss":0},{"damage_healed":0,"gold_gain":99,"player_choice":"Stole From Cult","damage_taken":0,"max_hp_gain":0,"max_hp_loss":0,"event_name":"Nest","floor":25,"gold_loss":0},{"damage_healed":0,"gold_gain":0,"player_choice":"Ignored","damage_taken":0,"max_hp_gain":0,"max_hp_loss":0,"event_name":"Ghosts","floor":27,"gold_loss":0},{"damage_healed":0,"gold_gain":0,"player_choice":"3 cards matched","damage_taken":0,"max_hp_gain":0,"max_hp_loss":0,"event_name":"Match and Keep!","floor":29,"gold_loss":0,"cards_obtained":["Feel No Pain","Shrug It Off","Madness"]},{"damage_healed":0,"gold_gain":100,"player_choice":"Pray","damage_taken":0,"max_hp_gain":0,"max_hp_loss":0,"event_name":"Golden Shrine","floor":37,"gold_loss":0}],"is_beta":false,"boss_relics":[{"not_picked":["Pandora\u0027s Box","Philosopher\u0027s Stone"],"picked":"Velvet Choker"},{"not_picked":["Coffee Dripper","Fusion Hammer"],"picked":"Runic Pyramid"}],"items_purged_floors":[10,20,36],"is_endless":false,"potions_floor_spawned":[1,2,8,11,14,19,22,24,31,35,45],"killed_by":"Jaw Worm Horde","ascension_level":0}