{"gold_per_floor":[218,218,32,45,60,60,77,96,121,121,138,153,78,88,88,190,190,205,224,32,46,62,62,76,76,103,103,120,120,44,44,44,147,147,160,0,0],"floor_reached":37,"playtime":3425,"items_purged":["Strike_G"],"score":390,"play_id":"90f83312-ecb2-4eca-a1a4-57084a96665a","local_time":"20190124201357","is_ascension_mode":false,"campfire_choices":[{"data":"Apotheosis","floor":6.0,"key":"SMITH"},{"data":"Backstab","floor":10.0,"key":"SMITH"},{"data":"Corpse Explosion","floor":15.0,"key":"SMITH"},{"floor":23.0,"key":"REST"},{"data":"Neutralize","floor":25,"key":"SMITH"},{"data":"Footwork","floor":29,"key":"SMITH"},{"data":"Tools of the Trade","floor":32,"key":"SMITH"}],"neow_cost":"NONE","seed_source_timestamp":0,"circlet_count":0,"master_deck":["Defend_G","Defend_G","Defend_G","Defend_G","Defend_G","Strike_G","Strike_G","Strike_G","Survivor","Neutralize+1","Poisoned Stab","Apotheosis+1","Dagger Throw","Bane","Well Laid Plans","Backstab+1","Corpse Explosion+1","Tools of the Trade+1","Footwork+1","Footwork","PiercingWail","Flying Knee","Leg Sweep","Burst"],"special_seed":0,"relics":["Ring of the Snake","Oddly Smooth Stone","Eternal Feather","DollysMirror","Juzu Bracelet","HoveringKite","Red Mask"],"potions_floor_usage":[28,33,33,33,33],"damage_taken":[{"damage":0.0,"enemies":"Cultist","floor":1.0,"turns":3.0},{"damage":0.0,"enemies":"2 Louse","floor":4.0,"turns":2.0},{"damage":0.0,"enemies":"Small Slimes","floor":5.0,"turns":4.0},{"damage":0.0,"enemies":"Blue Slaver","floor":7.0,"turns":4.0},{"damage":0.0,"enemies":"Large Slime","floor":8.0,"turns":3.0},{"damage":0.0,"enemies":"3 Louse","floor":11.0,"turns":2.0},{"damage":9.0,"enemies":"2 Fungi Beasts","floor":12.0,"turns":3.0},{"damage":0.0,"enemies":"Exordium Wildlife","floor":14.0,"turns":1.0},{"damage":7.0,"enemies":"Hexaghost","floor":16.0,"turns":8.0},{"damage":8.0,"enemies":"Spheric Guardian","floor":18.0,"turns":6.0},{"damage":14.0,"enemies":"Shell Parasite","floor":19.0,"turns":5.0},{"damage":12.0,"enemies":"Snake Plant","floor":21.0,"turns":6.0},{"damage":12.0,"enemies":"Centurion and Healer","floor":22.0,"turns":7.0},{"damage":11.0,"enemies":"Cultist and Chosen","floor":24.0,"turns":5.0},{"damage":6,"enemies":"Snake Plant","floor":28,"turns":7},{"damage":17,"enemies":"Champ","floor":33,"turns":18},{"damage":18,"enemies":"Orb Walker","floor":35,"turns":6},{"damage":16,"enemies":"3 Darklings","floor":37,"turns":2}],"seed_played":"-7636225258521863703","potions_obtained":[{"floor":1.0,"key":"Swift Potion"},{"floor":7.0,"key":"EntropicBrew"},{"floor":8.0,"key":"Fire Potion"},{"floor":12.0,"key":"EssenceOfSteel"},{"floor":18.0,"key":"SteroidPotion"},{"floor":28,"key":"SteroidPotion"},{"floor":35,"key":"Fire Potion"}],"is_trial":false,"path_per_floor":["M","?","$","M","M","R","M","M","T","R","M","M","$","M","R","B",null,"M","M","$","M","M","R","M","R","T","?","M","R","$","?","R","B",null,"M","?","M"],"character_chosen":"THE_SILENT","items_purchased":["Apotheosis","DollysMirror","Leg Sweep"],"campfire_rested":1,"item_purchase_floors":[3,20,30],"current_hp_per_floor":[70,70,70,70,70,70,70,70,70,70,70,61,61,61,61,54,70,62,48,48,36,24,57,46,58,58,58,52,64,64,57,69,52,70,52,52,36],"gold":0,"neow_bonus":"HUNDRED_GOLD","is_prod":false,"is_daily":false,"chose_seed":false,"campfire_upgraded":6,"win_rate":0,"timestamp":1548360837,"path_taken":["M","?","$","M","M","R","M","M","T","R","?","M","$","M","R","BOSS","M","M","$","M","M","R","M","R","T","?","M","R","$","?","R","BOSS","M","?","M"],"build_version":"2019-01-23","purchased_purges":1,"victory":false,"max_hp_per_floor":[70,70,70,70,70,70,70,70,70,70,70,70,70,70,70,70,70,70,70,70,70,70,70,70,70,70,70,70,70,70,70,70,70,70,70,70,70],"card_choices":[{"not_picked":["Tactician","Outmaneuver"],"picked":"Poisoned Stab","floor":1.0},{"not_picked":["Terror","Accuracy"],"picked":"Dagger Throw","floor":4.0},{"not_picked":["Acrobatics","Prepared"],"picked":"Bane","floor":5.0},{"not_picked":["Dagger Spray","Accuracy"],"picked":"Well Laid Plans","floor":7.0},{"not_picked":["PiercingWail","Acrobatics"],"picked":"Backstab","floor":8.0},{"not_picked":["Outmaneuver","Dagger Spray","Poisoned Stab"],"picked":"SKIP","floor":11.0},{"not_picked":["PiercingWail","Eviscerate"],"picked":"Corpse Explosion","floor":12.0},{"not_picked":["Acrobatics","Blade Dance","Dagger Spray"],"picked":"SKIP","floor":14.0},{"not_picked":["Envenom","Unload"],"picked":"Tools of the Trade","floor":16.0},{"not_picked":["Prepared","Eviscerate+1","Accuracy+1"],"picked":"SKIP","floor":18.0},{"not_picked":["Endless Agony","Reflex+1"],"picked":"Footwork","floor":19.0},{"not_picked":["Cloak And Dagger","Dagger Spray+1"],"picked":"PiercingWail","floor":21.0},{"not_picked":["Sucker Punch","Quick Slash","Outmaneuver+1"],"picked":"SKIP","floor":22.0},{"not_picked":["Quick Slash","Prepared"],"picked":"Flying Knee","floor":24.0},{"not_picked":["PiercingWail+1","Dodge and Roll","Escape Plan+1"],"picked":"SKIP","floor":28},{"not_picked":["Bullet Time","Envenom"],"picked":"Burst","floor":33},{"not_picked":["Choke","Concentrate+1","Heel Hook"],"picked":"SKIP","floor":35}],"player_experience":338567,"relics_obtained":[{"floor":9.0,"key":"Oddly Smooth Stone"},{"floor":26,"key":"Juzu Bracelet"}],"event_choices":[{"cards_removed":["Strike_G"],"damage_healed":0.0,"max_hp_gain":0.0,"max_hp_loss":0.0,"gold_gain":0.0,"event_name":"Bonfire Elementals","player_choice":"Offered Basic","floor":2.0,"gold_loss":0.0,"damage_taken":0.0},{"damage_healed":0,"gold_gain":0,"player_choice":"Ignored","damage_taken":0,"max_hp_gain":0,"max_hp_loss":0,"event_name":"Vampires","floor":27,"gold_loss":0},{"damage_healed":0,"gold_gain":0,"player_choice":"Damaged","damage_taken":7,"max_hp_gain":0,"max_hp_loss":0,"event_name":"Wheel of Change","floor":31,"gold_loss":0},{"damage_healed":0,"gold_gain":0,"player_choice":"Paid","damage_taken":0,"relics_obtained":["Red Mask"],"max_hp_gain":0,"max_hp_loss":0,"event_name":"Tomb of Lord Red Mask","floor":36,"gold_loss":160}],"is_beta":false,"boss_relics":[{"not_picked":["Calling Bell","Snecko Eye"],"picked":"Eternal Feather"},{"not_picked":["Lizard Tail","Tiny House"],"picked":"HoveringKite"}],"items_purged_floors":[13],"is_endless":false,"potions_floor_spawned":[1,7,8,11,12,18,19,28,35],"killed_by":"3 Darklings","ascension_level":0}