{"gold_per_floor":[110,110,130,130,130,130,146,146,199,240,12,36,36,51,51,170,170,185,208,221,221,241,241,285,285,334,11,25,25],"floor_reached":29,"playtime":1877,"items_purged":["Decay"],"score":294,"play_id":"74a9581d-b25d-4dc6-98ae-fd18b99ceac2","local_time":"20181208200920","is_ascension_mode":true,"campfire_choices":[{"data":"Neutralize","floor":6,"key":"SMITH"},{"data":"Catalyst","floor":8,"key":"SMITH"},{"floor":15,"key":"REST"},{"data":"Noxious Fumes","floor":23,"key":"SMITH"}],"neow_cost":"NONE","seed_source_timestamp":1287783688791676,"circlet_count":0,"master_deck":["Defend_G","Defend_G","Defend_G+1","Defend_G+1","Defend_G","Strike_G","Strike_G","Survivor","Neutralize+1","Well Laid Plans","Infinite Blades+1","Catalyst+1","Footwork","Deadly Poison","Dagger Spray","Sucker Punch","Acrobatics","Bullet Time","Poisoned Stab","Backflip","Noxious Fumes","Flying Knee","Well Laid Plans","Noxious Fumes+1","Catalyst","Acrobatics"],"relics":["Ring of the Snake","Snake Skull","Golden Idol","Dream Catcher","Nunchaku","Lantern","Cursed Key","Meat on the Bone","Nilry\u0027s Codex","Bronze Scales","Toy Ornithopter"],"potions_floor_usage":[10,12,20,20,24,28,28],"damage_taken":[{"damage":3,"enemies":"2 Louse","floor":1,"turns":4},{"damage":8,"enemies":"Small Slimes","floor":3,"turns":5},{"damage":0,"enemies":"Cultist","floor":7,"turns":4},{"damage":24,"enemies":"3 Sentries","floor":10,"turns":8},{"damage":0,"enemies":"3 Louse","floor":12,"turns":2},{"damage":3,"enemies":"Exordium Wildlife","floor":14,"turns":3},{"damage":10,"enemies":"Hexaghost","floor":16,"turns":8},{"damage":0,"enemies":"3 Byrds","floor":18,"turns":5},{"damage":8,"enemies":"2 Thieves","floor":19,"turns":4},{"damage":8,"enemies":"Centurion and Healer","floor":20,"turns":7},{"damage":15,"enemies":"Shelled Parasite and Fungi","floor":22,"turns":5},{"damage":13,"enemies":"Gremlin Leader","floor":24,"turns":4},{"damage":0,"enemies":"Cultist and Chosen","floor":28,"turns":3},{"damage":30,"enemies":"Slavers","floor":29,"turns":2}],"seed_played":"-8551847611533442509","potions_obtained":[{"floor":7,"key":"Fire Potion"},{"floor":14,"key":"Block Potion"},{"floor":16,"key":"Energy Potion"},{"floor":18,"key":"Ancient Potion"},{"floor":22,"key":"PowerPotion"},{"floor":24,"key":"Fire Potion"}],"is_trial":false,"path_per_floor":["M","?","M","?","?","R","M","R","T","E","$","M","?","M","R","B",null,"M","M","M","?","M","R","E","?","T","$","M","E"],"character_chosen":"THE_SILENT","items_purchased":["Lantern","Deadly Poison","Explosive Potion","Toy Ornithopter","Poison Potion"],"campfire_rested":1,"item_purchase_floors":[11,11,11,27,27],"current_hp_per_floor":[67,65,57,44,37,37,37,37,37,13,13,13,13,10,29,19,65,65,57,49,49,34,34,21,5,5,5,27,0],"gold":25,"neow_bonus":"RANDOM_COMMON_RELIC","is_prod":false,"is_daily":false,"chose_seed":false,"campfire_upgraded":3,"win_rate":0,"timestamp":1544317760,"path_taken":["M","?","M","?","?","R","M","R","T","E","$","M","?","M","R","BOSS","M","M","?","?","M","R","E","?","T","?","M","E"],"build_version":"2018-12-06","purchased_purges":1,"victory":false,"max_hp_per_floor":[70,65,65,65,65,65,65,65,65,65,65,65,65,65,65,65,65,65,65,65,65,65,65,65,65,65,65,65,65],"card_choices":[{"not_picked":["Bane","Deadly Poison"],"picked":"Well Laid Plans","floor":1},{"not_picked":["Heel Hook","Quick Slash"],"picked":"Infinite Blades","floor":3},{"not_picked":["Dagger Throw","Predator"],"picked":"Catalyst","floor":7},{"not_picked":["Acrobatics","Sucker Punch"],"picked":"Footwork","floor":10},{"not_picked":["Backflip","All Out Attack"],"picked":"Dagger Spray","floor":12},{"not_picked":["Cloak And Dagger","Underhanded Strike"],"picked":"Sucker Punch","floor":14},{"not_picked":["Doppelganger","Backflip"],"picked":"Acrobatics","floor":15},{"not_picked":["A Thousand Cuts","Glass Knife"],"picked":"Bullet Time","floor":16},{"not_picked":["Dodge and Roll","Flying Knee+1"],"picked":"Poisoned Stab","floor":18},{"not_picked":["Underhanded Strike+1","Outmaneuver"],"picked":"Backflip","floor":19},{"not_picked":["Deadly Poison","Backflip"],"picked":"Noxious Fumes","floor":20},{"not_picked":["Slice","Cloak And Dagger"],"picked":"Noxious Fumes","floor":22},{"not_picked":["Unload","Cloak And Dagger+1"],"picked":"Catalyst","floor":24},{"not_picked":["Dagger Throw","Well Laid Plans"],"picked":"Acrobatics","floor":28}],"player_experience":254294,"relics_obtained":[{"floor":9,"key":"Dream Catcher"},{"floor":10,"key":"Nunchaku"},{"floor":24,"key":"Meat on the Bone"},{"floor":25,"key":"Nilry\u0027s Codex"},{"floor":26,"key":"Bronze Scales"}],"event_choices":[{"damage_healed":0,"gold_gain":0,"player_choice":"Lose Max HP","damage_taken":0,"relics_obtained":["Golden Idol"],"max_hp_gain":0,"max_hp_loss":5,"event_name":"Golden Idol","floor":2,"gold_loss":0},{"damage_healed":0,"gold_gain":0,"player_choice":"Entered Light","damage_taken":13,"max_hp_gain":0,"max_hp_loss":0,"event_name":"Shining Light","floor":4,"gold_loss":0,"cards_upgraded":["Defend_G","Defend_G"]},{"cards_removed":["Strike_G"],"damage_healed":0,"gold_gain":0,"player_choice":"Card Removal","damage_taken":7,"max_hp_gain":0,"max_hp_loss":0,"event_name":"Golden Wing","floor":5,"gold_loss":0},{"damage_healed":0,"gold_gain":0,"player_choice":"Upgraded","damage_taken":0,"max_hp_gain":0,"max_hp_loss":0,"event_name":"Upgrade Shrine","floor":13,"gold_loss":0,"cards_upgraded":["Infinite Blades"]},{"damage_healed":0,"gold_gain":0,"cards_transformed":["Strike_G","Strike_G"],"player_choice":"Became Test Subject","damage_taken":0,"max_hp_gain":0,"max_hp_loss":0,"event_name":"Drug Dealer","floor":21,"gold_loss":0,"cards_obtained":["Flying Knee","Well Laid Plans"]},{"damage_healed":0,"gold_gain":0,"player_choice":"Obtained Book","damage_taken":16,"max_hp_gain":0,"max_hp_loss":0,"event_name":"Cursed Tome","floor":25,"gold_loss":0}],"is_beta":false,"boss_relics":[{"not_picked":["Snecko Eye","White Beast Statue"],"picked":"Cursed Key"}],"items_purged_floors":[27],"is_endless":false,"potions_floor_spawned":[7,14,16,18,22,24],"killed_by":"Slavers","ascension_level":4}