{"gold_per_floor":[118,45,45,58,34,60,160,177,204,224,236,236,411,425,425,530,530,549,549,532,447,447,447,229,271,283,295,320,48,48,64,64,64],"floor_reached":33,"playtime":1636,"items_purged":["Strike_G"],"score":425,"play_id":"1c3f07b1-a197-47e3-a76e-7b6bb6aecf62","local_time":"20181024211343","is_ascension_mode":true,"campfire_choices":[{"data":"Accuracy","floor":12,"key":"SMITH"},{"floor":15,"key":"REST"},{"floor":23,"key":"REST"},{"data":"Blade Dance","floor":27,"key":"SMITH"},{"floor":30,"key":"REST"},{"floor":32,"key":"REST"}],"neow_cost":"NONE","seed_source_timestamp":1273008428181467,"circlet_count":0,"master_deck":["Defend_G+1","Defend_G","Defend_G","Defend_G+1","Defend_G","Strike_G","Survivor","Neutralize+1","Blade Dance","Accuracy+1","Blade Dance+1","Blade Dance+1","A Thousand Cuts","After Image+1","Choke+1","Bouncing Flask+1","Backflip+1","Terror","Escape Plan+1","Accuracy","Backflip"],"relics":["Ring of the Snake","NeowsBlessing","Bag of Marbles","Boot","Astrolabe","Prayer Wheel","MawBank","War Paint","Dodecahedron","Ninja Scroll"],"potions_floor_usage":[16,16,25,25,25,25,33,33],"damage_taken":[{"damage":0,"enemies":"Small Slimes","floor":1,"turns":1},{"damage":0,"enemies":"2 Louse","floor":4,"turns":1},{"damage":0,"enemies":"Lagavulin","floor":6,"turns":1},{"damage":0,"enemies":"Cultist","floor":8,"turns":3},{"damage":3,"enemies":"Blue Slaver","floor":10,"turns":4},{"damage":6,"enemies":"Exordium Thugs","floor":11,"turns":5},{"damage":8,"enemies":"3 Louse","floor":14,"turns":5},{"damage":0,"enemies":"Slime Boss","floor":16,"turns":7},{"damage":12,"enemies":"Shell Parasite","floor":18,"turns":6},{"damage":26,"enemies":"2 Thieves","floor":20,"turns":4},{"damage":22,"enemies":"Slavers","floor":25,"turns":4},{"damage":10,"enemies":"Shelled Parasite and Fungi","floor":28,"turns":6},{"damage":19,"enemies":"Snake Plant","floor":31,"turns":2},{"damage":46,"enemies":"Automaton","floor":33,"turns":6}],"seed_played":"-577982221725690577","potions_obtained":[{"floor":1,"key":"EntropicBrew"},{"floor":8,"key":"Fire Potion"},{"floor":10,"key":"AttackPotion"},{"floor":25,"key":"AttackPotion"},{"floor":28,"key":"Energy Potion"}],"is_trial":false,"path_per_floor":["M","$","?","M","$","E","?","M","T","M","M","R","?","M","R","B",null,"M","?","M","?","?","R","$","E","T","R","M","$","R","M","R"],"character_chosen":"THE_SILENT","items_purchased":["Accuracy","Blade Dance","MawBank","Ninja Scroll","Accuracy"],"campfire_rested":4,"item_purchase_floors":[2,5,24,29,29],"current_hp_per_floor":[70,70,56,56,56,56,56,56,56,53,47,47,47,39,60,60,68,56,56,30,30,30,51,51,29,29,29,19,19,40,21,42,0],"gold":64,"neow_bonus":"THREE_ENEMY_KILL","is_prod":false,"is_daily":false,"chose_seed":false,"campfire_upgraded":2,"win_rate":0,"timestamp":1540430023,"path_taken":["M","$","?","?","$","E","?","M","T","M","M","R","?","M","R","BOSS","M","?","M","?","?","R","$","E","T","R","M","?","R","?","R","BOSS"],"build_version":"2018-10-18","purchased_purges":1,"victory":false,"max_hp_per_floor":[70,70,70,70,70,70,70,70,70,70,70,70,70,70,70,70,70,70,70,70,70,70,70,70,70,70,70,70,70,70,70,70,70],"card_choices":[{"not_picked":["Concentrate","Leg Sweep"],"picked":"Blade Dance","floor":1},{"not_picked":["Sucker Punch","Dodge and Roll","Catalyst"],"picked":"SKIP","floor":4},{"not_picked":["Skewer","Acrobatics","Eviscerate"],"picked":"SKIP","floor":6},{"not_picked":["Quick Slash","Slice","Expertise"],"picked":"SKIP","floor":8},{"not_picked":["Night Terror","Dodge and Roll","Distraction"],"picked":"SKIP","floor":10},{"not_picked":["Bouncing Flask","Catalyst","Deflect"],"picked":"SKIP","floor":11},{"not_picked":["Prepared","Concentrate"],"picked":"Blade Dance","floor":14},{"not_picked":["Corpse Explosion","Venomology"],"picked":"A Thousand Cuts","floor":16},{"not_picked":["Slice","Choke"],"picked":"Backflip+1","floor":18},{"not_picked":["Flechettes","Setup","Calculated Gamble"],"picked":"SKIP","floor":20},{"not_picked":["Heel Hook","Bouncing Flask","Sucker Punch"],"picked":"SKIP","floor":25},{"not_picked":["Dodge and Roll","Finisher"],"picked":"Escape Plan+1","floor":28},{"not_picked":["Deflect","Setup","Dagger Throw+1"],"picked":"SKIP","floor":28},{"not_picked":["Slice","Bouncing Flask+1"],"picked":"Backflip","floor":31},{"not_picked":["Tactician","Dodge and Roll","Underhanded Strike+1"],"picked":"SKIP","floor":31}],"player_experience":678906,"relics_obtained":[{"floor":6,"key":"Bag of Marbles"},{"floor":9,"key":"Boot"},{"floor":25,"key":"War Paint"},{"floor":26,"key":"Dodecahedron"}],"event_choices":[{"damage_healed":0,"gold_gain":0,"player_choice":"Entered Light","damage_taken":14,"max_hp_gain":0,"max_hp_loss":0,"event_name":"Shining Light","floor":3,"gold_loss":0,"cards_upgraded":["Neutralize","Defend_G"]},{"damage_healed":0,"gold_gain":100,"player_choice":"Pray","damage_taken":0,"max_hp_gain":0,"max_hp_loss":0,"event_name":"Golden Shrine","floor":7,"gold_loss":0},{"damage_healed":0,"gold_gain":175,"player_choice":"AGREE","damage_taken":0,"max_hp_gain":0,"max_hp_loss":0,"event_name":"Liars Game","floor":13,"gold_loss":0,"cards_obtained":["Doubt"]},{"damage_healed":0,"gold_gain":0,"player_choice":"1 cards matched","damage_taken":0,"max_hp_gain":0,"max_hp_loss":0,"event_name":"Match and Keep!","floor":19,"gold_loss":0,"cards_obtained":["Terror"]},{"damage_healed":0,"gold_gain":0,"player_choice":"Obtained Relic","damage_taken":0,"relics_obtained":["Prayer Wheel"],"max_hp_gain":0,"max_hp_loss":0,"event_name":"Addict","floor":21,"gold_loss":85},{"cards_removed":["Doubt"],"damage_healed":0,"gold_gain":0,"player_choice":"Elegance","damage_taken":0,"max_hp_gain":0,"max_hp_loss":0,"event_name":"Back to Basics","floor":22,"gold_loss":0}],"is_beta":false,"boss_relics":[{"not_picked":["Ring of the Serpent","Orrery"],"picked":"Astrolabe"}],"items_purged_floors":[24],"is_endless":false,"potions_floor_spawned":[1,8,10,25,28],"killed_by":"Automaton","ascension_level":5}