{"path_per_floor":["M","?","$","?","M","R","?","M","T","T","M","M","$","M","R","B",null,"M","M"],"character_chosen":"IRONCLAD","items_purchased":["Metallicize","Happy Flower","True Grit"],"gold_per_floor":[112,112,36,211,229,229,229,248,248,331,343,353,88,103,103,205,205,221,239],"floor_reached":20,"campfire_rested":0,"playtime":1408,"current_hp_per_floor":[80,80,80,80,75,75,59,65,65,65,58,53,53,59,59,12,80,60,46],"items_purged":["Doubt"],"gold":239,"score":183,"play_id":"14d9b06e-94d6-49a4-bd8c-fbbfc1c38899","is_prod":false,"is_daily":false,"is_ascension_mode":true,"campfire_upgraded":2,"path_taken":["M","?","$","?","?","R","?","M","T","?","M","M","$","M","R","BOSS","M","M","?"],"build_version":"2018-02-15-PROD1","purchased_purges":1,"victory":false,"master_deck":["Strike_R","Strike_R","Strike_R","Strike_R+1","Strike_R","Defend_R","Defend_R","Defend_R+1","Defend_R","Bash","Flame Barrier","Metallicize+1","Dual Wield","Shrug It Off","Body Slam+1","True Grit"],"max_hp_per_floor":[80,80,80,80,80,80,80,80,80,80,80,80,80,80,80,80,80,80,80],"relics":["Burning Blood","Unceasing Top","Tiny Chest","Happy Flower","Mark of Pain"],"card_choices":[{"not_picked":["Heavy Blade","Sword Boomerang"],"picked":"Flame Barrier"},{"not_picked":["Heavy Blade","Thunderclap"],"picked":"Dual Wield"},{"not_picked":["Iron Wave","Warcry"],"picked":"Shrug It Off"},{"not_picked":["Clash","Feel No Pain"],"picked":"Body Slam"}],"player_experience":191743,"potions_floor_usage":[16,16],"damage_taken":[{"damage":4,"enemies":"2 Louse","floor":1,"turns":4},{"damage":11,"enemies":"Cultist","floor":5,"turns":5},{"damage":0,"enemies":"Jaw Worm","floor":8,"turns":7},{"damage":13,"enemies":"Exordium Wildlife","floor":11,"turns":6},{"damage":11,"enemies":"Looter","floor":12,"turns":4},{"damage":0,"enemies":"Red Slaver","floor":14,"turns":6},{"damage":53,"enemies":"Slime Boss","floor":16,"turns":15},{"damage":26,"enemies":"Shell Parasite","floor":18,"turns":7},{"damage":20,"enemies":"2 Thieves","floor":19,"turns":5},{"damage":54,"enemies":"Sentry and Sphere","floor":20,"turns":11}],"event_choices":[{"event_name":"The Woman in Blue","player_choice":"Bought 0 Potions","floor":2,"damage_taken":0},{"event_name":"Liars Game","player_choice":"agreed","floor":4,"damage_taken":0},{"event_name":"Shining Light","player_choice":"Entered Light","floor":7,"damage_taken":0}],"boss_relics":[{"not_picked":["Question Card","Runic Dome"],"picked":"Mark of Pain"}],"potions_floor_spawned":[1,5,16],"seed_played":"-4379028011048695960","killed_by":"Sentry and Sphere","ascension_level":2,"is_trial":false}