{"path_per_floor":["M","?","?","?","M","M","R","M","T","R","M","R","E","M","R","B",null,"M","?","$","?","?","E","R","E","T","R","$","R","?","M","R","B",null,"M","?","?","M","T","E","R","?","T","R","$","?","E","M","R"],"character_chosen":"THE_SILENT","items_purchased":["Blood Vial","Snake Skull"],"gold_per_floor":[115,65,140,140,158,168,168,185,211,211,225,225,256,266,266,341,341,356,356,126,41,41,73,73,107,175,175,75,75,75,87,87,161,161,171,171,0,20,20,48,48,103,158,158,15,15,42,57,57,57],"floor_reached":50,"campfire_rested":2,"playtime":2291,"item_purchase_floors":[],"current_hp_per_floor":[59,59,48,34,34,34,34,34,34,34,34,34,6,6,6,2,53,51,51,51,51,51,12,12,8,8,8,8,8,8,24,46,20,61,63,63,63,52,52,44,44,44,44,44,44,34,35,39,63,0],"items_purged":["Strike_G","Doubt"],"gold":57,"score":903,"play_id":"7f180ea4-de3c-4a1d-b239-21f08d4f657b","local_time":"20180607011438","is_prod":false,"is_daily":false,"chose_seed":false,"is_ascension_mode":true,"campfire_upgraded":8,"win_rate":0,"timestamp":1528301678,"campfire_choices":[{"data":"Deadly Poison","floor":7.0,"key":"SMITH"},{"data":"Deadly Poison","floor":10.0,"key":"SMITH"},{"data":"Deadly Poison","floor":12.0,"key":"SMITH"},{"data":"Survivor","floor":15.0,"key":"SMITH"},{"data":"Noxious Fumes","floor":24.0,"key":"SMITH"},{"data":"Doppelganger","floor":27.0,"key":"SMITH"},{"data":"Defend_G","floor":29.0,"key":"SMITH"},{"floor":32.0,"key":"REST"},{"data":"Burst","floor":41.0,"key":"SMITH"},{"floor":44.0,"key":"DIG"},{"floor":49.0,"key":"REST"}],"path_taken":["M","?","?","?","M","?","R","M","T","R","M","R","E","M","R","BOSS","M","?","$","?","?","E","R","E","T","R","$","R","?","M","R","BOSS","M","?","?","M","?","E","R","?","T","R","$","?","E","?","R","BOSS"],"build_version":"2018-05-31","seed_source_timestamp":0,"purchased_purges":2,"victory":false,"master_deck":["Defend_G+1","Defend_G+1","Defend_G+1","Defend_G+1","Strike_G","Strike_G","Strike_G","Survivor+1","Neutralize+1","AscendersBane","Deadly Poison+1","Deadly Poison+1","Doppelganger+1","Deadly Poison+1","Crippling Poison+1","Noxious Fumes+1","Prepared+1","Burst+1","Bane+1","Deadly Poison+1","Regret","Parasite","Madness","Madness","Bouncing Flask+1"],"max_hp_per_floor":[70,70,70,70,70,70,70,70,70,70,70,70,70,70,70,70,70,70,70,70,70,70,72,72,72,72,72,72,72,72,74,74,74,74,74,74,74,74,74,76,76,78,78,78,78,78,80,80,80,80],"relics":["Ring of the Snake","Vajra","Anchor","Cursed Key","Blood Vial","War Paint","Singing Bowl","Centennial Puzzle","Meat on the Bone","Lizard Tail","Red Mask","Tough Bandages","Ancient Tea Set","Shovel","Omamori","Oddly Smooth Stone","Snake Skull","Gremlin Horn"],"card_choices":[{"not_picked":["Underhanded Strike","Skewer"],"picked":"Deadly Poison","floor":1.0},{"not_picked":["Skewer","Dodge and Roll"],"picked":"Deadly Poison","floor":5.0},{"not_picked":["Cloak And Dagger","Sucker Punch"],"picked":"Doppelganger","floor":6.0},{"not_picked":["Concentrate","Choke","Backflip"],"picked":"SKIP","floor":8.0},{"not_picked":["Finisher","Acrobatics"],"picked":"Deadly Poison","floor":11.0},{"not_picked":["Poisoned Stab","Slice","Wraith Form v2"],"picked":"SKIP","floor":13.0},{"not_picked":["Deflect","Dagger Throw","Backflip"],"picked":"SKIP","floor":14.0},{"not_picked":["Sucker Punch","Reflex"],"picked":"Crippling Poison+1","floor":18.0},{"not_picked":["Footwork","Poisoned Stab","Terror"],"picked":"Singing Bowl","floor":23.0},{"not_picked":["Riddle With Holes","Underhanded Strike"],"picked":"Prepared+1","floor":25.0},{"not_picked":["All Out Attack","Skewer","Cloak And Dagger"],"picked":"Singing Bowl","floor":31.0},{"not_picked":["Adrenaline","Grand Finale"],"picked":"Burst","floor":33.0},{"not_picked":["Dagger Spray","Prepared"],"picked":"Bane+1","floor":35.0},{"not_picked":["Poisoned Stab","Backstab"],"picked":"Deadly Poison+1","floor":38.0},{"not_picked":["Storm of Steel","Slice+1","Calculated Gamble"],"picked":"Singing Bowl","floor":40.0},{"not_picked":["Caltrops","Outmaneuver","Slice+1"],"picked":"Singing Bowl","floor":42.0},{"not_picked":["Bouncing Flask","Leg Sweep","Dodge and Roll"],"picked":"Singing Bowl","floor":47.0},{"not_picked":["Sucker Punch","Concentrate"],"picked":"Bouncing Flask+1","floor":48.0}],"player_experience":789608,"potions_floor_usage":[50,50,50],"damage_taken":[{"damage":4.0,"enemies":"Small Slimes","floor":1.0,"turns":4.0},{"damage":0.0,"enemies":"Cultist","floor":5.0,"turns":4.0},{"damage":0.0,"enemies":"2 Louse","floor":6.0,"turns":2.0},{"damage":0.0,"enemies":"Exordium Wildlife","floor":8.0,"turns":2.0},{"damage":0.0,"enemies":"Large Slime","floor":11.0,"turns":5.0},{"damage":28.0,"enemies":"3 Sentries","floor":13.0,"turns":9.0},{"damage":0.0,"enemies":"3 Louse","floor":14.0,"turns":2.0},{"damage":4.0,"enemies":"The Guardian","floor":16.0,"turns":7.0},{"damage":2.0,"enemies":"3 Byrds","floor":18.0,"turns":4.0},{"damage":43.0,"enemies":"Gremlin Leader","floor":23.0,"turns":9.0},{"damage":6.0,"enemies":"Slavers","floor":25.0,"turns":5.0},{"damage":0.0,"enemies":"Spheric Guardian","floor":31.0,"turns":3.0},{"damage":40.0,"enemies":"Automaton","floor":33.0,"turns":11.0},{"damage":0.0,"enemies":"Orb Walker","floor":35.0,"turns":4.0},{"damage":13.0,"enemies":"3 Darklings","floor":38.0,"turns":4.0},{"damage":24.0,"enemies":"Giant Head","floor":40.0,"turns":8.0},{"damage":16.0,"enemies":"Mysterious Sphere","floor":42.0,"turns":5.0},{"damage":15.0,"enemies":"2 Orb Walkers","floor":47.0,"turns":4.0},{"damage":10.0,"enemies":"4 Shapes","floor":48.0,"turns":3.0},{"damage":119,"enemies":"Time Eater","floor":50,"turns":8}],"relics_obtained":[{"floor":9.0,"key":"Vajra"},{"floor":13.0,"key":"Anchor"},{"floor":23.0,"key":"Singing Bowl"},{"floor":25.0,"key":"Centennial Puzzle"},{"floor":26.0,"key":"Meat on the Bone"},{"floor":39.0,"key":"Tough Bandages"},{"floor":40.0,"key":"Ancient Tea Set"},{"floor":42.0,"key":"Shovel"},{"floor":43.0,"key":"Omamori"},{"floor":44.0,"key":"Oddly Smooth Stone"},{"floor":47.0,"key":"Gremlin Horn"}],"event_choices":[{"event_name":"The Cleric","player_choice":"Card Removal","floor":2.0,"damage_taken":0.0},{"event_name":"World of Goop","player_choice":"Gather Gold","floor":3.0,"damage_taken":0.0},{"event_name":"Shining Light","player_choice":"Entered Light","floor":4.0,"damage_taken":0.0},{"event_name":"The Library","player_choice":"Read","floor":19.0,"damage_taken":0.0},{"event_name":"Addict","player_choice":"Obtained Relic","floor":21.0,"damage_taken":0.0},{"event_name":"Beggar","player_choice":"Ignored","floor":22.0,"damage_taken":0.0},{"event_name":"Cursed Tome","player_choice":"Ignored","floor":30.0,"damage_taken":0.0},{"event_name":"Tomb of Lord Red Mask","player_choice":"Paid","floor":37.0,"damage_taken":0.0},{"event_name":"Mysterious Sphere","player_choice":"Fight","floor":42.0,"damage_taken":0.0},{"event_name":"Winding Halls","player_choice":"Embrace Madness","floor":46.0,"damage_taken":0.0}],"boss_relics":[],"items_purged_floors":[],"potions_floor_spawned":[6,8,11,16,18,33,35,38,48],"seed_played":"1110619493868168761","killed_by":"Time Eater","ascension_level":13,"potions_obtained":[{"floor":6.0,"key":"Block Potion"},{"floor":8.0,"key":"Energy Potion"},{"floor":11.0,"key":"FearPotion"},{"floor":16.0,"key":"SteroidPotion"},{"floor":33.0,"key":"Dexterity Potion"},{"floor":35.0,"key":"GhostInAJar"},{"floor":48.0,"key":"AttackPotion"}],"is_trial":false}