{"path_per_floor":["M","?","$","?","M","R","M","E","T","M","R","M","R","$","R","B",null,"M","?","M","M","?","R","E","R","T","?","M","?","M","M","R"],"character_chosen":"IRONCLAD","items_purchased":["Shrug It Off","Uppercut","Battle Trance"],"gold_per_floor":[117,117,42,42,61,61,85,129,152,168,168,189,189,23,23,152,152,167,167,180,193,108,108,151,151,151,151,170,170,191,209,209],"floor_reached":33,"campfire_rested":1,"playtime":1099,"current_hp_per_floor":[72,72,69,64,61,61,64,50,50,34,34,40,40,40,40,33,56,62,62,44,26,26,26,21,21,21,21,27,48,39,38,57],"items_purged":["Parasite"],"gold":209,"score":414,"play_id":"f4e9bbe8-7d44-427a-90c7-372dd164e91e","local_time":"20180321063415","is_prod":false,"is_daily":false,"is_ascension_mode":true,"campfire_upgraded":6,"timestamp":1521632055,"path_taken":["M","?","$","?","M","R","M","E","T","M","R","M","R","$","R","BOSS","M","?","?","?","?","R","E","R","T","?","M","?","M","M","R","BOSS"],"build_version":"2018-03-15v3","purchased_purges":1,"victory":false,"master_deck":["Strike_R+1","Strike_R+1","Strike_R+1","Defend_R+1","Defend_R+1","Defend_R+1","Defend_R+1","Bash","Anger","Shockwave","Shrug It Off","Searing Blow+6","Ghostly Armor","Iron Wave","Shrug It Off","Uppercut","Battle Trance","Writhe","Shrug It Off+1","Ghostly Armor+1","Flame Barrier","Flame Barrier+1"],"max_hp_per_floor":[72,72,69,64,64,64,64,64,64,64,64,64,64,64,64,64,64,64,64,64,64,64,64,64,64,64,64,64,64,64,64,64],"relics":["Burning Blood","Golden Idol","Bottled Flame","Ancient Tea Set","Lizard Tail","Paper Frog","Juzu Bracelet","Prayer Wheel","Peace Pipe"],"card_choices":[{"not_picked":["Shockwave","Thunderclap"],"picked":"Shrug It Off"},{"not_picked":["Dual Wield","Armaments"],"picked":"Searing Blow"},{"not_picked":["Warcry","Dropkick"],"picked":"Ghostly Armor"},{"not_picked":["Clash","Intimidate"],"picked":"Iron Wave"},{"not_picked":["Pommel Strike","Havoc"],"picked":"Shrug It Off"},{"not_picked":["Dual Wield","Anger"],"picked":"Ghostly Armor"},{"not_picked":["True Grit","Reckless Charge"],"picked":"Flame Barrier"},{"not_picked":["Iron Wave","Havoc"],"picked":"Flame Barrier"}],"player_experience":335053,"potions_floor_usage":[16,18,21,30,30,33],"damage_taken":[{"damage":4,"enemies":"Jaw Worm","floor":1,"turns":4},{"damage":9,"enemies":"Small Slimes","floor":5,"turns":4},{"damage":0,"enemies":"Cultist","floor":7,"turns":3},{"damage":20,"enemies":"Gremlin Nob","floor":8,"turns":4},{"damage":22,"enemies":"Exordium Wildlife","floor":10,"turns":4},{"damage":0,"enemies":"Blue Slaver","floor":12,"turns":3},{"damage":25,"enemies":"The Guardian","floor":16,"turns":10},{"damage":0,"enemies":"Spheric Guardian","floor":18,"turns":3},{"damage":24,"enemies":"3 Byrds","floor":20,"turns":7},{"damage":24,"enemies":"Snake Plant","floor":21,"turns":4},{"damage":11,"enemies":"Slavers","floor":24,"turns":9},{"damage":0,"enemies":"Snecko","floor":28,"turns":2},{"damage":15,"enemies":"3 Cultists","floor":30,"turns":8},{"damage":7,"enemies":"Slaver and Parasite","floor":31,"turns":9},{"damage":102,"enemies":"Collector","floor":33,"turns":6}],"event_choices":[{"event_name":"Liars Game","player_choice":"disagreed","floor":2,"damage_taken":0},{"event_name":"Golden Idol","player_choice":"Lose Max HP","floor":4,"damage_taken":0},{"event_name":"The Mausoleum","player_choice":"Yes","floor":19,"damage_taken":0},{"event_name":"Addict","player_choice":"Obtained Relic","floor":22,"damage_taken":0},{"event_name":"Back to Basics","player_choice":"Simplicity","floor":27,"damage_taken":0},{"event_name":"The Library","player_choice":"Heal","floor":29,"damage_taken":0}],"boss_relics":[{"not_picked":["Snecko Eye","Tiny House"],"picked":"Lizard Tail"}],"potions_floor_spawned":[10,16,20,24,28,31],"seed_played":"2061881763390404039","killed_by":"Collector","ascension_level":11,"is_trial":false}