{"path_per_floor":["M","?","?","M","$","R","E","R","T","M","M","M","R","T","R","B",null,"M","M","$","?","$","R","M","M","T","M"],"character_chosen":"IRONCLAD","items_purchased":["Armaments"],"gold_per_floor":[118,193,193,212,87,87,115,115,115,129,149,166,166,217,217,317,317,331,343,243,243,118,118,128,146,146,164],"floor_reached":28,"campfire_rested":0,"playtime":1211,"current_hp_per_floor":[80,69,62,68,68,68,74,74,74,80,80,80,80,80,80,56,80,80,74,74,74,74,74,73,30,40,33],"items_purged":["Strike_R","Strike_R","Strike_R"],"gold":164,"score":270,"play_id":"87b4d51b-e3a0-4f4f-acb9-b4394f007fc7","is_prod":false,"is_daily":false,"is_ascension_mode":true,"campfire_upgraded":5,"path_taken":["M","?","?","M","?","R","E","R","T","M","M","M","R","?","R","BOSS","M","M","$","?","$","R","M","M","T","M","M"],"build_version":"2018-02-22-PROD2","purchased_purges":3,"victory":false,"master_deck":["Strike_R","Strike_R","Defend_R","Defend_R","Defend_R","Bash","Iron Wave","Body Slam+1","Armaments+1","Dual Wield+1","Shrug It Off","Battle Trance+1","Armaments+1","True Grit+1","Battle Trance","Barricade"],"max_hp_per_floor":[80,80,80,80,80,80,80,80,80,80,80,80,80,80,80,80,80,80,80,80,80,80,80,80,80,90,90],"relics":["Burning Blood","NeowsBlessing","Anchor","Unceasing Top","Pen Nib","Question Card","Pear"],"card_choices":[{"not_picked":["Thunderclap","Clothesline"],"picked":"Iron Wave"},{"not_picked":["Clothesline","Dropkick"],"picked":"Body Slam"},{"not_picked":["Heavy Blade","Burning Pact"],"picked":"Dual Wield"},{"not_picked":["Second Wind","Evolve"],"picked":"Shrug It Off"},{"not_picked":["Rupture","Clothesline"],"picked":"Battle Trance"},{"not_picked":["Dropkick","Fire Breathing"],"picked":"Armaments"},{"not_picked":["Iron Wave","Intimidate","Sword Boomerang"],"picked":"True Grit"},{"not_picked":["Sever Soul","True Grit","Clash"],"picked":"Battle Trance"},{"not_picked":["True Grit","Sentinel","Ghostly Armor"],"picked":"Barricade"}],"player_experience":205423,"potions_floor_usage":[16,28,28],"damage_taken":[{"damage":0,"enemies":"Small Slimes","floor":1,"turns":1},{"damage":0,"enemies":"2 Louse","floor":4,"turns":1},{"damage":0,"enemies":"3 Sentries","floor":7,"turns":2},{"damage":0,"enemies":"Jaw Worm","floor":10,"turns":3},{"damage":0,"enemies":"Looter","floor":11,"turns":2},{"damage":6,"enemies":"2 Fungi Beasts","floor":12,"turns":4},{"damage":30,"enemies":"Hexaghost","floor":16,"turns":8},{"damage":0,"enemies":"Spheric Guardian","floor":18,"turns":1},{"damage":12,"enemies":"2 Thieves","floor":19,"turns":5},{"damage":7,"enemies":"Centurion and Healer","floor":24,"turns":5},{"damage":49,"enemies":"Snake Plant","floor":25,"turns":6},{"damage":13,"enemies":"Snecko","floor":27,"turns":4},{"damage":37,"enemies":"Cultist and Chosen","floor":28,"turns":8}],"event_choices":[{"event_name":"World of Goop","player_choice":"Gather Gold","floor":2,"damage_taken":0},{"event_name":"Golden Wing","player_choice":"Card Removal","floor":3,"damage_taken":0},{"event_name":"Drug Dealer","player_choice":"Ignored","floor":21,"damage_taken":0}],"boss_relics":[{"not_picked":["Black Star","Tiny House"],"picked":"Question Card"}],"potions_floor_spawned":[7,11,19,27],"seed_played":"-4652661948324936128","killed_by":"Cultist and Chosen","ascension_level":2,"is_trial":false}