{"gold_per_floor":[116,116,41,54,67,67,80,96,120,120,120,182,202,202,202,297,297,283,114,131,131],"floor_reached":21,"playtime":1057,"items_purged":["Pain","Strike_R"],"score":171,"play_id":"b22b67ae-c2a8-4ce0-99ac-abb46e55e419","local_time":"20190211002557","is_ascension_mode":false,"campfire_choices":[{"data":"Flex","floor":6,"key":"SMITH"},{"data":"Rampage","floor":10,"key":"SMITH"},{"floor":15,"key":"REST"}],"neow_cost":"NONE","seed_source_timestamp":38661989137644,"circlet_count":0,"master_deck":["Strike_R","Strike_R","Strike_R","Defend_R","Defend_R","Defend_R","Defend_R","Bash","Cleave","Flex+1","Pommel Strike","Rampage+1","Rampage","Shrug It Off","Bludgeon","True Grit","Inflame","Rampage+1"],"relics":["Burning Blood","Boot","WarpedTongs","Potion Belt","Dream Catcher","White Beast Statue"],"potions_floor_usage":[16,21,21],"damage_taken":[{"damage":6,"enemies":"Cultist","floor":1,"turns":3},{"damage":5,"enemies":"Small Slimes","floor":4,"turns":3},{"damage":5,"enemies":"2 Louse","floor":5,"turns":3},{"damage":21,"enemies":"Gremlin Gang","floor":7,"turns":4},{"damage":17,"enemies":"Large Slime","floor":8,"turns":3},{"damage":17,"enemies":"3 Sentries","floor":12,"turns":5},{"damage":6,"enemies":"Exordium Wildlife","floor":13,"turns":3},{"damage":24,"enemies":"Slime Boss","floor":16,"turns":10},{"damage":30,"enemies":"2 Thieves","floor":18,"turns":4},{"damage":21,"enemies":"Shell Parasite","floor":20,"turns":8},{"damage":58,"enemies":"Centurion and Healer","floor":21,"turns":8}],"seed_played":"1441245020449559545","potions_obtained":[{"floor":4,"key":"SteroidPotion"},{"floor":7,"key":"BloodPotion"},{"floor":8,"key":"LiquidBronze"},{"floor":16,"key":"Strength Potion"},{"floor":18,"key":"Energy Potion"},{"floor":20,"key":"FearPotion"}],"is_trial":false,"path_per_floor":["M","?","$","M","M","R","M","M","T","R","?","?","M","?","R","B",null,"M","$","M","M"],"character_chosen":"IRONCLAD","items_purchased":["Inflame"],"campfire_rested":1,"item_purchase_floors":[19],"current_hp_per_floor":[80,80,80,80,80,80,65,54,54,54,54,43,43,43,67,49,80,56,56,41,0],"gold":131,"neow_bonus":"RANDOM_COMMON_RELIC","is_prod":false,"is_daily":false,"chose_seed":false,"campfire_upgraded":2,"win_rate":0,"timestamp":1549862757,"path_taken":["M","?","$","M","?","R","M","M","T","R","?","?","M","?","R","BOSS","M","$","M","M"],"build_version":"2019-01-23","purchased_purges":2,"victory":false,"max_hp_per_floor":[80,80,80,80,80,80,80,80,80,80,80,80,80,80,80,80,80,80,80,80,80],"card_choices":[{"not_picked":["Rage","Clothesline"],"picked":"Cleave","floor":1},{"not_picked":["Anger","Rupture"],"picked":"Flex","floor":4},{"not_picked":["Clothesline","Uppercut"],"picked":"Pommel Strike","floor":5},{"not_picked":["Corruption","Clash","Sentinel"],"picked":"SKIP","floor":7},{"not_picked":["Wild Strike","Anger"],"picked":"Rampage","floor":8},{"not_picked":["Havoc","True Grit"],"picked":"Rampage","floor":12},{"not_picked":["Sentinel","Warcry","Shockwave"],"picked":"SKIP","floor":13},{"not_picked":["Hemokinesis","Seeing Red"],"picked":"Shrug It Off","floor":15},{"not_picked":["Impervious","Exhume"],"picked":"Bludgeon","floor":16},{"not_picked":["Headbutt","Warcry"],"picked":"True Grit","floor":18},{"not_picked":["Entrench","Cleave+1"],"picked":"Rampage+1","floor":20}],"player_experience":1030964,"relics_obtained":[{"floor":9,"key":"Potion Belt"},{"floor":12,"key":"Dream Catcher"}],"event_choices":[{"damage_healed":0,"gold_gain":0,"player_choice":"Rummage","damage_taken":0,"relics_obtained":["WarpedTongs"],"max_hp_gain":0,"max_hp_loss":0,"event_name":"Accursed Blacksmith","floor":2,"gold_loss":0,"cards_obtained":["Pain"]},{"damage_healed":0,"gold_gain":0,"player_choice":"Ignored","damage_taken":0,"max_hp_gain":0,"max_hp_loss":0,"event_name":"Liars Game","floor":11,"gold_loss":0},{"damage_healed":0,"gold_gain":0,"player_choice":"Searched \u00272\u0027 times","damage_taken":0,"max_hp_gain":0,"max_hp_loss":0,"event_name":"Dead Adventurer","floor":12,"gold_loss":0},{"cards_removed":["Strike_R"],"damage_healed":0,"gold_gain":0,"player_choice":"Card Removal","damage_taken":0,"max_hp_gain":0,"max_hp_loss":0,"event_name":"Wheel of Change","floor":14,"gold_loss":0}],"is_beta":false,"boss_relics":[{"not_picked":["Calling Bell","Runic Dome"],"picked":"White Beast Statue"}],"items_purged_floors":[3,19],"is_endless":false,"potions_floor_spawned":[4,7,8,16,18,20],"killed_by":"Centurion and Healer","ascension_level":0}