{"gold_per_floor":[148,148,166,241,241,51,80,92,115,125,156,156,172,207,207,312,312,324,324,343,356,455,455],"floor_reached":23,"playtime":1463,"items_purged":[],"score":299,"play_id":"7818d596-e399-4cb2-aec5-d2b4393982fb","local_time":"20181224225153","is_ascension_mode":true,"campfire_choices":[{"floor":12.0,"key":"REST"},{"floor":15.0,"key":"REST"}],"neow_cost":"NONE","seed_source_timestamp":1704537107358,"circlet_count":0,"master_deck":["Defend_G","Defend_G","Defend_G","Defend_G","Defend_G","Strike_G","Strike_G","Strike_G","Strike_G","Strike_G","Survivor","Neutralize","Distraction","All Out Attack","Caltrops","Bouncing Flask","Blade Dance","Crippling Poison","Flying Knee","Phantasmal Killer","Poisoned Stab+1","Deflect"],"special_seed":0,"relics":["Ring of the Snake","Tiny Chest","Snake Skull","Toy Ornithopter","Pear","Potion Belt","Mercury Hourglass","Incense Burner","Busted Crown"],"potions_floor_usage":[20,20,20,23],"damage_taken":[{"damage":0.0,"enemies":"Small Slimes","floor":1.0,"turns":5.0},{"damage":2.0,"enemies":"2 Louse","floor":3.0,"turns":4.0},{"damage":37.0,"enemies":"Lagavulin","floor":7.0,"turns":7.0},{"damage":9.0,"enemies":"Jaw Worm","floor":8.0,"turns":6.0},{"damage":14.0,"enemies":"Lots of Slimes","floor":10.0,"turns":3.0},{"damage":26.0,"enemies":"3 Sentries","floor":11.0,"turns":8.0},{"damage":1.0,"enemies":"2 Fungi Beasts","floor":13.0,"turns":3.0},{"damage":18.0,"enemies":"Lagavulin","floor":14.0,"turns":6.0},{"damage":33,"enemies":"Slime Boss","floor":16,"turns":10},{"damage":13,"enemies":"Chosen","floor":18,"turns":5},{"damage":0,"enemies":"Shell Parasite","floor":20,"turns":2},{"damage":21,"enemies":"Shelled Parasite and Fungi","floor":21,"turns":5},{"damage":25,"enemies":"Slavers","floor":23,"turns":1}],"seed_played":"-4620846800415056438","potions_obtained":[{"floor":1.0,"key":"PowerPotion"},{"floor":8.0,"key":"Strength Potion"},{"floor":10.0,"key":"SkillPotion"},{"floor":13.0,"key":"PowerPotion"},{"floor":21,"key":"PowerPotion"}],"is_trial":false,"path_per_floor":["M","?","M","?","?","$","E","M","T","M","E","R","M","E","R","B",null,"M","?","M","M","?","E"],"character_chosen":"THE_SILENT","items_purchased":["Toy Ornithopter"],"campfire_rested":2,"item_purchase_floors":[6],"current_hp_per_floor":[63,60,58,58,63,63,41,32,32,18,2,27,26,13,38,5,65,52,12,27,6,6,0],"gold":455,"neow_bonus":"RANDOM_COMMON_RELIC","is_prod":false,"is_daily":false,"chose_seed":false,"campfire_upgraded":0,"win_rate":0,"timestamp":1545684713,"path_taken":["M","?","M","?","?","$","E","?","T","?","E","R","M","E","R","BOSS","M","?","M","?","?","E"],"build_version":"2018-12-20","purchased_purges":0,"victory":false,"max_hp_per_floor":[70,70,70,70,75,75,85,85,85,85,85,85,85,85,85,85,85,85,85,85,85,85,85],"card_choices":[{"not_picked":["PiercingWail","Bane"],"picked":"Distraction","floor":1.0},{"not_picked":["Dodge and Roll","Skewer"],"picked":"All Out Attack","floor":3.0},{"not_picked":["Eviscerate","Blur"],"picked":"Caltrops","floor":7.0},{"not_picked":["Quick Slash","Masterful Stab"],"picked":"Bouncing Flask","floor":8.0},{"not_picked":["PiercingWail","Outmaneuver"],"picked":"Blade Dance","floor":10.0},{"not_picked":["Underhanded Strike","Acrobatics"],"picked":"Crippling Poison","floor":11.0},{"not_picked":["Bane","Caltrops"],"picked":"Flying Knee","floor":13.0},{"not_picked":["Expertise","Dodge and Roll","Dagger Spray"],"picked":"SKIP","floor":14.0},{"not_picked":["Wraith Form v2","Night Terror"],"picked":"Phantasmal Killer","floor":16},{"not_picked":[],"picked":"Poisoned Stab+1","floor":18},{"not_picked":["Bane"],"picked":"SKIP","floor":20},{"not_picked":[],"picked":"Deflect","floor":21}],"player_experience":150520,"relics_obtained":[{"floor":7.0,"key":"Pear"},{"floor":9.0,"key":"Potion Belt"},{"floor":11.0,"key":"Mercury Hourglass"},{"floor":14.0,"key":"Incense Burner"}],"event_choices":[{"damage_healed":0.0,"max_hp_gain":0.0,"max_hp_loss":0.0,"gold_gain":0.0,"event_name":"Scrap Ooze","player_choice":"Success","floor":2.0,"gold_loss":0.0,"damage_taken":3.0,"relics_obtained":["Snake Skull"]},{"damage_healed":0.0,"max_hp_gain":0.0,"max_hp_loss":0.0,"gold_gain":75.0,"event_name":"Golden Wing","player_choice":"Gained Gold","floor":4.0,"gold_loss":0.0,"damage_taken":0.0},{"damage_healed":0.0,"max_hp_gain":5.0,"max_hp_loss":0.0,"gold_gain":0.0,"event_name":"Big Fish","player_choice":"Donut","floor":5.0,"gold_loss":0.0,"damage_taken":0.0},{"damage_healed":0,"gold_gain":0,"player_choice":"POTION POTION POTION POTION ","damage_taken":40,"max_hp_gain":0,"max_hp_loss":0,"event_name":"Knowing Skull","floor":19,"potions_obtained":["Strength Potion","FairyPotion","Energy Potion","SkillPotion"],"gold_loss":0,"cards_obtained":[]},{"damage_healed":0,"gold_gain":99,"player_choice":"Stole From Cult","damage_taken":0,"max_hp_gain":0,"max_hp_loss":0,"event_name":"Nest","floor":22,"gold_loss":0}],"is_beta":false,"boss_relics":[{"not_picked":["Lizard Tail","Astrolabe"],"picked":"Busted Crown"}],"items_purged_floors":[],"is_endless":false,"potions_floor_spawned":[1,8,10,13,21],"killed_by":"Slavers","ascension_level":6}