{"gold_per_floor":[118,118,118,118,43,43,78,78,78,110,125,125,145,162,162,260,260,278,218,133,133,148,148,148],"floor_reached":24,"playtime":2184,"items_purged":["Strike_G"],"score":313,"play_id":"74a86417-fee5-49f8-b848-193f473c8f7d","local_time":"20190205180436","is_ascension_mode":true,"campfire_choices":[{"data":"Slice","floor":6,"key":"SMITH"},{"floor":8,"key":"REST"},{"floor":12,"key":"REST"},{"floor":15,"key":"REST"},{"floor":23,"key":"REST"}],"neow_cost":"NONE","seed_source_timestamp":26222076435036,"circlet_count":0,"master_deck":["AscendersBane","Defend_G","Defend_G+1","Defend_G+1","Defend_G","Defend_G","Strike_G","Strike_G","Strike_G","Strike_G","Survivor","Neutralize+1","Slice+1","Leg Sweep","Deadly Poison","Slice","Noxious Fumes","Infinite Blades","Burst","Decay","Shame","Parasite","Sucker Punch+1","Caltrops","Acrobatics+1"],"relics":["White Beast Statue","War Paint","Blue Candle","Matryoshka","Lantern","Calling Bell","Centennial Puzzle","Paper Crane","FossilizedHelix","Potion Belt"],"potions_floor_usage":[7,10,16,16,19,22,22,24],"damage_taken":[{"damage":2,"enemies":"2 Louse","floor":1,"turns":4},{"damage":26,"enemies":"Lagavulin","floor":7,"turns":12},{"damage":34,"enemies":"Gremlin Nob","floor":10,"turns":7},{"damage":7,"enemies":"Jaw Worm","floor":11,"turns":4},{"damage":7,"enemies":"Small Slimes","floor":13,"turns":4},{"damage":0,"enemies":"3 Louse","floor":14,"turns":4},{"damage":17,"enemies":"The Guardian","floor":16,"turns":12},{"damage":6,"enemies":"3 Byrds","floor":18,"turns":7},{"damage":0,"enemies":"2 Thieves","floor":19,"turns":4},{"damage":27,"enemies":"Snake Plant","floor":22,"turns":6},{"damage":67,"enemies":"Gremlin Leader","floor":24,"turns":10}],"seed_played":"-7149639229263617562","potions_obtained":[{"floor":1,"key":"Weak Potion"},{"floor":7,"key":"Block Potion"},{"floor":10,"key":"Strength Potion"},{"floor":11,"key":"Swift Potion"},{"floor":13,"key":"Weak Potion"},{"floor":16,"key":"Block Potion"},{"floor":18,"key":"GamblersBrew"},{"floor":19,"key":"FearPotion"},{"floor":22,"key":"GhostInAJar"}],"is_trial":false,"path_per_floor":["M","?","?","T","$","R","E","R","T","E","M","R","M","M","R","B",null,"M","M","?","?","M","R","E"],"character_chosen":"THE_SILENT","items_purchased":[],"campfire_rested":4,"item_purchase_floors":[],"current_hp_per_floor":[61,66,66,66,66,66,40,62,62,28,21,43,36,36,58,41,67,61,61,61,61,34,56,0],"gold":148,"neow_bonus":"BOSS_RELIC","is_prod":false,"is_daily":false,"chose_seed":false,"campfire_upgraded":1,"win_rate":0,"timestamp":1549407876,"path_taken":["M","?","?","?","?","R","E","R","T","E","M","R","M","M","R","BOSS","M","M","?","?","M","R","E"],"build_version":"2019-01-23","purchased_purges":1,"victory":false,"max_hp_per_floor":[70,75,75,75,75,75,75,75,75,75,75,75,75,75,75,75,75,75,75,75,75,75,75,75],"card_choices":[{"not_picked":["Sucker Punch","Underhanded Strike"],"picked":"Slice","floor":1},{"not_picked":["Quick Slash","Dagger Spray"],"picked":"Leg Sweep","floor":7},{"not_picked":["Sucker Punch","Catalyst"],"picked":"Deadly Poison","floor":10},{"not_picked":["Quick Slash","Outmaneuver"],"picked":"Slice","floor":11},{"not_picked":["Poisoned Stab","Deadly Poison"],"picked":"Noxious Fumes","floor":13},{"not_picked":["Distraction","Expertise"],"picked":"Infinite Blades","floor":14},{"not_picked":["Venomology","Night Terror"],"picked":"Burst","floor":16},{"not_picked":["Expertise","Backflip"],"picked":"Sucker Punch+1","floor":18},{"not_picked":["Flying Knee","Dagger Spray"],"picked":"Caltrops","floor":19},{"not_picked":["Dagger Throw","Predator"],"picked":"Acrobatics+1","floor":22}],"player_experience":1120107,"relics_obtained":[{"floor":4,"key":"War Paint"},{"floor":7,"key":"Blue Candle"},{"floor":9,"key":"Matryoshka"},{"floor":10,"key":"Lantern"},{"floor":17,"key":"Centennial Puzzle"},{"floor":17,"key":"Paper Crane"},{"floor":17,"key":"FossilizedHelix"}],"event_choices":[{"damage_healed":0,"gold_gain":0,"player_choice":"Donut","damage_taken":0,"max_hp_gain":5,"max_hp_loss":0,"event_name":"Big Fish","floor":2,"gold_loss":0},{"damage_healed":0,"gold_gain":0,"player_choice":"Grow","damage_taken":0,"max_hp_gain":0,"max_hp_loss":0,"event_name":"Living Wall","floor":3,"gold_loss":0,"cards_upgraded":["Neutralize"]},{"damage_healed":0,"gold_gain":0,"player_choice":"Obtained Relic","damage_taken":0,"relics_obtained":["Potion Belt"],"max_hp_gain":0,"max_hp_loss":0,"event_name":"Addict","floor":20,"gold_loss":85},{"damage_healed":0,"gold_gain":0,"player_choice":"Ignored","damage_taken":0,"max_hp_gain":0,"max_hp_loss":0,"event_name":"Ghosts","floor":21,"gold_loss":0}],"is_beta":false,"boss_relics":[{"not_picked":["Astrolabe","Coffee Dripper"],"picked":"Calling Bell"}],"items_purged_floors":[5],"is_endless":false,"potions_floor_spawned":[1,7,10,11,13,14,16,18,19,22],"killed_by":"Gremlin Leader","ascension_level":11}