{"gold_per_floor":[119,137,156,331,341,370,390,375],"floor_reached":8,"playtime":327,"items_purged":[],"score":69,"play_id":"2dbd3ac8-b0a4-45e1-b2c9-b735d4534a64","local_time":"20181030230938","is_ascension_mode":true,"campfire_choices":[],"neow_cost":"NONE","seed_source_timestamp":1799675061893407,"circlet_count":0,"master_deck":["Strike_B","Strike_B","Strike_B","Strike_B","Defend_B","Defend_B","Defend_B","Defend_B","Zap","Dualcast","Tempest","Blizzard","Skim","Doubt","Conserve Battery","Storm","Leap"],"relics":["Cracked Core","NeowsBlessing","Mummified Hand"],"potions_floor_usage":[7],"damage_taken":[{"damage":0,"enemies":"Cultist","floor":1,"turns":1},{"damage":0,"enemies":"Small Slimes","floor":2,"turns":1},{"damage":0,"enemies":"Jaw Worm","floor":3,"turns":1},{"damage":30,"enemies":"Exordium Wildlife","floor":5,"turns":3},{"damage":37,"enemies":"Lagavulin","floor":6,"turns":7},{"damage":3,"enemies":"2 Fungi Beasts","floor":7,"turns":5},{"damage":9,"enemies":"Exordium Thugs","floor":8,"turns":1}],"seed_played":"-8973230541989492631","potions_obtained":[{"floor":1,"key":"SteroidPotion"},{"floor":6,"key":"Strength Potion"},{"floor":7,"key":"SpeedPotion"}],"is_trial":false,"path_per_floor":["M","M","M","?","M","E","M"],"character_chosen":"DEFECT","items_purchased":[],"campfire_rested":0,"item_purchase_floors":[],"current_hp_per_floor":[75,75,75,75,45,8,5,0],"gold":375,"neow_bonus":"THREE_ENEMY_KILL","is_prod":false,"is_daily":false,"chose_seed":false,"campfire_upgraded":0,"win_rate":0,"timestamp":1540955378,"path_taken":["M","?","M","?","M","E","M","M"],"build_version":"2018-10-25v2","purchased_purges":0,"victory":false,"max_hp_per_floor":[75,75,75,75,75,75,75,75],"card_choices":[{"not_picked":["Glacier","Recycle"],"picked":"Tempest","floor":1},{"not_picked":["Steam","Doom and Gloom"],"picked":"Blizzard","floor":2},{"not_picked":["Scrape","Sweeping Beam"],"picked":"Skim","floor":3},{"not_picked":["Doom and Gloom","Steam"],"picked":"Conserve Battery","floor":5},{"not_picked":["Biased Cognition","Turbo"],"picked":"Storm","floor":6},{"not_picked":["Compile Driver","Go for the Eyes"],"picked":"Leap","floor":7}],"player_experience":710145,"relics_obtained":[{"floor":6,"key":"Mummified Hand"}],"event_choices":[{"damage_healed":0,"gold_gain":175,"player_choice":"AGREE","damage_taken":0,"max_hp_gain":0,"max_hp_loss":0,"event_name":"Liars Game","floor":4,"gold_loss":0,"cards_obtained":["Doubt"]}],"is_beta":false,"boss_relics":[],"items_purged_floors":[],"is_endless":false,"potions_floor_spawned":[1,6,7],"killed_by":"Exordium Thugs","ascension_level":3}