{"gold_per_floor":[112,131,150,150,250,276,288,307,307,307],"floor_reached":10,"playtime":584,"items_purged":[],"score":91,"play_id":"03964cc0-6b42-421e-b04d-c86a520f2e4a","local_time":"20181209211451","is_ascension_mode":true,"campfire_choices":[],"neow_cost":"NONE","seed_source_timestamp":1379416428078106,"circlet_count":0,"master_deck":["Defend_G","Defend_G","Defend_G","Defend_G","Defend_G","Strike_G","Strike_G","Strike_G","Strike_G","Strike_G","Survivor","Neutralize","Quick Slash","Distraction","Well Laid Plans","A Thousand Cuts","Expertise","Accuracy"],"relics":["Ring of the Snake","NeowsBlessing","PreservedInsect","Matryoshka"],"potions_floor_usage":[6,6,8,10],"damage_taken":[{"damage":0,"enemies":"Cultist","floor":1,"turns":1},{"damage":0,"enemies":"2 Louse","floor":2,"turns":1},{"damage":0,"enemies":"Jaw Worm","floor":3,"turns":1},{"damage":55,"enemies":"3 Sentries","floor":6,"turns":13},{"damage":5,"enemies":"2 Fungi Beasts","floor":7,"turns":3},{"damage":1,"enemies":"Looter","floor":8,"turns":5},{"damage":3,"enemies":"3 Louse","floor":10,"turns":1}],"seed_played":"3468264061840373932","potions_obtained":[{"floor":2,"key":"EssenceOfSteel"},{"floor":3,"key":"SpeedPotion"},{"floor":7,"key":"Swift Potion"},{"floor":8,"key":"SteroidPotion"}],"is_trial":false,"path_per_floor":["M","M","M","$","?","E","M","M","T","M"],"character_chosen":"THE_SILENT","items_purchased":[],"campfire_rested":0,"item_purchase_floors":[],"current_hp_per_floor":[63,63,63,63,63,8,3,2,2,0],"gold":307,"neow_bonus":"THREE_ENEMY_KILL","is_prod":false,"is_daily":false,"chose_seed":false,"campfire_upgraded":0,"win_rate":0,"timestamp":1544408091,"path_taken":["M","?","M","?","?","E","M","?","T","M"],"build_version":"2018-12-06","purchased_purges":0,"victory":false,"max_hp_per_floor":[70,70,70,70,70,70,70,70,70,70],"card_choices":[{"not_picked":["Underhanded Strike","Reflex"],"picked":"Quick Slash","floor":1},{"not_picked":["Dodge and Roll","Setup"],"picked":"Distraction","floor":2},{"not_picked":["Acrobatics","Leg Sweep"],"picked":"Well Laid Plans","floor":3},{"not_picked":["Finisher","Deflect"],"picked":"A Thousand Cuts","floor":6},{"not_picked":["Outmaneuver","Prepared"],"picked":"Expertise","floor":7},{"not_picked":["Backflip","Predator"],"picked":"Accuracy","floor":8}],"player_experience":304077,"relics_obtained":[{"floor":6,"key":"PreservedInsect"},{"floor":9,"key":"Matryoshka"}],"event_choices":[{"damage_healed":0,"gold_gain":100,"player_choice":"Pray","damage_taken":0,"max_hp_gain":0,"max_hp_loss":0,"event_name":"Golden Shrine","floor":5,"gold_loss":0}],"is_beta":false,"boss_relics":[],"items_purged_floors":[],"is_endless":false,"potions_floor_spawned":[2,3,7,8],"killed_by":"3 Louse","ascension_level":6}