{"gold_per_floor":[112,112,112,37,57,83,83,97,97,97,97,124,142,165,165,165],"floor_reached":16,"playtime":435,"items_purged":["Defend_R"],"score":266,"play_id":"80e8cf47-659e-46ab-bc5b-b1e4a48c615a","local_time":"20190303212204","is_ascension_mode":true,"campfire_choices":[{"data":"Searing Blow","floor":7.0,"key":"SMITH"},{"data":"Searing Blow+1","floor":11.0,"key":"SMITH"},{"data":"Searing Blow+2","floor":15,"key":"SMITH"}],"neow_cost":"NONE","seed_source_timestamp":0,"circlet_count":0,"master_deck":["AscendersBane","Strike_R","Strike_R","Strike_R","Strike_R","Strike_R","Defend_R","Defend_R","Defend_R","Bash","Searing Blow+3","Warcry","Headbutt","Warcry"],"special_seed":0,"relics":["Burning Blood","NeowsBlessing","Charon\u0027s Ashes","Mango","Bottled Flame","Juzu Bracelet","Odd Mushroom"],"potions_floor_usage":[],"damage_taken":[{"damage":0.0,"enemies":"Small Slimes","floor":1.0,"turns":2.0},{"damage":0.0,"enemies":"2 Louse","floor":5.0,"turns":1.0},{"damage":0.0,"enemies":"Gremlin Nob","floor":6.0,"turns":1.0},{"damage":7.0,"enemies":"Jaw Worm","floor":8.0,"turns":3.0},{"damage":35.0,"enemies":"Lagavulin","floor":12.0,"turns":7.0},{"damage":12.0,"enemies":"Exordium Wildlife","floor":13.0,"turns":2.0},{"damage":12,"enemies":"The Mushroom Lair","floor":14,"turns":4},{"damage":48,"enemies":"Hexaghost","floor":16,"turns":7}],"seed_played":"-753726330684972769","potions_obtained":[{"floor":1.0,"key":"Weak Potion"},{"floor":6.0,"key":"SteroidPotion"},{"floor":8.0,"key":"EssenceOfSteel"}],"is_trial":false,"path_per_floor":["M","?","?","$","M","E","R","M","T","?","R","E","M","?","R","B"],"character_chosen":"IRONCLAD","items_purchased":[],"campfire_rested":0,"item_purchase_floors":[],"current_hp_per_floor":[74,74,74,74,75,89,89,88,88,88,88,59,53,47,47,0],"gold":165,"neow_bonus":"THREE_ENEMY_KILL","is_prod":false,"is_daily":false,"chose_seed":false,"campfire_upgraded":3,"win_rate":0,"timestamp":1551615724,"path_taken":["M","?","?","$","M","E","R","M","T","?","R","E","M","?","R","BOSS"],"build_version":"2019-01-23","purchased_purges":1,"victory":false,"max_hp_per_floor":[75,75,75,75,75,89,89,89,89,89,89,89,89,89,89,89],"card_choices":[{"not_picked":["Pommel Strike","Armaments","Ghostly Armor"],"picked":"SKIP","floor":1.0},{"not_picked":["True Grit","Wild Strike"],"picked":"Searing Blow","floor":5.0},{"not_picked":["Entrench","Anger","Perfected Strike"],"picked":"SKIP","floor":6.0},{"not_picked":["Rupture","Sever Soul"],"picked":"Warcry","floor":8.0},{"not_picked":["Rupture","Immolate"],"picked":"Headbutt","floor":12.0},{"not_picked":["Entrench","Twin Strike","True Grit"],"picked":"SKIP","floor":13.0},{"not_picked":["Havoc","Clash"],"picked":"Warcry","floor":14}],"player_experience":1048251,"relics_obtained":[{"floor":6.0,"key":"Mango"},{"floor":9.0,"key":"Bottled Flame"},{"floor":12.0,"key":"Juzu Bracelet"},{"floor":14,"key":"Odd Mushroom"}],"event_choices":[{"damage_healed":0.0,"max_hp_gain":0.0,"max_hp_loss":0.0,"gold_gain":0.0,"event_name":"Big Fish","player_choice":"Box","floor":2.0,"gold_loss":0.0,"damage_taken":0.0,"relics_obtained":["Charon\u0027s Ashes"],"cards_obtained":["Regret"]},{"cards_removed":["Regret"],"damage_healed":0.0,"max_hp_gain":0.0,"max_hp_loss":0.0,"gold_gain":0.0,"event_name":"Living Wall","player_choice":"Forget","floor":3.0,"gold_loss":0.0,"damage_taken":0.0},{"damage_healed":0.0,"max_hp_gain":0.0,"max_hp_loss":0.0,"gold_gain":0.0,"event_name":"Liars Game","player_choice":"Ignored","floor":10.0,"gold_loss":0.0,"damage_taken":0.0},{"damage_healed":0,"gold_gain":0,"player_choice":"Fought Mushrooms","damage_taken":0,"max_hp_gain":0,"max_hp_loss":0,"event_name":"Mushrooms","floor":14,"gold_loss":0}],"is_beta":false,"boss_relics":[],"items_purged_floors":[4],"is_endless":false,"potions_floor_spawned":[1,6,8],"killed_by":"Hexaghost","ascension_level":20}