{"gold_per_floor":[112,187,199,41,41,73,73,100,100,110,110,35,35,48,48,48],"floor_reached":16,"playtime":1099,"items_purged":["Strike_G"],"score":118,"play_id":"4f4cea57-f60d-4d81-a2d4-41eccbdf4344","local_time":"20190228182730","is_ascension_mode":true,"campfire_choices":[{"data":"Calculated Gamble","floor":7,"key":"SMITH"},{"floor":13,"key":"REST"},{"data":"After Image","floor":15,"key":"SMITH"}],"neow_cost":"NONE","seed_source_timestamp":685455063841146,"circlet_count":0,"master_deck":["Defend_G","Defend_G","Defend_G","Defend_G","Defend_G","Strike_G","Strike_G","Strike_G","Strike_G","Survivor","Neutralize","Calculated Gamble+1","Acrobatics","Dash","After Image+1","Skewer","Dagger Throw","Acrobatics","Backflip","Prepared"],"relics":["Ring of the Snake","Dream Catcher","Odd Mushroom","Dodecahedron"],"potions_floor_usage":[8,16],"damage_taken":[{"damage":9,"enemies":"Small Slimes","floor":1,"turns":6},{"damage":3,"enemies":"Cultist","floor":3,"turns":4},{"damage":58,"enemies":"Lagavulin","floor":6,"turns":14},{"damage":10,"enemies":"The Mushroom Lair","floor":8,"turns":6},{"damage":0,"enemies":"Jaw Worm","floor":10,"turns":6},{"damage":0,"enemies":"2 Fungi Beasts","floor":14,"turns":4},{"damage":32,"enemies":"The Guardian","floor":16,"turns":8}],"seed_played":"791112441286567164","potions_obtained":[{"floor":6,"key":"Weak Potion"},{"floor":8,"key":"GhostInAJar"},{"floor":10,"key":"SmokeBomb"}],"is_trial":false,"path_per_floor":["M","?","M","$","?","E","R","?","T","M","?","$","R","M","R","B"],"character_chosen":"THE_SILENT","items_purchased":["After Image"],"campfire_rested":1,"item_purchase_floors":[4],"current_hp_per_floor":[61,54,51,51,70,12,12,2,2,2,2,2,23,23,23,0],"gold":48,"neow_bonus":"THREE_CARDS","is_prod":false,"is_daily":false,"chose_seed":false,"campfire_upgraded":2,"win_rate":0,"timestamp":1551374850,"path_taken":["M","?","?","$","?","E","R","?","T","M","?","$","R","M","R","BOSS"],"build_version":"2019-01-23","purchased_purges":1,"victory":false,"max_hp_per_floor":[70,70,70,70,70,70,70,70,70,70,70,70,70,70,70,70],"card_choices":[{"not_picked":["Backflip","Sucker Punch"],"picked":"Calculated Gamble","floor":0},{"not_picked":["Deadly Poison","Quick Slash"],"picked":"Acrobatics","floor":1},{"not_picked":["Masterful Stab","Riddle With Holes"],"picked":"Dash","floor":3},{"not_picked":["All Out Attack","Acrobatics"],"picked":"Skewer","floor":6},{"not_picked":["Deflect","Masterful Stab"],"picked":"Dagger Throw","floor":8},{"not_picked":["Masterful Stab","Bane"],"picked":"Acrobatics","floor":10},{"not_picked":["Outmaneuver","Deflect"],"picked":"Backflip","floor":13},{"not_picked":["Choke","Flechettes"],"picked":"Prepared","floor":14}],"player_experience":392953,"relics_obtained":[{"floor":6,"key":"Dream Catcher"},{"floor":8,"key":"Odd Mushroom"},{"floor":9,"key":"Dodecahedron"}],"event_choices":[{"damage_healed":0,"gold_gain":75,"player_choice":"Touch","damage_taken":7,"max_hp_gain":0,"max_hp_loss":0,"event_name":"FaceTrader","floor":2,"gold_loss":0},{"damage_healed":23,"gold_gain":0,"player_choice":"Banana","damage_taken":0,"max_hp_gain":0,"max_hp_loss":0,"event_name":"Big Fish","floor":5,"gold_loss":0},{"damage_healed":0,"gold_gain":0,"player_choice":"Fought Mushrooms","damage_taken":0,"max_hp_gain":0,"max_hp_loss":0,"event_name":"Mushrooms","floor":8,"gold_loss":0},{"damage_healed":0,"gold_gain":0,"player_choice":"Fled","damage_taken":0,"max_hp_gain":0,"max_hp_loss":0,"event_name":"Scrap Ooze","floor":11,"gold_loss":0}],"is_beta":false,"boss_relics":[],"items_purged_floors":[12],"is_endless":false,"potions_floor_spawned":[6,8,10],"killed_by":"The Guardian","ascension_level":4}