{"gold_per_floor":[111,128,53,53,53,53,88,113,140,184,209,222,17,36,36,165,165,186,311,311,186,197,197,14,14,38,57,22,50,79,121,133,249,261,292,322,351,363,392,404,441,473,508,112,112,132,132,166,166,166,166,166,6,37,37],"floor_reached":56,"playtime":3160,"items_purged":["Defend_G","Regret","Strike_G","Strike_G","Strike_G"],"score":1382,"play_id":"f4a22672-7f32-43a4-8af4-5931239db05c","local_time":"20190120223144","is_ascension_mode":false,"campfire_choices":[{"data":"Neutralize","floor":6.0,"key":"SMITH"},{"data":"Cloak And Dagger","floor":15.0,"key":"SMITH"},{"data":"Cloak And Dagger","floor":23.0,"key":"SMITH"},{"data":"All Out Attack","floor":25.0,"key":"SMITH"},{"data":"Survivor","floor":32.0,"key":"SMITH"},{"floor":40.0,"key":"RECALL"},{"data":"Accuracy","floor":45.0,"key":"SMITH"},{"data":"Adrenaline","floor":49.0,"key":"SMITH"},{"data":"Master of Strategy","floor":52.0,"key":"SMITH"}],"neow_cost":"NONE","seed_source_timestamp":0,"circlet_count":0,"master_deck":["Defend_G","Defend_G","Defend_G","Strike_G","Strike_G","Survivor+1","Neutralize+1","Cloak And Dagger+1","All Out Attack+1","Cloak And Dagger+1","Unload","Infinite Blades+1","Accuracy+1","Infinite Blades","Die Die Die","Blade Dance","Adrenaline+1","Accuracy+1","Master of Strategy","Master of Strategy+1"],"special_seed":0,"relics":["Ring of the Snake","NeowsBlessing","Bloody Idol","Blood Vial","Ninja Scroll","Dream Catcher","Membership Card","WristBlade","Gambling Chip","Matryoshka","Anchor","Paper Crane","Vajra","Bag of Marbles","MawBank","Omamori","Coffee Dripper","Letter Opener","Potion Belt","PreservedInsect","Bag of Preparation","OrangePellets","Bottled Lightning","Lantern","Pen Nib","Boot"],"potions_floor_usage":[55,55,55,55,55,55,55,55],"damage_taken":[{"damage":0.0,"enemies":"Jaw Worm","floor":1.0,"turns":1.0},{"damage":0.0,"enemies":"2 Louse","floor":2.0,"turns":1.0},{"damage":0.0,"enemies":"Gremlin Nob","floor":7.0,"turns":1.0},{"damage":0.0,"enemies":"Small Slimes","floor":8.0,"turns":2.0},{"damage":17.0,"enemies":"3 Sentries","floor":10.0,"turns":8.0},{"damage":1.0,"enemies":"Looter","floor":11.0,"turns":3.0},{"damage":3.0,"enemies":"2 Fungi Beasts","floor":12.0,"turns":2.0},{"damage":13.0,"enemies":"Exordium Thugs","floor":14.0,"turns":4.0},{"damage":32.0,"enemies":"Slime Boss","floor":16.0,"turns":12.0},{"damage":5.0,"enemies":"Shell Parasite","floor":18.0,"turns":3.0},{"damage":32.0,"enemies":"Colosseum Slavers","floor":19.0,"turns":4.0},{"damage":21.0,"enemies":"Colosseum Nobs","floor":19.0,"turns":4.0},{"damage":1.0,"enemies":"3 Byrds","floor":22.0,"turns":4.0},{"damage":3.0,"enemies":"Snake Plant","floor":27.0,"turns":2.0},{"damage":0.0,"enemies":"Gremlin Leader","floor":29.0,"turns":5.0},{"damage":5.0,"enemies":"Shelled Parasite and Fungi","floor":30.0,"turns":2.0},{"damage":10.0,"enemies":"Book of Stabbing","floor":31.0,"turns":4.0},{"damage":53.0,"enemies":"Automaton","floor":33.0,"turns":8.0},{"damage":0.0,"enemies":"Orb Walker","floor":35.0,"turns":2.0},{"damage":0.0,"enemies":"3 Darklings","floor":36.0,"turns":2.0},{"damage":0.0,"enemies":"Jaw Worm Horde","floor":37.0,"turns":2.0},{"damage":0.0,"enemies":"Sphere and 2 Shapes","floor":39.0,"turns":2.0},{"damage":7.0,"enemies":"Giant Head","floor":41.0,"turns":6.0},{"damage":12.0,"enemies":"Maw","floor":42.0,"turns":5.0},{"damage":0.0,"enemies":"Transient","floor":46.0,"turns":5.0},{"damage":0.0,"enemies":"Reptomancer","floor":48.0,"turns":2.0},{"damage":48.0,"enemies":"Awakened One","floor":50.0,"turns":8.0},{"damage":0.0,"enemies":"Shield and Spear","floor":54.0,"turns":2.0},{"damage":64,"enemies":"The Heart","floor":55,"turns":6}],"seed_played":"-4398276694909410807","potions_obtained":[{"floor":2.0,"key":"Block Potion"},{"floor":7.0,"key":"FearPotion"},{"floor":12.0,"key":"Fire Potion"},{"floor":14.0,"key":"AttackPotion"},{"floor":18.0,"key":"Poison Potion"},{"floor":22.0,"key":"Dexterity Potion"},{"floor":31.0,"key":"Fire Potion"},{"floor":33.0,"key":"SpeedPotion"},{"floor":35.0,"key":"EssenceOfSteel"},{"floor":36.0,"key":"Explosive Potion"},{"floor":41.0,"key":"EntropicBrew"},{"floor":48.0,"key":"SpeedPotion"},{"floor":54.0,"key":"Poison Potion"}],"is_trial":false,"path_per_floor":["M","M","$","?","?","R","E","M","T","E","M","M","$","M","R","B",null,"M","?","?","$","M","R","$","R","T","M","$","E","M","E","R","B",null,"M","M","M","?","M","R","E","M","T","$","R","M","?","E","R","B",null,"R","$","E","B",null],"character_chosen":"THE_SILENT","items_purchased":["Membership Card","Anchor","Paper Crane","Infinite Blades","Accuracy","Bag of Preparation","OrangePellets","Bottled Lightning","Pen Nib"],"campfire_rested":0,"item_purchase_floors":[13,21,24,28,44,44,44,44,53],"current_hp_per_floor":[70,70,70,53,53,53,55,57,57,42,43,42,42,31,31,1,70,65,16,16,16,22,22,22,22,27,31,31,38,45,47,52,11,70,70,70,70,70,70,70,68,63,70,70,70,70,60,67,67,21,70,70,70,70,6],"gold":37,"neow_bonus":"THREE_ENEMY_KILL","is_prod":false,"is_daily":false,"chose_seed":false,"campfire_upgraded":8,"win_rate":0,"timestamp":1547991104,"path_taken":["M","M","$","?","?","R","E","M","T","E","?","M","$","M","R","BOSS","M","?","?","$","M","R","$","R","T","M","$","E","M","E","R","BOSS","M","M","M","?","M","R","E","M","T","$","R","M","?","E","R","BOSS","R","$","E","BOSS"],"build_version":"2019-01-17v2","purchased_purges":5,"victory":true,"max_hp_per_floor":[70,70,70,70,70,70,70,70,70,70,70,70,70,70,70,70,70,70,70,70,70,70,70,70,70,70,70,70,70,70,70,70,70,70,70,70,70,70,70,70,70,70,70,70,70,70,70,70,70,70,70,70,70,70,70],"card_choices":[{"not_picked":["Eviscerate","Escape Plan"],"picked":"Cloak And Dagger","floor":1.0},{"not_picked":["Masterful Stab","Deadly Poison","Dagger Throw"],"picked":"SKIP","floor":2.0},{"not_picked":["Dagger Spray","Slice","Leg Sweep"],"picked":"SKIP","floor":7.0},{"not_picked":["Acrobatics","Setup"],"picked":"All Out Attack","floor":8.0},{"not_picked":["Backstab","Terror"],"picked":"Cloak And Dagger","floor":10.0},{"not_picked":["Dagger Throw","Corpse Explosion","Reflex"],"picked":"SKIP","floor":11.0},{"not_picked":["Dagger Spray","Prepared","Flying Knee"],"picked":"SKIP","floor":12.0},{"not_picked":["Dagger Spray","Dodge and Roll","Prepared"],"picked":"SKIP","floor":14.0},{"not_picked":["Wraith Form v2","Glass Knife"],"picked":"Unload","floor":16.0},{"not_picked":["Terror","Dodge and Roll"],"picked":"Infinite Blades+1","floor":18.0},{"not_picked":["Blade Dance","Outmaneuver"],"picked":"Accuracy+1","floor":19.0},{"not_picked":["Dagger Throw+1","Finisher","Prepared"],"picked":"SKIP","floor":22.0},{"not_picked":["Backflip","Deflect","PiercingWail"],"picked":"SKIP","floor":27.0},{"not_picked":["Outmaneuver","Night Terror","Bouncing Flask"],"picked":"SKIP","floor":29.0},{"not_picked":["Sucker Punch+1","Endless Agony","Flying Knee"],"picked":"SKIP","floor":30.0},{"not_picked":["Dodge and Roll","PiercingWail","Heel Hook"],"picked":"SKIP","floor":31.0},{"not_picked":["Unload","Corpse Explosion"],"picked":"Die Die Die","floor":33.0},{"not_picked":["Acrobatics+1","Reflex+1","Caltrops"],"picked":"SKIP","floor":35.0},{"not_picked":["Heel Hook","Acrobatics+1","Slice+1"],"picked":"SKIP","floor":36.0},{"not_picked":["Deadly Poison+1","Quick Slash+1"],"picked":"Blade Dance","floor":37.0},{"not_picked":["Glass Knife","Dodge and Roll","Backflip+1"],"picked":"SKIP","floor":39.0},{"not_picked":["Dash","Quick Slash+1"],"picked":"Adrenaline","floor":41.0},{"not_picked":["Poisoned Stab+1","Deflect","Quick Slash+1"],"picked":"SKIP","floor":42.0},{"not_picked":["Calculated Gamble","Dagger Spray","Outmaneuver"],"picked":"SKIP","floor":46.0},{"not_picked":["Dramatic Entrance","Discovery"],"picked":"Master of Strategy","floor":47.0},{"not_picked":["The Bomb","Mind Blast"],"picked":"Master of Strategy","floor":47.0},{"not_picked":["Flying Knee+1","Distraction","Eviscerate"],"picked":"SKIP","floor":48.0},{"not_picked":["Dagger Throw+1","Burst","Dash+1"],"picked":"SKIP","floor":54.0}],"player_experience":864560,"relics_obtained":[{"floor":7.0,"key":"Ninja Scroll"},{"floor":10.0,"key":"Dream Catcher"},{"floor":19.0,"key":"Gambling Chip"},{"floor":19.0,"key":"Matryoshka"},{"floor":26.0,"key":"Vajra"},{"floor":26.0,"key":"Bag of Marbles"},{"floor":29.0,"key":"MawBank"},{"floor":31.0,"key":"Omamori"},{"floor":41.0,"key":"Letter Opener"},{"floor":43.0,"key":"Potion Belt"},{"floor":43.0,"key":"PreservedInsect"},{"floor":48.0,"key":"Lantern"},{"floor":54.0,"key":"Boot"}],"event_choices":[{"damage_healed":0.0,"max_hp_gain":0.0,"max_hp_loss":0.0,"gold_gain":0.0,"event_name":"Golden Idol","player_choice":"Take Damage","floor":4.0,"gold_loss":0.0,"damage_taken":17.0,"relics_obtained":["Golden Idol"]},{"damage_healed":0.0,"max_hp_gain":0.0,"max_hp_loss":0.0,"gold_gain":0.0,"event_name":"Big Fish","player_choice":"Box","floor":5.0,"gold_loss":0.0,"damage_taken":0.0,"relics_obtained":["Blood Vial"],"cards_obtained":["Regret"]},{"damage_healed":0.0,"max_hp_gain":0.0,"max_hp_loss":0.0,"gold_gain":0.0,"event_name":"Colosseum","player_choice":"Fight","floor":19.0,"gold_loss":0.0,"damage_taken":0.0},{"damage_healed":0.0,"max_hp_gain":0.0,"max_hp_loss":0.0,"gold_gain":0.0,"event_name":"Colosseum","player_choice":"Fought Nobs","floor":19.0,"gold_loss":0.0,"damage_taken":0.0},{"damage_healed":0.0,"max_hp_gain":0.0,"max_hp_loss":0.0,"gold_gain":0.0,"event_name":"Forgotten Altar","player_choice":"Gave Idol","floor":20.0,"relics_lost":["Golden Idol"],"gold_loss":0.0,"damage_taken":0.0,"relics_obtained":["Bloody Idol"]},{"cards_removed":["Defend_G"],"damage_healed":0.0,"max_hp_gain":0.0,"max_hp_loss":0.0,"gold_gain":0.0,"event_name":"Falling","player_choice":"Removed Skill","floor":38.0,"gold_loss":0.0,"damage_taken":0.0},{"damage_healed":0.0,"max_hp_gain":0.0,"max_hp_loss":0.0,"gold_gain":0.0,"event_name":"SensoryStone","player_choice":"Memory 3","floor":47.0,"gold_loss":0.0,"damage_taken":10.0}],"is_beta":false,"boss_relics":[{"not_picked":["Calling Bell","HoveringKite"],"picked":"WristBlade"},{"not_picked":["Astrolabe","Velvet Choker"],"picked":"Coffee Dripper"}],"items_purged_floors":[3,21,24,44,53],"is_endless":false,"potions_floor_spawned":[2,7,12,14,18,22,31,33,35,36,41,48,54],"ascension_level":0}