{"gold_per_floor":[110,110,110,120,136,169,169,203,203,203],"floor_reached":10,"playtime":543,"items_purged":[],"score":95,"play_id":"df1be8f1-19b6-4cfa-8b5c-38d6992e9fc5","local_time":"20181209152624","is_ascension_mode":true,"campfire_choices":[{"data":"Choke","floor":7,"key":"SMITH"}],"neow_cost":"NONE","seed_source_timestamp":0,"circlet_count":0,"master_deck":["Defend_G","Defend_G","Defend_G","Defend_G","Defend_G","Strike_G","Strike_G","Strike_G","Strike_G","Strike_G","Survivor","Neutralize+1","Choke+1","Caltrops","Sucker Punch","All Out Attack","Well Laid Plans","Storm of Steel"],"special_seed":0,"relics":["Ring of the Snake","Art of War","Blue Candle","Potion Belt"],"potions_floor_usage":[8],"damage_taken":[{"damage":2,"enemies":"Jaw Worm","floor":1,"turns":3},{"damage":0,"enemies":"2 Louse","floor":4,"turns":3},{"damage":4,"enemies":"Cultist","floor":5,"turns":3},{"damage":27,"enemies":"3 Sentries","floor":6,"turns":7},{"damage":28,"enemies":"Gremlin Nob","floor":8,"turns":5},{"damage":32,"enemies":"Large Slime","floor":10,"turns":4}],"seed_played":"4501664414621193435","potions_obtained":[{"floor":5,"key":"Regen Potion"}],"is_trial":false,"path_per_floor":["M","?","?","M","M","E","R","E","T","M"],"character_chosen":"THE_SILENT","items_purchased":[],"campfire_rested":0,"item_purchase_floors":[],"current_hp_per_floor":[68,68,68,68,64,37,37,21,21,0],"gold":203,"neow_bonus":"THREE_CARDS","is_prod":false,"is_daily":false,"chose_seed":false,"campfire_upgraded":1,"win_rate":0,"timestamp":1544387184,"path_taken":["M","?","?","M","M","E","R","E","T","M"],"build_version":"2018-12-06","purchased_purges":0,"victory":false,"max_hp_per_floor":[70,70,70,70,70,70,70,70,70,70],"card_choices":[{"not_picked":["Backflip","Bane"],"picked":"Choke","floor":0},{"not_picked":["Underhanded Strike","Setup"],"picked":"Caltrops","floor":1},{"not_picked":["Prepared","Poisoned Stab"],"picked":"Sucker Punch","floor":4},{"not_picked":["Acrobatics","Poisoned Stab"],"picked":"All Out Attack","floor":5},{"not_picked":["Acrobatics","Underhanded Strike"],"picked":"Well Laid Plans","floor":6},{"not_picked":["Bane","Flechettes"],"picked":"Storm of Steel","floor":8}],"player_experience":285509,"relics_obtained":[{"floor":6,"key":"Art of War"},{"floor":8,"key":"Blue Candle"},{"floor":9,"key":"Potion Belt"}],"event_choices":[{"damage_healed":0,"gold_gain":0,"player_choice":"Grow","damage_taken":0,"max_hp_gain":0,"max_hp_loss":0,"event_name":"Living Wall","floor":2,"gold_loss":0,"cards_upgraded":["Neutralize"]},{"damage_healed":0,"gold_gain":0,"player_choice":"Leave","damage_taken":0,"max_hp_gain":0,"max_hp_loss":0,"event_name":"The Cleric","floor":3,"gold_loss":0}],"is_beta":false,"boss_relics":[],"items_purged_floors":[],"is_endless":false,"potions_floor_spawned":[5],"killed_by":"Large Slime","ascension_level":5}