{"gold_per_floor":[114,132,207,62,82,82,82,412,412,412,424,440,457,483,483,555,555,565,565,565,235,250,250,281,281,281,281,295,295,295],"floor_reached":30,"playtime":1361,"items_purged":["Strike_B","Strike_B"],"score":426,"play_id":"1b3e2051-e0b1-45fb-b92c-72c0f345a089","local_time":"20190302110616","is_ascension_mode":true,"campfire_choices":[{"data":"Darkness","floor":6,"key":"SMITH"},{"data":"Lockon","floor":10,"key":"SMITH"},{"floor":15,"key":"REST"},{"data":"Darkness","floor":23,"key":"SMITH"},{"data":"Hologram","floor":25,"key":"SMITH"},{"data":"Zap","floor":29,"key":"SMITH"}],"neow_cost":"TEN_PERCENT_HP_LOSS","seed_source_timestamp":31202410226707,"circlet_count":0,"master_deck":["AscendersBane","Strike_B","Strike_B","Defend_B","Defend_B","Defend_B","Defend_B","Zap+1","Dualcast","Darkness+1","Hologram+1","Core Surge","Consume","Lockon+1","Sweeping Beam","Self Repair","Core Surge","Multi-Cast","Darkness+1","Hologram","Genetic Algorithm+1","Coolheaded"],"relics":["Cracked Core","Thread and Needle","Old Coin","Letter Opener","Oddly Smooth Stone","Nuclear Battery","Happy Flower","Sundial","Question Card","GremlinMask"],"potions_floor_usage":[8,16,24,24,30],"damage_taken":[{"damage":0,"enemies":"Cultist","floor":1,"turns":3},{"damage":2,"enemies":"Jaw Worm","floor":2,"turns":4},{"damage":0,"enemies":"2 Louse","floor":5,"turns":3},{"damage":1,"enemies":"3 Sentries","floor":8,"turns":4},{"damage":14,"enemies":"Gremlin Gang","floor":11,"turns":5},{"damage":9,"enemies":"Blue Slaver","floor":12,"turns":4},{"damage":5,"enemies":"2 Fungi Beasts","floor":13,"turns":4},{"damage":21,"enemies":"Gremlin Nob","floor":14,"turns":4},{"damage":21,"enemies":"Hexaghost","floor":16,"turns":9},{"damage":20,"enemies":"2 Thieves","floor":18,"turns":4},{"damage":3,"enemies":"Spheric Guardian","floor":22,"turns":3},{"damage":29,"enemies":"Slavers","floor":24,"turns":4},{"damage":3,"enemies":"Snake Plant","floor":28,"turns":4},{"damage":27,"enemies":"Sentry and Sphere","floor":30,"turns":3}],"seed_played":"7282148699336843276","potions_obtained":[{"floor":1,"key":"AttackPotion"},{"floor":2,"key":"SteroidPotion"},{"floor":11,"key":"SneckoOil"},{"floor":12,"key":"Fire Potion"},{"floor":14,"key":"LiquidBronze"},{"floor":24,"key":"Explosive Potion"}],"is_trial":false,"path_per_floor":["M","M","?","$","M","R","$","E","T","R","M","M","M","E","R","B",null,"M","?","?","$","M","R","E","R","T","?","M","R","M"],"character_chosen":"DEFECT","items_purchased":["Core Surge","Hologram","Happy Flower","Dexterity Potion"],"campfire_rested":1,"item_purchase_floors":[4,21,21,21],"current_hp_per_floor":[68,66,55,55,55,55,55,54,54,54,40,31,33,12,32,18,56,43,43,43,43,47,47,18,18,18,18,22,22,0],"gold":295,"neow_bonus":"ONE_RARE_RELIC","is_prod":false,"is_daily":false,"chose_seed":false,"campfire_upgraded":5,"win_rate":0,"timestamp":1551521176,"path_taken":["M","M","?","$","M","R","$","E","T","R","M","M","M","E","R","BOSS","M","?","?","$","M","R","E","R","T","?","M","R","M"],"build_version":"2019-01-23","purchased_purges":2,"victory":false,"max_hp_per_floor":[68,68,68,68,68,68,68,68,68,68,68,68,68,68,68,68,68,68,68,68,68,68,68,68,68,68,68,68,68,68],"card_choices":[{"not_picked":["Ball Lightning","Turbo"],"picked":"Darkness","floor":1},{"not_picked":["Barrage","Cold Snap"],"picked":"Hologram","floor":2},{"not_picked":["Glacier","Hello World"],"picked":"Consume","floor":5},{"not_picked":["Cold Snap","Skim"],"picked":"Lockon","floor":8},{"not_picked":["Redo","Barrage"],"picked":"Sweeping Beam","floor":11},{"not_picked":["Barrage","Steam"],"picked":"Self Repair","floor":12},{"not_picked":["Force Field","Cold Snap","Hello World"],"picked":"SKIP","floor":13},{"not_picked":["Cold Snap","Stack"],"picked":"Core Surge","floor":14},{"not_picked":["Thunder Strike","Echo Form"],"picked":"Multi-Cast","floor":16},{"not_picked":["Scrape","Sweeping Beam","Redo"],"picked":"SKIP","floor":18},{"not_picked":["Rebound","Scrape"],"picked":"Genetic Algorithm+1","floor":22},{"not_picked":["Go for the Eyes+1","Barrage"],"picked":"Coolheaded","floor":24},{"not_picked":["Rebound+1","Leap","Redo","Ball Lightning"],"picked":"SKIP","floor":28}],"player_experience":698596,"relics_obtained":[{"floor":8,"key":"Old Coin"},{"floor":9,"key":"Letter Opener"},{"floor":14,"key":"Oddly Smooth Stone"},{"floor":24,"key":"Sundial"},{"floor":26,"key":"Question Card"}],"event_choices":[{"damage_healed":0,"gold_gain":75,"player_choice":"Gather Gold","damage_taken":11,"max_hp_gain":0,"max_hp_loss":0,"event_name":"World of Goop","floor":3,"gold_loss":0},{"damage_healed":0,"gold_gain":0,"player_choice":"Read","damage_taken":0,"max_hp_gain":0,"max_hp_loss":0,"event_name":"The Library","floor":19,"gold_loss":0,"cards_obtained":["Darkness"]},{"damage_healed":0,"gold_gain":0,"player_choice":"Ignored","damage_taken":0,"max_hp_gain":0,"max_hp_loss":0,"event_name":"Vampires","floor":20,"gold_loss":0},{"damage_healed":0,"gold_gain":0,"player_choice":"Trade","damage_taken":0,"relics_obtained":["GremlinMask"],"max_hp_gain":0,"max_hp_loss":0,"event_name":"FaceTrader","floor":27,"gold_loss":0}],"is_beta":false,"boss_relics":[{"not_picked":["Ectoplasm","Inserter"],"picked":"Nuclear Battery"}],"items_purged_floors":[4,21],"is_endless":false,"potions_floor_spawned":[1,2,11,12,14,24],"killed_by":"Sentry and Sphere","ascension_level":13}