{"gold_per_floor":[119,137,153,170,170,170,170,202,271,271,288,307,165,194,194,297,297,315,315,326,326,182,182,182,212,212,245,245,245,245,100,100,100],"floor_reached":33,"playtime":1142,"items_purged":[],"score":378,"play_id":"00de9f39-2015-4fc8-89f3-ad5d3aed58d9","local_time":"20190208194525","is_ascension_mode":true,"campfire_choices":[{"data":"Apotheosis","floor":6.0,"key":"SMITH"},{"data":"1","floor":10.0,"key":"LIFT"},{"data":"2","floor":15.0,"key":"LIFT"},{"floor":23.0,"key":"REST"},{"data":"3","floor":29.0,"key":"LIFT"},{"floor":32.0,"key":"REST"}],"neow_cost":"TEN_PERCENT_HP_LOSS","seed_source_timestamp":2511220426185074,"circlet_count":0,"master_deck":["Strike_R+1","Strike_R+1","Strike_R+1","Strike_R+1","Strike_R+1","Defend_R+1","Defend_R+1","Defend_R+1","Defend_R+1","Bash","Apotheosis+1","Finesse","Seeing Red","Metallicize","Impervious","Iron Wave+1","Metallicize","Ghostly Armor","Juggernaut","Heavy Blade+1","Spot Weakness","Iron Wave","Rampage","Twin Strike+1","Metallicize","Sword Boomerang"],"special_seed":0,"relics":["Burning Blood","NlothsMask","Girya","Juzu Bracelet","Orrery","Enchiridion","Bag of Marbles","Pen Nib","Smiling Mask","Charon\u0027s Ashes","Shovel","Boot","Whetstone"],"potions_floor_usage":[33,33],"damage_taken":[{"damage":0.0,"enemies":"Cultist","floor":1.0,"turns":4.0},{"damage":0.0,"enemies":"Small Slimes","floor":2.0,"turns":3.0},{"damage":8.0,"enemies":"2 Louse","floor":3.0,"turns":3.0},{"damage":7.0,"enemies":"Red Slaver","floor":4.0,"turns":5.0},{"damage":36.0,"enemies":"Gremlin Nob","floor":8.0,"turns":4.0},{"damage":0.0,"enemies":"Exordium Wildlife","floor":11.0,"turns":4.0},{"damage":1.0,"enemies":"Blue Slaver","floor":12.0,"turns":3.0},{"damage":17.0,"enemies":"3 Sentries","floor":14.0,"turns":14.0},{"damage":28.0,"enemies":"The Guardian","floor":16.0,"turns":12.0},{"damage":7.0,"enemies":"Chosen","floor":18.0,"turns":5.0},{"damage":3.0,"enemies":"Shell Parasite","floor":20.0,"turns":4.0},{"damage":29.0,"enemies":"Book of Stabbing","floor":25.0,"turns":5.0},{"damage":26.0,"enemies":"Gremlin Leader","floor":27.0,"turns":6.0},{"damage":68,"enemies":"Automaton","floor":33,"turns":6}],"seed_played":"2711119780810479776","potions_obtained":[{"floor":2.0,"key":"SkillPotion"},{"floor":3.0,"key":"Ancient Potion"},{"floor":4.0,"key":"Fruit Juice"},{"floor":14.0,"key":"Block Potion"},{"floor":18.0,"key":"AttackPotion"},{"floor":27.0,"key":"LiquidBronze"}],"is_trial":false,"path_per_floor":["M","M","M","M","?","R","?","E","T","R","M","M","$","E","R","B",null,"M","?","M","?","$","R","T","E","T","E","?","R","?","$","R","B"],"character_chosen":"IRONCLAD","items_purchased":["Metallicize","Ghostly Armor","Bag of Marbles","Whetstone"],"campfire_rested":2,"item_purchase_floors":[13,13,22,31],"current_hp_per_floor":[72,72,70,74,79,79,79,49,49,49,55,60,60,49,49,27,68,67,51,54,38,38,64,64,41,41,21,21,21,21,21,47,0],"gold":100,"neow_bonus":"RANDOM_COLORLESS_2","is_prod":false,"is_daily":false,"chose_seed":false,"campfire_upgraded":1,"win_rate":0,"timestamp":1549683925,"path_taken":["M","M","?","M","?","R","?","E","T","R","?","M","$","E","R","BOSS","M","?","M","?","$","R","?","E","T","E","?","R","?","$","R","BOSS"],"build_version":"2019-01-23","purchased_purges":0,"victory":false,"max_hp_per_floor":[72,72,72,77,82,82,82,82,82,82,82,82,82,82,82,82,82,82,82,82,87,87,87,87,87,87,87,87,87,87,87,87,87],"card_choices":[{"not_picked":["Whirlwind","Bloodletting","Flex"],"picked":"SKIP","floor":1.0},{"not_picked":["Cleave","Headbutt","Warcry"],"picked":"SKIP","floor":2.0},{"not_picked":["Armaments","Thunderclap","Clothesline"],"picked":"SKIP","floor":3.0},{"not_picked":["Feel No Pain","Havoc"],"picked":"Seeing Red","floor":4.0},{"not_picked":["Flex","Body Slam"],"picked":"Metallicize","floor":8.0},{"not_picked":["Flex","Combust"],"picked":"Impervious","floor":11.0},{"not_picked":["Pommel Strike","Clash"],"picked":"Iron Wave","floor":12.0},{"not_picked":["Armaments","Whirlwind","True Grit"],"picked":"SKIP","floor":14.0},{"not_picked":["Exhume","Reaper"],"picked":"Juggernaut","floor":16.0},{"not_picked":["Pommel Strike","Battle Trance"],"picked":"Heavy Blade","floor":17.0},{"not_picked":["Dual Wield","Seeing Red"],"picked":"Spot Weakness","floor":17.0},{"not_picked":["Clothesline","True Grit"],"picked":"Iron Wave","floor":17.0},{"not_picked":["Wild Strike","Clash"],"picked":"Rampage","floor":18.0},{"not_picked":["Cleave","Clash+1"],"picked":"Twin Strike+1","floor":20.0},{"not_picked":["Perfected Strike+1","Demon Form"],"picked":"Metallicize","floor":25.0},{"not_picked":["Anger+1","Headbutt+1"],"picked":"Sword Boomerang","floor":27.0}],"player_experience":258489,"relics_obtained":[{"floor":8.0,"key":"Girya"},{"floor":14.0,"key":"Juzu Bracelet"},{"floor":19.0,"key":"Enchiridion"},{"floor":24.0,"key":"Pen Nib"},{"floor":25.0,"key":"Smiling Mask"},{"floor":26.0,"key":"Charon\u0027s Ashes"},{"floor":27.0,"key":"Shovel"}],"event_choices":[{"damage_healed":0.0,"max_hp_gain":5.0,"max_hp_loss":0.0,"gold_gain":0.0,"event_name":"Big Fish","player_choice":"Donut","floor":5.0,"gold_loss":0.0,"damage_taken":0.0},{"damage_healed":0.0,"max_hp_gain":0.0,"max_hp_loss":0.0,"gold_gain":0.0,"event_name":"FaceTrader","player_choice":"Trade","floor":7.0,"gold_loss":0.0,"damage_taken":0.0,"relics_obtained":["NlothsMask"]},{"damage_healed":0.0,"max_hp_gain":0.0,"max_hp_loss":0.0,"gold_gain":0.0,"event_name":"Cursed Tome","player_choice":"Obtained Book","floor":19.0,"gold_loss":0.0,"damage_taken":16.0},{"damage_healed":0.0,"max_hp_gain":5.0,"max_hp_loss":0.0,"gold_gain":0.0,"event_name":"Forgotten Altar","player_choice":"Shed Blood","floor":21.0,"gold_loss":0.0,"damage_taken":21.0},{"damage_healed":0.0,"max_hp_gain":0.0,"max_hp_loss":0.0,"gold_gain":0.0,"event_name":"The Mausoleum","player_choice":"Opened","floor":28.0,"gold_loss":0.0,"damage_taken":0.0,"relics_obtained":["Boot"]},{"damage_healed":0.0,"max_hp_gain":0.0,"max_hp_loss":0.0,"gold_gain":0.0,"event_name":"Back to Basics","player_choice":"Simplicity","floor":30.0,"gold_loss":0.0,"damage_taken":0.0,"cards_upgraded":["Strike_R","Strike_R","Strike_R","Strike_R","Strike_R","Defend_R","Defend_R","Defend_R","Defend_R"]}],"is_beta":false,"boss_relics":[{"not_picked":["Cursed Key","Tiny House"],"picked":"Orrery"}],"items_purged_floors":[],"is_endless":false,"potions_floor_spawned":[2,3,4,14,18,27],"killed_by":"Automaton","ascension_level":6}