{"gold_per_floor":[111,111,286,302,13,41,53,14,63,13,13,26,56,56,56,56],"floor_reached":16,"playtime":716,"items_purged":[],"score":179,"play_id":"3a91317e-d66f-4c38-979c-c60d148d4b95","local_time":"20181222104253","is_ascension_mode":true,"campfire_choices":[{"data":"Neutralize","floor":11,"key":"SMITH"},{"data":"Footwork","floor":15,"key":"SMITH"}],"neow_cost":"NONE","seed_source_timestamp":146789726549170,"circlet_count":0,"master_deck":["Defend_G","Defend_G","Defend_G","Defend_G","Defend_G","Strike_G","Strike_G","Strike_G","Strike_G","Strike_G","Survivor","Neutralize+1","Prepared","Bouncing Flask","Expertise","PiercingWail","Outmaneuver","Footwork+1","Calculated Gamble","Caltrops+1"],"relics":["Ring of the Snake","NeowsBlessing","PreservedInsect","Letter Opener","Thread and Needle","Juzu Bracelet","Frozen Egg 2","Spirit Poop"],"potions_floor_usage":[12,13],"damage_taken":[{"damage":0,"enemies":"2 Louse","floor":1,"turns":1},{"damage":0,"enemies":"Jaw Worm","floor":4,"turns":1},{"damage":0,"enemies":"Lagavulin","floor":6,"turns":1},{"damage":0,"enemies":"Small Slimes","floor":7,"turns":3},{"damage":0,"enemies":"Exordium Thugs","floor":12,"turns":5},{"damage":14,"enemies":"3 Sentries","floor":13,"turns":10},{"damage":58,"enemies":"Slime Boss","floor":16,"turns":10}],"seed_played":"4710617001995031535","potions_obtained":[{"floor":4,"key":"AttackPotion"},{"floor":12,"key":"Dexterity Potion"}],"is_trial":false,"path_per_floor":["M","?","?","M","$","E","M","$","T","?","R","M","E","?","R","B"],"character_chosen":"THE_SILENT","items_purchased":["Letter Opener","Expertise","Footwork"],"campfire_rested":0,"item_purchase_floors":[5,5,8],"current_hp_per_floor":[63,63,63,63,63,63,63,63,63,63,63,63,49,49,49,0],"gold":56,"neow_bonus":"THREE_ENEMY_KILL","is_prod":false,"is_daily":false,"chose_seed":false,"campfire_upgraded":2,"win_rate":0,"timestamp":1545493373,"path_taken":["M","?","?","M","?","E","M","$","T","?","R","M","E","?","R","BOSS"],"build_version":"2018-12-20","purchased_purges":0,"victory":false,"max_hp_per_floor":[70,70,70,70,70,70,70,70,70,70,70,70,70,70,70,70],"card_choices":[{"not_picked":["Deflect","Sucker Punch"],"picked":"Prepared","floor":1},{"not_picked":["Prepared","Blade Dance"],"picked":"Bouncing Flask","floor":4},{"not_picked":["Dagger Throw","Infinite Blades"],"picked":"PiercingWail","floor":6},{"not_picked":["Flying Knee","PiercingWail"],"picked":"Outmaneuver","floor":7},{"not_picked":["Deflect","Acrobatics"],"picked":"Calculated Gamble","floor":12},{"not_picked":["Backflip","Wraith Form v2"],"picked":"Caltrops","floor":13}],"player_experience":337374,"relics_obtained":[{"floor":6,"key":"Thread and Needle"},{"floor":9,"key":"Juzu Bracelet"},{"floor":13,"key":"Frozen Egg 2"}],"event_choices":[{"damage_healed":0,"gold_gain":0,"player_choice":"Box","damage_taken":0,"relics_obtained":["PreservedInsect"],"max_hp_gain":0,"max_hp_loss":0,"event_name":"Big Fish","floor":2,"gold_loss":0,"cards_obtained":["Regret"]},{"damage_healed":0,"gold_gain":175,"player_choice":"AGREE","damage_taken":0,"max_hp_gain":0,"max_hp_loss":0,"event_name":"Liars Game","floor":3,"gold_loss":0,"cards_obtained":["Doubt"]},{"cards_removed":["Doubt"],"damage_healed":0,"gold_gain":0,"player_choice":"Card Removal","damage_taken":0,"max_hp_gain":0,"max_hp_loss":0,"event_name":"The Cleric","floor":10,"gold_loss":50},{"cards_removed":["Regret"],"damage_healed":0,"gold_gain":0,"player_choice":"Offered Curse","damage_taken":0,"relics_obtained":["Spirit Poop"],"max_hp_gain":0,"max_hp_loss":0,"event_name":"Bonfire Elementals","floor":14,"gold_loss":0}],"is_beta":false,"boss_relics":[],"items_purged_floors":[],"is_endless":false,"potions_floor_spawned":[4,12],"killed_by":"Slime Boss","ascension_level":7}