{"gold_per_floor":[109,119,119,138,138,148,162,162,186,204,204,27,27,45,45,147,147,159,174,174,103,123,123,133,133,133,144,144,144,57,57,57,158,158,170,72,72,84,84,84,95,95,95,107,107,125,135,135,135,135],"floor_reached":50,"playtime":2098,"items_purged":[],"score":461,"play_id":"3078a0cc-a992-4568-a6d4-c242f94f3cf6","local_time":"20181231030422","is_ascension_mode":false,"campfire_choices":[{"data":"Spot Weakness","floor":8,"key":"SMITH"},{"data":"Clash","floor":11,"key":"SMITH"},{"data":"Metallicize","floor":13,"key":"SMITH"},{"data":"Immolate","floor":15,"key":"SMITH"},{"data":"Whirlwind","floor":23,"key":"SMITH"},{"data":"Limit Break","floor":25,"key":"SMITH"},{"data":"Berserk","floor":29,"key":"SMITH"},{"data":"True Grit","floor":32,"key":"SMITH"},{"data":"Inflame","floor":40,"key":"SMITH"},{"floor":42,"key":"REST"},{"data":"Dual Wield","floor":45,"key":"SMITH"},{"data":"Flex","floor":49,"key":"SMITH"}],"neow_cost":"PERCENT_DAMAGE","seed_source_timestamp":857791847478567,"circlet_count":0,"master_deck":["Bash","Clash+1","Spot Weakness+1","Battle Trance","Bandage Up","Metallicize+1","Immolate+1","Limit Break+1","Limit Break+1","Burning Pact","Flex+1","Twin Strike","True Grit+1","Thunderclap","Headbutt","Cleave","Flex+1","Clash","Whirlwind+1","Iron Wave","Berserk+1","Clash","Flash of Steel","Demon Form","Inflame+1","Warcry","Warcry+1","Dual Wield+1","Warcry"],"relics":["Burning Blood","Ice Cream","Centennial Puzzle","Pandora\u0027s Box","Letter Opener","Empty Cage","The Courier","Singing Bowl"],"potions_floor_usage":[16,33,33,44,44,46,50],"damage_taken":[{"damage":7,"enemies":"2 Louse","floor":1,"turns":3},{"damage":0,"enemies":"Small Slimes","floor":2,"turns":4},{"damage":1,"enemies":"Cultist","floor":4,"turns":3},{"damage":11,"enemies":"Blue Slaver","floor":6,"turns":3},{"damage":8,"enemies":"3 Louse","floor":7,"turns":3},{"damage":2,"enemies":"2 Fungi Beasts","floor":10,"turns":4},{"damage":10,"enemies":"Exordium Thugs","floor":14,"turns":5},{"damage":32,"enemies":"The Guardian","floor":16,"turns":9},{"damage":24,"enemies":"2 Thieves","floor":18,"turns":3},{"damage":6,"enemies":"Spheric Guardian","floor":19,"turns":3},{"damage":3,"enemies":"Cultist and Chosen","floor":22,"turns":3},{"damage":22,"enemies":"Shelled Parasite and Fungi","floor":24,"turns":3},{"damage":6,"enemies":"3 Cultists","floor":27,"turns":3},{"damage":37,"enemies":"Collector","floor":33,"turns":5},{"damage":37,"enemies":"3 Shapes","floor":35,"turns":4},{"damage":13,"enemies":"3 Darklings","floor":38,"turns":2},{"damage":48,"enemies":"Maw","floor":41,"turns":7},{"damage":0,"enemies":"Transient","floor":44,"turns":5},{"damage":14,"enemies":"Jaw Worm Horde","floor":46,"turns":2},{"damage":27,"enemies":"Sphere and 2 Shapes","floor":47,"turns":3},{"damage":80,"enemies":"Awakened One","floor":50,"turns":2}],"seed_played":"-7143125223368069794","potions_obtained":[{"floor":4,"key":"SteroidPotion"},{"floor":6,"key":"Dexterity Potion"},{"floor":10,"key":"PowerPotion"},{"floor":16,"key":"Explosive Potion"},{"floor":18,"key":"LiquidBronze"},{"floor":33,"key":"Explosive Potion"},{"floor":41,"key":"Poison Potion"},{"floor":47,"key":"Fire Potion"}],"is_trial":false,"path_per_floor":["M","M","?","M","?","M","M","R","T","M","R","$","R","M","R","B",null,"M","M","?","$","M","R","M","R","T","M","?","R","$","?","R","B",null,"M","$","?","M","T","R","M","R","T","M","R","M","M","?","R","B"],"character_chosen":"IRONCLAD","items_purchased":["Bandage Up","Metallicize","Whirlwind","Flash of Steel","Inflame","Warcry"],"campfire_rested":1,"item_purchase_floors":[12,12,21,30,36,36],"current_hp_per_floor":[55,61,66,71,71,66,64,64,64,68,68,68,68,68,68,46,85,71,75,75,75,78,78,66,66,66,70,70,70,70,70,70,43,85,54,54,54,51,51,51,13,38,38,50,50,42,27,78,78,0],"gold":135,"neow_bonus":"ONE_RARE_RELIC","is_prod":false,"is_daily":false,"chose_seed":false,"campfire_upgraded":11,"win_rate":0,"timestamp":1546243462,"path_taken":["M","M","?","M","?","M","M","R","T","M","R","$","R","M","R","BOSS","M","?","?","$","M","R","M","R","T","M","?","R","$","?","R","BOSS","M","$","?","M","?","R","M","R","T","M","R","M","?","?","R","BOSS"],"build_version":"2018-12-20","purchased_purges":0,"victory":false,"max_hp_per_floor":[80,80,85,85,85,85,85,85,85,85,85,85,85,85,85,85,85,85,85,85,85,85,85,85,85,85,85,85,85,85,85,85,85,85,85,85,85,85,85,85,85,85,85,87,87,87,89,78,78,78],"card_choices":[{"not_picked":["Clothesline","Ghostly Armor"],"picked":"Intimidate","floor":1},{"not_picked":["Sword Boomerang","Feel No Pain","Twin Strike"],"picked":"SKIP","floor":2},{"not_picked":["Clothesline","True Grit"],"picked":"Clash","floor":4},{"not_picked":["Blood for Blood","Shockwave"],"picked":"Spot Weakness","floor":6},{"not_picked":["Cleave","Perfected Strike"],"picked":"Battle Trance","floor":7},{"not_picked":["Uppercut","Headbutt","Cleave"],"picked":"SKIP","floor":10},{"not_picked":["Warcry","Sword Boomerang"],"picked":"Immolate","floor":14},{"not_picked":["Feed","Brutality"],"picked":"Limit Break","floor":16},{"not_picked":["Clothesline+1","Pummel"],"picked":"Flex+1","floor":18},{"not_picked":["Dropkick","Pummel"],"picked":"Clash","floor":19},{"not_picked":["Perfected Strike","Anger"],"picked":"Iron Wave","floor":22},{"not_picked":["Thunderclap","True Grit"],"picked":"Berserk","floor":24},{"not_picked":["Clothesline","Wild Strike","Pommel Strike+1"],"picked":"SKIP","floor":27},{"not_picked":["Immolate","Dark Embrace"],"picked":"Demon Form","floor":33},{"not_picked":["Cleave","Sword Boomerang+1","Pommel Strike"],"picked":"SKIP","floor":35},{"not_picked":["Infernal Blade","Combust+1"],"picked":"Warcry+1","floor":38},{"not_picked":["Warcry+1","Havoc"],"picked":"Dual Wield","floor":41},{"not_picked":["Body Slam+1","Warcry+1","Havoc+1"],"picked":"Singing Bowl","floor":44},{"not_picked":["Juggernaut","Disarm"],"picked":"Warcry","floor":46},{"not_picked":["Twin Strike","Pommel Strike+1","Armaments"],"picked":"Singing Bowl","floor":47}],"player_experience":879294,"relics_obtained":[{"floor":9,"key":"Centennial Puzzle"},{"floor":26,"key":"Letter Opener"},{"floor":39,"key":"The Courier"},{"floor":43,"key":"Singing Bowl"}],"event_choices":[{"damage_healed":0,"gold_gain":0,"player_choice":"Donut","damage_taken":0,"max_hp_gain":5,"max_hp_loss":0,"event_name":"Big Fish","floor":3,"gold_loss":0},{"cards_removed":["Bash"],"damage_healed":0,"gold_gain":0,"player_choice":"Took Card","damage_taken":0,"max_hp_gain":0,"max_hp_loss":0,"event_name":"NoteForYourself","floor":5,"gold_loss":0,"cards_obtained":["Bash"]},{"damage_healed":0,"gold_gain":0,"player_choice":"Ignored","damage_taken":0,"max_hp_gain":0,"max_hp_loss":0,"event_name":"Vampires","floor":20,"gold_loss":0},{"damage_healed":0,"gold_gain":0,"player_choice":"Read","damage_taken":0,"max_hp_gain":0,"max_hp_loss":0,"event_name":"The Library","floor":28,"gold_loss":0,"cards_obtained":["Clash"]},{"damage_healed":0,"gold_gain":0,"player_choice":"Upgraded","damage_taken":0,"max_hp_gain":0,"max_hp_loss":0,"event_name":"Upgrade Shrine","floor":31,"gold_loss":0,"cards_upgraded":["Limit Break"]},{"damage_healed":0,"gold_gain":0,"player_choice":"Ignored","damage_taken":0,"max_hp_gain":0,"max_hp_loss":0,"event_name":"Mysterious Sphere","floor":37,"gold_loss":0},{"damage_healed":78,"gold_gain":0,"player_choice":"Heal","damage_taken":0,"max_hp_gain":0,"max_hp_loss":11,"event_name":"The Moai Head","floor":48,"gold_loss":0}],"is_beta":false,"boss_relics":[{"not_picked":["Coffee Dripper","Mark of Pain"],"picked":"Pandora\u0027s Box"},{"not_picked":["Black Blood","Philosopher\u0027s Stone"],"picked":"Empty Cage"}],"items_purged_floors":[],"is_endless":false,"potions_floor_spawned":[4,6,10,16,18,27,33,41,47],"killed_by":"Awakened One","ascension_level":0}