{"path_per_floor":["M","?","M","$","M","R","?","M","T","R","$","M","?","M","R","B",null,"M","M","?","$","M","R","M","?","T","$","M","?","M","?","R"],"character_chosen":"THE_SILENT","items_purchased":["Slice","Catalyst","Acrobatics"],"gold_per_floor":[109,109,125,5,23,23,23,36,36,36,36,52,52,66,66,164,164,178,190,190,22,37,37,52,52,52,5,19,19,29,29,29],"floor_reached":33,"campfire_rested":2,"playtime":1846,"current_hp_per_floor":[70,70,70,70,70,70,70,69,69,69,69,69,62,62,62,57,70,58,51,51,51,38,59,38,38,38,38,29,29,23,23,44],"items_purged":["Strike_G","Concentrate"],"gold":29,"score":239,"play_id":"bba7e177-9313-4320-a38a-2af886f50839","local_time":"20180311005339","is_prod":false,"is_daily":false,"is_ascension_mode":false,"campfire_upgraded":3,"timestamp":1520729619,"path_taken":["M","?","M","$","M","R","?","?","T","R","$","M","?","M","R","BOSS","M","M","?","$","M","R","M","?","T","?","?","?","M","?","R","BOSS"],"build_version":"2018-03-09","purchased_purges":2,"victory":false,"master_deck":["Survivor","Neutralize+1","Backstab","Escape Plan+1","Slice","Deadly Poison+1","Slice","Caltrops","Terror+1","Glass Knife","Deflect","Dodge and Roll","Flying Knee","Skewer","Caltrops","Dagger Spray","Deadly Poison","Cloak And Dagger","Blur","Writhe","Catalyst","Dodge and Roll","Poisoned Stab","Acrobatics","Backflip"],"max_hp_per_floor":[70,70,70,70,70,70,70,70,70,70,70,70,70,70,70,70,70,70,70,70,70,70,70,70,70,70,70,70,70,70,70,70],"relics":["Ring of the Snake","Torii","Pandora\u0027s Box","Meat on the Bone","Ancient Tea Set"],"card_choices":[{"not_picked":["Finisher","Eviscerate"],"picked":"Backstab"},{"not_picked":["Slice","PiercingWail"],"picked":"Escape Plan"},{"not_picked":["Slice","Phantasmal Killer"],"picked":"Deadly Poison"},{"not_picked":["Eviscerate","Sucker Punch"],"picked":"Slice"},{"not_picked":["PiercingWail","Deadly Poison"],"picked":"Caltrops"},{"not_picked":["Outmaneuver","Prepared"],"picked":"Terror"},{"not_picked":["Doppelganger","Venomology"],"picked":"Glass Knife"},{"not_picked":["Reflex","Deadly Poison"],"picked":"Cloak And Dagger"},{"not_picked":["Sucker Punch","Acrobatics"],"picked":"Blur"},{"not_picked":["Terror","Blur"],"picked":"Dodge and Roll"},{"not_picked":["Caltrops","Dagger Spray"],"picked":"Poisoned Stab"},{"not_picked":["Catalyst","Bane"],"picked":"Backflip"}],"player_experience":84594,"potions_floor_usage":[12,14,22,30,33],"damage_taken":[{"damage":0,"enemies":"Cultist","floor":1,"turns":4},{"damage":0,"enemies":"2 Louse","floor":3,"turns":2},{"damage":0,"enemies":"Jaw Worm","floor":5,"turns":3},{"damage":1,"enemies":"Lots of Slimes","floor":8,"turns":5},{"damage":0,"enemies":"Large Slime","floor":12,"turns":2},{"damage":0,"enemies":"2 Fungi Beasts","floor":14,"turns":3},{"damage":5,"enemies":"Hexaghost","floor":16,"turns":9},{"damage":12,"enemies":"Spheric Guardian","floor":18,"turns":5},{"damage":7,"enemies":"Shell Parasite","floor":19,"turns":3},{"damage":34,"enemies":"Snecko","floor":22,"turns":6},{"damage":33,"enemies":"Centurion and Healer","floor":24,"turns":5},{"damage":21,"enemies":"Snake Plant","floor":28,"turns":2},{"damage":18,"enemies":"Slaver and Parasite","floor":30,"turns":5},{"damage":44,"enemies":"Collector","floor":33,"turns":5}],"event_choices":[{"event_name":"The Lab","player_choice":"Got Potions","floor":2,"damage_taken":0},{"event_name":"Accursed Blacksmith","player_choice":"Forge","floor":7,"damage_taken":0},{"event_name":"Golden Wing","player_choice":"Card Removal","floor":13,"damage_taken":0},{"event_name":"The Mausoleum","player_choice":"Yes","floor":20,"damage_taken":0},{"event_name":"Drug Dealer","player_choice":"Ignored","floor":25,"damage_taken":0},{"event_name":"Beggar","player_choice":"Ignored","floor":29,"damage_taken":0},{"event_name":"Addict","player_choice":"Ignored","floor":31,"damage_taken":0}],"boss_relics":[{"not_picked":["Philosopher\u0027s Stone","Runic Dome"],"picked":"Pandora\u0027s Box"}],"potions_floor_spawned":[1,19,30],"seed_played":"1139974513100717773","killed_by":"Collector","ascension_level":0,"is_trial":false}