{"gold_per_floor":[110,42,217,99,110,110,139,139,166,181,17,17,37,72,72,168,218,236,25,24,39,59,59,59,78,125,125,152,152,165,165,165,262,262,277,73,73,93,106,106,328,71,71,89,105,123,123,143,143,143],"floor_reached":51,"playtime":3725,"items_purged":["Doubt","Strike_G","Strike_G","Strike_G"],"score":843,"play_id":"86a2b1dc-9c80-4042-b6e8-cc397561aeaf","local_time":"20181025011808","is_ascension_mode":true,"campfire_choices":[{"data":"Footwork","floor":6,"key":"SMITH"},{"data":"Noxious Fumes","floor":8,"key":"SMITH"},{"floor":15,"key":"REST"},{"data":"Noxious Fumes","floor":23,"key":"SMITH"},{"data":"Footwork","floor":27,"key":"SMITH"},{"floor":32,"key":"REST"},{"floor":40,"key":"REST"},{"floor":47,"key":"REST"},{"floor":49,"key":"REST"}],"neow_cost":"NONE","seed_source_timestamp":1285555588927533,"circlet_count":0,"master_deck":["Defend_G","Defend_G","Defend_G","Defend_G","Defend_G","Strike_G+1","Survivor","Neutralize","Adrenaline","Noxious Fumes+1","Footwork+1","Noxious Fumes+1","Catalyst","Caltrops","Dodge and Roll","Backflip","Leg Sweep+1","Tools of the Trade","PiercingWail","Noxious Fumes+1","Leg Sweep","Footwork+1","Backstab","Crippling Poison","Leg Sweep","Leg Sweep","Malaise","Footwork+1","Escape Plan","Escape Plan+1","Escape Plan","Catalyst+1","Bouncing Flask+1"],"relics":["Ring of the Snake","Gambling Chip","Meat on the Bone","Omamori","FossilizedHelix","Tiny House","Bag of Marbles","Red Mask","White Beast Statue","Matryoshka"],"potions_floor_usage":[50],"damage_taken":[{"damage":0,"enemies":"Small Slimes","floor":1,"turns":5},{"damage":0,"enemies":"Cultist","floor":5,"turns":4},{"damage":7,"enemies":"3 Sentries","floor":7,"turns":9},{"damage":6,"enemies":"2 Louse","floor":10,"turns":3},{"damage":9,"enemies":"Exordium Wildlife","floor":13,"turns":4},{"damage":5,"enemies":"Lagavulin","floor":14,"turns":7},{"damage":8,"enemies":"Hexaghost","floor":16,"turns":8},{"damage":12,"enemies":"3 Byrds","floor":18,"turns":3},{"damage":26,"enemies":"2 Thieves","floor":20,"turns":5},{"damage":23,"enemies":"Shelled Parasite and Fungi","floor":21,"turns":5},{"damage":0,"enemies":"Chosen and Byrds","floor":22,"turns":6},{"damage":0,"enemies":"Snecko","floor":25,"turns":8},{"damage":35,"enemies":"Masked Bandits","floor":28,"turns":6},{"damage":0,"enemies":"Sentry and Sphere","floor":30,"turns":5},{"damage":23,"enemies":"Automaton","floor":33,"turns":9},{"damage":0,"enemies":"Orb Walker","floor":35,"turns":6},{"damage":25,"enemies":"3 Darklings","floor":38,"turns":5},{"damage":26,"enemies":"Sphere and 2 Shapes","floor":39,"turns":6},{"damage":8,"enemies":"Jaw Worm Horde","floor":44,"turns":6},{"damage":9,"enemies":"Spire Growth","floor":45,"turns":8},{"damage":24,"enemies":"Sphere and 2 Shapes","floor":46,"turns":6},{"damage":7,"enemies":"Maw","floor":48,"turns":9},{"damage":13,"enemies":"Time Eater","floor":50,"turns":12}],"seed_played":"2196604033245372118","potions_obtained":[{"floor":7,"key":"SpeedPotion"},{"floor":14,"key":"Weak Potion"},{"floor":16,"key":"Ancient Potion"},{"floor":39,"key":"Energy Potion"}],"is_trial":false,"path_per_floor":["M","$","?","?","M","R","E","R","T","M","$","?","M","E","R","B",null,"M","$","M","M","M","R","?","M","T","R","?","?","M","?","R","B",null,"M","$","?","M","M","R","?","$","T","M","M","M","R","M","R","B"],"character_chosen":"THE_SILENT","items_purchased":["Footwork","Caltrops","Dodge and Roll","Noxious Fumes","Leg Sweep","Escape Plan","Escape Plan","GhostInAJar"],"campfire_rested":5,"item_purchase_floors":[2,11,11,19,19,36,42,42],"current_hp_per_floor":[70,70,70,70,70,70,63,63,63,57,57,57,48,43,64,56,72,60,60,46,35,47,47,47,47,47,47,24,24,36,36,58,47,68,68,68,68,43,29,51,51,51,51,43,46,34,56,49,71,58],"gold":143,"neow_bonus":"ONE_RANDOM_RARE_CARD","is_prod":false,"is_daily":false,"chose_seed":false,"campfire_upgraded":4,"win_rate":0,"timestamp":1540444688,"path_taken":["M","$","?","?","M","R","E","R","T","?","$","?","M","E","R","BOSS","M","$","M","M","M","R","?","M","T","R","?","?","M","?","R","BOSS","M","$","?","M","M","R","?","$","T","M","M","M","R","M","R","BOSS"],"build_version":"2018-10-18","purchased_purges":4,"victory":true,"max_hp_per_floor":[70,70,70,70,70,70,70,70,70,70,70,70,70,70,70,70,75,75,75,75,75,75,75,75,75,75,75,75,75,75,75,75,75,75,75,75,75,75,75,75,75,75,75,75,75,75,75,75,75,75],"card_choices":[{"not_picked":["Backflip","Cloak And Dagger"],"picked":"Noxious Fumes","floor":1},{"not_picked":["Deflect","Accuracy","Riddle With Holes"],"picked":"SKIP","floor":5},{"not_picked":["Blur","Poisoned Stab"],"picked":"Noxious Fumes","floor":7},{"not_picked":["Acrobatics","Poisoned Stab"],"picked":"Catalyst","floor":10},{"not_picked":["Dagger Throw","Distraction"],"picked":"Backflip","floor":13},{"not_picked":["Blur","PiercingWail"],"picked":"Leg Sweep","floor":14},{"not_picked":["Grand Finale","Storm of Steel"],"picked":"Tools of the Trade","floor":16},{"not_picked":["Cloak And Dagger","Outmaneuver"],"picked":"PiercingWail","floor":17},{"not_picked":["Endless Agony","Cloak And Dagger","Distraction"],"picked":"SKIP","floor":18},{"not_picked":["Prepared+1","Accuracy"],"picked":"Footwork","floor":20},{"not_picked":["Reflex","Masterful Stab"],"picked":"Backstab","floor":21},{"not_picked":["Sucker Punch","Blade Dance+1","Well Laid Plans"],"picked":"SKIP","floor":22},{"not_picked":["Acrobatics","Slice","Sucker Punch"],"picked":"SKIP","floor":25},{"not_picked":["Bouncing Flask","Quick Slash"],"picked":"Crippling Poison","floor":28},{"not_picked":["Flying Knee+1","Deadly Poison"],"picked":"Leg Sweep","floor":30},{"not_picked":["Grand Finale","Wraith Form v2"],"picked":"Malaise","floor":33},{"not_picked":["Blur","Bouncing Flask+1"],"picked":"Footwork+1","floor":35},{"not_picked":["Blade Dance+1","Dash","Infinite Blades"],"picked":"SKIP","floor":38},{"not_picked":["PiercingWail+1","Dodge and Roll+1"],"picked":"Escape Plan+1","floor":39},{"not_picked":["Poisoned Stab+1","Outmaneuver","Flechettes"],"picked":"SKIP","floor":44},{"not_picked":["Eviscerate","Flying Knee","Expertise"],"picked":"SKIP","floor":45},{"not_picked":["Poisoned Stab","Tools of the Trade"],"picked":"Catalyst+1","floor":46},{"not_picked":["Flying Knee","Dagger Spray+1"],"picked":"Bouncing Flask+1","floor":48}],"player_experience":684062,"relics_obtained":[{"floor":7,"key":"Meat on the Bone"},{"floor":9,"key":"Omamori"},{"floor":14,"key":"FossilizedHelix"},{"floor":26,"key":"Bag of Marbles"},{"floor":28,"key":"Red Mask"},{"floor":43,"key":"Matryoshka"}],"event_choices":[{"damage_healed":0,"gold_gain":175,"player_choice":"AGREE","damage_taken":0,"max_hp_gain":0,"max_hp_loss":0,"event_name":"Liars Game","floor":3,"gold_loss":0,"cards_obtained":["Doubt"]},{"damage_healed":0,"gold_gain":0,"player_choice":"Paid Gold","damage_taken":0,"relics_obtained":["Gambling Chip"],"max_hp_gain":0,"max_hp_loss":0,"event_name":"WeMeetAgain","floor":4,"gold_loss":118},{"damage_healed":0,"gold_gain":0,"player_choice":"Grow","damage_taken":0,"max_hp_gain":0,"max_hp_loss":0,"event_name":"Living Wall","floor":12,"gold_loss":0,"cards_upgraded":["Noxious Fumes"]},{"damage_healed":0,"gold_gain":0,"player_choice":"Fought Bandits","damage_taken":0,"max_hp_gain":0,"max_hp_loss":0,"event_name":"Masked Bandits","floor":28,"gold_loss":0},{"damage_healed":0,"gold_gain":0,"player_choice":"Forge","damage_taken":0,"max_hp_gain":0,"max_hp_loss":0,"event_name":"Accursed Blacksmith","floor":29,"gold_loss":0,"cards_upgraded":["Leg Sweep"]},{"damage_healed":0,"gold_gain":0,"player_choice":"Read","damage_taken":0,"max_hp_gain":0,"max_hp_loss":0,"event_name":"The Library","floor":31,"gold_loss":0,"cards_obtained":["Leg Sweep"]},{"cards_removed":["Strike_G"],"damage_healed":0,"gold_gain":0,"player_choice":"Removed Attack","damage_taken":0,"max_hp_gain":0,"max_hp_loss":0,"event_name":"Falling","floor":37,"gold_loss":0},{"damage_healed":0,"gold_gain":222,"player_choice":"Wore Mask","damage_taken":0,"max_hp_gain":0,"max_hp_loss":0,"event_name":"Tomb of Lord Red Mask","floor":41,"gold_loss":0}],"is_beta":false,"boss_relics":[{"not_picked":["Ectoplasm","Coffee Dripper"],"picked":"Tiny House"},{"not_picked":["Runic Dome","Black Star"],"picked":"White Beast Statue"}],"items_purged_floors":[11,19,36,42],"is_endless":false,"potions_floor_spawned":[7,14,16,20,22,33,35,38,39,44,45,46,48],"ascension_level":5}