{"path_per_floor":["M","?","$","M","M","?","M","?","T","?","?","M","M","M","R","B",null,"M","?","$","?","?","R","E","M","T","M","?","R","M","M","R"],"character_chosen":"IRONCLAD","items_purchased":["Battle Trance","Anchor","Thunderclap","Seeing Red"],"gold_per_floor":[113,113,46,65,84,84,108,108,108,108,108,126,141,157,157,283,283,307,307,38,38,38,38,69,85,85,99,49,49,69,84,84],"floor_reached":33,"campfire_rested":3,"playtime":1043,"current_hp_per_floor":[69,51,51,45,50,50,53,53,60,60,44,50,50,45,69,32,69,57,57,57,57,57,57,57,40,40,7,7,31,25,8,32],"items_purged":[],"gold":84,"score":350,"play_id":"a4306174-7c80-454a-a166-c6412c8bd948","local_time":"20180318212817","is_prod":false,"is_daily":false,"is_ascension_mode":true,"campfire_upgraded":1,"timestamp":1521426497,"path_taken":["M","?","$","M","M","?","?","?","T","?","?","M","M","M","R","BOSS","M","?","?","?","?","R","E","M","T","?","?","R","M","?","R","BOSS"],"build_version":"2018-03-15v3","purchased_purges":0,"victory":false,"master_deck":["Strike_R+1","Strike_R+1","Strike_R+1","Strike_R+1","Defend_R+1","Defend_R+1","Defend_R+1","Defend_R+1","Bash","Whirlwind+1","Battle Trance","Shrug It Off","Perfected Strike+1","Pommel Strike","Iron Wave","Demon Form","Infernal Blade+1","Thunderclap","Seeing Red","Perfected Strike+1","Flex","Perfected Strike"],"max_hp_per_floor":[80,80,80,80,80,74,74,74,81,81,81,81,81,81,81,81,81,81,81,81,81,81,81,81,81,81,81,81,81,81,81,81],"relics":["Burning Blood","Letter Opener","Golden Idol","Prayer Wheel","Strawberry","Lizard Tail","Anchor","Ancient Tea Set","Centennial Puzzle"],"card_choices":[{"not_picked":["Clash","Hemokinesis"],"picked":"Whirlwind"},{"not_picked":["Armaments","Battle Trance"],"picked":"Shrug It Off"},{"not_picked":["Headbutt","Warcry"],"picked":"Perfected Strike"},{"not_picked":["Body Slam","Corruption"],"picked":"Pommel Strike"},{"not_picked":["Evolve","Body Slam"],"picked":"Iron Wave"},{"not_picked":["Exhume","Dark Embrace"],"picked":"Demon Form"},{"not_picked":["Rage","Warcry"],"picked":"Infernal Blade"},{"not_picked":["Ghostly Armor","Second Wind"],"picked":"Flex"},{"not_picked":["Thunderclap","Shrug It Off"],"picked":"Perfected Strike"}],"player_experience":315797,"potions_floor_usage":[33],"damage_taken":[{"damage":9.0,"enemies":"Jaw Worm","floor":1.0,"turns":4.0},{"damage":12.0,"enemies":"Small Slimes","floor":4.0,"turns":2.0},{"damage":1.0,"enemies":"Cultist","floor":5.0,"turns":3.0},{"damage":3.0,"enemies":"Blue Slaver","floor":7.0,"turns":5.0},{"damage":0.0,"enemies":"Large Slime","floor":12.0,"turns":5.0},{"damage":6.0,"enemies":"Red Slaver","floor":13.0,"turns":4.0},{"damage":11.0,"enemies":"Exordium Wildlife","floor":14.0,"turns":5.0},{"damage":43.0,"enemies":"Slime Boss","floor":16.0,"turns":11.0},{"damage":18.0,"enemies":"Spheric Guardian","floor":18.0,"turns":5.0},{"damage":6.0,"enemies":"Gremlin Leader","floor":24.0,"turns":6.0},{"damage":23.0,"enemies":"2 Thieves","floor":25.0,"turns":3.0},{"damage":39.0,"enemies":"Slaver and Parasite","floor":27.0,"turns":5.0},{"damage":12.0,"enemies":"Chosen and Byrds","floor":30.0,"turns":5.0},{"damage":23.0,"enemies":"Snecko","floor":31.0,"turns":4.0},{"damage":92,"enemies":"Champ","floor":33,"turns":9}],"event_choices":[{"event_name":"Scrap Ooze","player_choice":"success","floor":2.0,"damage_taken":18.0},{"event_name":"Golden Idol","player_choice":"Lose Max HP","floor":6.0,"damage_taken":0.0},{"event_name":"Dead Adventurer","player_choice":"Searched \u00271\u0027 times","floor":8.0,"damage_taken":0.0},{"event_name":"Living Wall","player_choice":"Grow","floor":10.0,"damage_taken":0.0},{"event_name":"Shining Light","player_choice":"Entered Light","floor":11.0,"damage_taken":0.0},{"event_name":"Addict","player_choice":"Ignored","floor":19.0,"damage_taken":0.0},{"event_name":"Match and Keep!","player_choice":"1 cards matched","floor":21.0,"damage_taken":0.0},{"event_name":"Back to Basics","player_choice":"Simplicity","floor":22.0,"damage_taken":0.0},{"event_name":"The Joust","player_choice":"Bet on Murderer","floor":28.0,"damage_taken":0.0}],"boss_relics":[],"potions_floor_spawned":[1,5,7,14,16,18,25,30,31],"seed_played":"-4524471530988259663","killed_by":"Champ","ascension_level":7,"is_trial":false}