{"path_per_floor":["M","$","?","M","M","R","?","E","T","M","?","?","$","M","R","B",null,"M","?","$","M","$","R","M"],"character_chosen":"IRONCLAD","items_purchased":["Flex","Cleave","Inflame","Shrug It Off"],"gold_per_floor":[113,16,16,30,40,40,40,74,98,109,109,109,37,51,51,150,150,162,162,36,46,46,46,57,57],"floor_reached":25,"campfire_rested":1,"playtime":1298,"current_hp_per_floor":[78,78,78,80,80,80,73,61,61,61,61,61,61,48,48,15,64,41,25,25,12,12,36,8,40],"items_purged":["Perfected Strike"],"gold":57,"score":261,"play_id":"e9d73bf2-2318-450b-953d-e5777699e86f","local_time":"20180417213351","is_prod":false,"is_daily":false,"chose_seed":false,"is_ascension_mode":true,"campfire_upgraded":2,"timestamp":1524015231,"path_taken":["M","$","?","M","M","R","?","E","T","M","?","?","$","M","R","BOSS","M","?","$","M","$","R","M","M"],"build_version":"2018-04-12","seed_source_timestamp":284802119703899,"purchased_purges":1,"victory":false,"master_deck":["Strike_R","Strike_R","Strike_R","Defend_R","Defend_R","Defend_R","Defend_R","Bash","Twin Strike","Flex+1","Cleave","Finesse","Battle Trance","Dual Wield+1","Inflame","Inflame","True Grit","Offering","Shrug It Off","Twin Strike","Shrug It Off"],"max_hp_per_floor":[80,80,80,80,80,80,80,80,80,80,80,80,80,80,80,80,80,80,80,80,80,80,80,80,80],"relics":["Burning Blood","NeowsBlessing","Ancient Tea Set","Oddly Smooth Stone","Lizard Tail","Enchiridion"],"card_choices":[{"not_picked":["Sword Boomerang","Armaments"],"picked":"Twin Strike","floor":1},{"not_picked":["Infernal Blade","Body Slam"],"picked":"Battle Trance","floor":5},{"not_picked":["Shockwave","Blood for Blood"],"picked":"Dual Wield","floor":8},{"not_picked":["Twin Strike","Pommel Strike"],"picked":"Inflame","floor":10},{"not_picked":["Clash","Cleave"],"picked":"True Grit","floor":14},{"not_picked":["Dark Embrace","Barricade"],"picked":"Offering","floor":16},{"not_picked":["Sever Soul","Twin Strike"],"picked":"Perfected Strike","floor":18},{"not_picked":["True Grit","Thunderclap"],"picked":"Twin Strike","floor":21},{"not_picked":["Shockwave","Pummel"],"picked":"Shrug It Off","floor":24}],"player_experience":472455,"potions_floor_usage":[16,16,21],"damage_taken":[{"damage":0,"enemies":"2 Louse","floor":1,"turns":1},{"damage":0,"enemies":"Cultist","floor":4,"turns":1},{"damage":0,"enemies":"Jaw Worm","floor":5,"turns":1},{"damage":18,"enemies":"Gremlin Nob","floor":8,"turns":3},{"damage":6,"enemies":"3 Louse","floor":10,"turns":3},{"damage":19,"enemies":"Looter","floor":14,"turns":3},{"damage":39,"enemies":"The Guardian","floor":16,"turns":13},{"damage":29,"enemies":"Shell Parasite","floor":18,"turns":7},{"damage":19,"enemies":"Chosen","floor":21,"turns":8},{"damage":34,"enemies":"Snake Plant","floor":24,"turns":4},{"damage":11,"enemies":"Slaver and Parasite","floor":25,"turns":2}],"event_choices":[{"event_name":"Match and Keep!","player_choice":"1 cards matched","floor":3,"damage_taken":0},{"event_name":"Golden Wing","player_choice":"Card Removal","floor":7,"damage_taken":0},{"event_name":"Bonfire Elementals","player_choice":"BASIC","floor":11,"damage_taken":0},{"event_name":"The Woman in Blue","player_choice":"Bought 0 Potions","floor":12,"damage_taken":0},{"event_name":"Cursed Tome","player_choice":"Obtained Book","floor":19,"damage_taken":0}],"boss_relics":[{"not_picked":["Philosopher\u0027s Stone","Black Star"],"picked":"Lizard Tail"}],"potions_floor_spawned":[5,8,16,24],"seed_played":"-1383538495720885554","killed_by":"Slaver and Parasite","ascension_level":6,"is_trial":false}