{"gold_per_floor":[109,109,121,131,131,131,174,174,174,189,202,222,14,14,14,135,135,148,10,10,31,51,51,66,66,144,185,208,208],"floor_reached":29,"playtime":2045,"items_purged":["Decay"],"score":247,"play_id":"e1629132-8eca-4a0a-b3a7-7e0cd327deae","local_time":"20181110174455","is_ascension_mode":false,"campfire_choices":[{"data":"Gash","floor":6,"key":"SMITH"},{"floor":15,"key":"REST"},{"data":"Defragment","floor":23,"key":"SMITH"},{"data":"Chaos","floor":25,"key":"SMITH"}],"neow_cost":"NONE","seed_source_timestamp":430627394739108,"circlet_count":0,"master_deck":["Strike_B","Strike_B","Strike_B","Strike_B","Defend_B","Defend_B","Defend_B","Zap","Dualcast","Purity","Capacitor","Core Surge","Chill","Gash+1","Auto Shields","Coolheaded","Rip and Tear+1","Reinforced Body","Self Repair+1","Ball Lightning+1","Streamline+1","Thunder Strike+1","Gash+1","Defragment+1","Lockon+1","Go for the Eyes+1","Redo+1","Chaos+1","Beam Cell+1","Rip and Tear+1"],"relics":["Cracked Core","Golden Idol","Kunai","Molten Egg 2","Runic Pyramid","Tiny Chest","Lantern"],"potions_floor_usage":[7,12,21,21,27,27],"damage_taken":[{"damage":1,"enemies":"Cultist","floor":1,"turns":3},{"damage":6,"enemies":"2 Louse","floor":3,"turns":2},{"damage":6,"enemies":"Jaw Worm","floor":4,"turns":3},{"damage":28,"enemies":"Lagavulin","floor":7,"turns":6},{"damage":4,"enemies":"Red Slaver","floor":10,"turns":3},{"damage":7,"enemies":"Exordium Wildlife","floor":11,"turns":4},{"damage":0,"enemies":"Lots of Slimes","floor":12,"turns":4},{"damage":5,"enemies":"Hexaghost","floor":16,"turns":9},{"damage":21,"enemies":"2 Thieves","floor":18,"turns":4},{"damage":10,"enemies":"Spheric Guardian","floor":21,"turns":3},{"damage":3,"enemies":"Cultist and Chosen","floor":22,"turns":6},{"damage":8,"enemies":"Snake Plant","floor":24,"turns":4},{"damage":16,"enemies":"Gremlin Leader","floor":27,"turns":7},{"damage":26,"enemies":"Centurion and Healer","floor":28,"turns":5},{"damage":32,"enemies":"Colosseum Slavers","floor":29,"turns":3},{"damage":26,"enemies":"Colosseum Nobs","floor":29,"turns":3}],"seed_played":"-486951060130998559","potions_obtained":[{"floor":3,"key":"Block Potion"},{"floor":7,"key":"Weak Potion"},{"floor":11,"key":"SkillPotion"},{"floor":16,"key":"Explosive Potion"},{"floor":20,"key":"LiquidBronze"},{"floor":20,"key":"AttackPotion"},{"floor":21,"key":"SpeedPotion"}],"is_trial":false,"path_per_floor":["M","?","M","M","?","R","E","?","T","M","M","M","$","?","R","B",null,"M","$","?","M","M","R","M","R","T","E","M","?"],"character_chosen":"DEFECT","items_purchased":["Self Repair","Ball Lightning+1","Streamline+1","Defragment","Lockon+1"],"campfire_rested":1,"item_purchase_floors":[13,13,13,19,19],"current_hp_per_floor":[74,74,68,62,44,44,16,16,16,12,5,5,5,5,27,32,75,64,64,64,64,71,71,63,63,63,57,41,0],"gold":208,"neow_bonus":"RANDOM_COLORLESS","is_prod":false,"is_daily":false,"chose_seed":false,"campfire_upgraded":3,"win_rate":0.0,"timestamp":1541889895,"path_taken":["M","?","M","M","?","R","E","?","T","?","M","M","$","?","R","BOSS","M","?","?","M","M","R","?","R","T","E","M","?"],"build_version":"2018-11-08","purchased_purges":1,"victory":false,"max_hp_per_floor":[75,75,75,75,75,75,75,75,75,75,75,75,75,75,75,75,75,75,75,75,75,75,75,75,75,75,75,75,75],"card_choices":[{"not_picked":["Barrage","Conserve Battery"],"picked":"Capacitor","floor":1},{"not_picked":["Cold Snap","Rip and Tear"],"picked":"Chill","floor":3},{"not_picked":["Redo","Compile Driver"],"picked":"Gash","floor":4},{"not_picked":["Turbo","Leap"],"picked":"Auto Shields","floor":7},{"not_picked":["Barrage+1","Heatsinks"],"picked":"Coolheaded","floor":10},{"not_picked":["Hologram","Rebound+1"],"picked":"Rip and Tear+1","floor":11},{"not_picked":["Steam","Conserve Battery"],"picked":"Reinforced Body","floor":12},{"not_picked":["Core Surge+1","Hyperbeam+1"],"picked":"Thunder Strike+1","floor":16},{"not_picked":["Leap","Redo"],"picked":"Gash+1","floor":18},{"not_picked":["Rip and Tear+1","Scrape+1"],"picked":"Go for the Eyes+1","floor":21},{"not_picked":["Recycle","Chill+1"],"picked":"Redo+1","floor":22},{"not_picked":["Stack","Scrape+1"],"picked":"Chaos","floor":24},{"not_picked":["Skim","Hologram"],"picked":"Beam Cell+1","floor":27},{"not_picked":["Capacitor","Hologram"],"picked":"Rip and Tear+1","floor":28}],"player_experience":158013,"relics_obtained":[{"floor":7,"key":"Kunai"},{"floor":9,"key":"Molten Egg 2"},{"floor":26,"key":"Tiny Chest"},{"floor":27,"key":"Lantern"}],"event_choices":[{"damage_healed":0,"gold_gain":0,"cards_transformed":["Defend_B"],"player_choice":"Change","damage_taken":0,"max_hp_gain":0,"max_hp_loss":0,"event_name":"Living Wall","floor":2,"gold_loss":0,"cards_obtained":["Core Surge"]},{"damage_healed":0,"gold_gain":0,"player_choice":"Take Damage","damage_taken":18,"relics_obtained":["Golden Idol"],"max_hp_gain":0,"max_hp_loss":0,"event_name":"Golden Idol","floor":5,"gold_loss":0},{"damage_healed":0,"gold_gain":0,"player_choice":"Cursed","damage_taken":0,"max_hp_gain":0,"max_hp_loss":0,"event_name":"Wheel of Change","floor":8,"gold_loss":0,"cards_obtained":["Decay"]},{"damage_healed":0,"gold_gain":0,"player_choice":"Upgraded","damage_taken":0,"max_hp_gain":0,"max_hp_loss":0,"event_name":"Upgrade Shrine","floor":14,"gold_loss":0,"cards_upgraded":["Self Repair"]},{"damage_healed":0,"gold_gain":0,"player_choice":"Got Potions","damage_taken":0,"max_hp_gain":0,"max_hp_loss":0,"event_name":"Lab","floor":20,"gold_loss":0},{"damage_healed":0,"gold_gain":0,"player_choice":"Fight","damage_taken":0,"max_hp_gain":0,"max_hp_loss":0,"event_name":"Colosseum","floor":29,"gold_loss":0},{"damage_healed":0,"gold_gain":0,"player_choice":"Fought Nobs","damage_taken":0,"max_hp_gain":0,"max_hp_loss":0,"event_name":"Colosseum","floor":29,"gold_loss":0}],"is_beta":false,"boss_relics":[{"not_picked":["Runic Dome","Eternal Feather"],"picked":"Runic Pyramid"}],"items_purged_floors":[13],"is_endless":false,"potions_floor_spawned":[3,7,11,16,21,29],"killed_by":"Colosseum Nobs","ascension_level":0}