{"path_per_floor":["M","M","$","M","M","R","E","$","T","R","E","M","M","M","R","B",null,"M","?","?","M","M","R","E","R","T","R","?","E","?","E","R","B",null,"M","?","$","?","?","R","M","M","T","M","R","?","M","M","R","B"],"character_chosen":"IRONCLAD","items_purchased":["Finesse","Secret Technique"],"gold_per_floor":[113,125,38,51,65,65,96,21,75,75,104,124,135,153,153,249,249,260,185,185,197,211,211,246,246,246,246,246,277,277,306,306,409,409,426,426,147,147,0,0,19,30,30,42,42,93,111,127,127,127],"floor_reached":51,"campfire_rested":2,"playtime":5356,"current_hp_per_floor":[61,62,62,65,63,63,52,52,52,52,38,44,48,42,42,22,66,56,56,56,54,40,40,36,36,36,60,60,57,57,52,52,37,69,71,80,80,80,80,80,58,48,48,54,54,49,51,45,69,71],"items_purged":["Strike_R","Writhe"],"gold":127,"play_id":"98632e37-bf69-4644-b290-3ecaf3944777","is_prod":false,"is_daily":false,"is_ascension_mode":true,"campfire_upgraded":8,"path_taken":["M","M","$","M","M","R","E","?","T","R","E","M","M","M","R","BOSS","M","?","?","M","M","R","E","R","T","R","?","E","?","E","R","BOSS","M","?","$","?","?","R","M","M","T","M","R","?","M","M","R","BOSS"],"build_version":"2018-02-01-PROD3","purchased_purges":3,"victory":true,"master_deck":["Offering+1","Rampage+1","Inflame","Finesse","Havoc+1","Shrug It Off+1","Sentinel","Flame Barrier+1","Impervious","Headbutt","Seeing Red+1","Barricade","Dropkick","Heavy Blade","Sword Boomerang","Power Through","Pommel Strike+1","Secret Technique+1","True Grit+1","Flame Barrier+1","Entrench+1"],"max_hp_per_floor":[80,80,80,80,80,80,80,80,80,80,80,80,80,80,80,80,80,80,80,80,80,80,80,80,80,80,80,80,80,80,80,80,80,80,80,80,80,80,80,80,80,80,80,80,80,80,80,80,80,80],"relics":["Burning Blood","Kunai","Pen Nib","Blue Candle","Runic Dome","Bronze Scales","Toolbox","War Paint","Prayer Wheel","Pandora\u0027s Box","Red Mask","Torii","Ginger"],"card_choices":[{"not_picked":["Warcry","Clothesline"],"picked":"Rampage"},{"not_picked":["Iron Wave","Fire Breathing"],"picked":"Inflame"},{"not_picked":["Warcry","Anger"],"picked":"Havoc"},{"not_picked":["Reaper","Perfected Strike"],"picked":"Shrug It Off"},{"not_picked":["Twin Strike","Clothesline"],"picked":"Sentinel"},{"not_picked":["Rampage","Clash"],"picked":"Flame Barrier"},{"not_picked":["Dark Embrace","Bludgeon"],"picked":"Impervious"},{"not_picked":["Body Slam","Evolve"],"picked":"Headbutt"},{"not_picked":["Cleave","Power Through"],"picked":"Seeing Red"},{"not_picked":["Juggernaut","Dark Embrace"],"picked":"Barricade"},{"not_picked":["Twin Strike","Second Wind"],"picked":"True Grit"},{"not_picked":["Intimidate","Clash"],"picked":"Flame Barrier"},{"not_picked":["Impervious","Anger"],"picked":"Entrench"}],"player_experience":529203,"potions_floor_usage":[13,16,16,24,24,31,46,50,50,50],"damage_taken":[{"damage":17,"enemies":"Blue Slaver","floor":1,"turns":4},{"damage":5,"enemies":"Jaw Worm","floor":2,"turns":4},{"damage":3,"enemies":"2 Louse","floor":4,"turns":5},{"damage":8,"enemies":"Exordium Thugs","floor":5,"turns":3},{"damage":17,"enemies":"Lagavulin","floor":7,"turns":7},{"damage":20,"enemies":"Gremlin Nob","floor":11,"turns":4},{"damage":0,"enemies":"3 Louse","floor":12,"turns":4},{"damage":2,"enemies":"Gremlin Gang","floor":13,"turns":3},{"damage":12,"enemies":"Lots of Slimes","floor":14,"turns":4},{"damage":26,"enemies":"Slime Boss","floor":16,"turns":9},{"damage":16,"enemies":"2 Thieves","floor":18,"turns":5},{"damage":8,"enemies":"Shell Parasite","floor":21,"turns":5},{"damage":20,"enemies":"Snake Plant","floor":22,"turns":6},{"damage":10,"enemies":"Slavers","floor":24,"turns":5},{"damage":9,"enemies":"Book of Stabbing","floor":29,"turns":4},{"damage":11,"enemies":"Slavers","floor":31,"turns":5},{"damage":21,"enemies":"Champ","floor":33,"turns":8},{"damage":4,"enemies":"3 Shapes","floor":35,"turns":4},{"damage":28,"enemies":"3 Darklings","floor":41,"turns":5},{"damage":16,"enemies":"4 Shapes","floor":42,"turns":4},{"damage":4,"enemies":"Maw","floor":44,"turns":7},{"damage":11,"enemies":"Mysterious Sphere","floor":46,"turns":6},{"damage":4,"enemies":"Sphere and 2 Shapes","floor":47,"turns":7},{"damage":12,"enemies":"4 Shapes","floor":48,"turns":9},{"damage":4,"enemies":"Awakened One","floor":50,"turns":17}],"event_choices":[{"event_name":"Beggar","player_choice":"Gave Gold","floor":19,"damage_taken":0},{"event_name":"The Lab","player_choice":"Got Potions","floor":20,"damage_taken":0},{"event_name":"Match and Keep!","player_choice":"0 cards matched","floor":28,"damage_taken":0},{"event_name":"Bonfire Elementals","player_choice":"BASIC","floor":30,"damage_taken":0},{"event_name":"Winding Halls","player_choice":"Writhe","floor":36,"damage_taken":0},{"event_name":"Tomb of Lord Red Mask","player_choice":"Paid","floor":39,"damage_taken":0},{"event_name":"Mysterious Sphere","player_choice":"Fight","floor":46,"damage_taken":0}],"boss_relics":[{"not_picked":["Calling Bell","Velvet Choker"],"picked":"Runic Dome"},{"not_picked":["Tiny House","Orrery"],"picked":"Pandora\u0027s Box"}],"potions_floor_spawned":[2,5,11,13,14,16,18,22,33,41,47,48],"seed_played":"-957243201312638347","ascension_level":9,"is_trial":false}