{"gold_per_floor":[119,269,285,285,360,360,404,404,428,428,451,482,523,523,523,619,619,619,101,101,101,101,101,101,101,101,101,101,101,101,101,101,101,101,101,101,1,1,1,1],"floor_reached":40,"playtime":1533,"items_purged":["Doubt","Strike_R"],"score":852,"play_id":"5b31572e-aa15-4b0a-ad05-034d5685d5fa","local_time":"20190301155813","is_ascension_mode":true,"campfire_choices":[{"data":"Whirlwind","floor":6.0,"key":"SMITH"},{"data":"Flex","floor":8.0,"key":"SMITH"},{"data":"Bash","floor":10.0,"key":"SMITH"},{"data":"Disarm","floor":15.0,"key":"SMITH"},{"data":"Havoc","floor":23.0,"key":"SMITH"},{"data":"Feed","floor":25.0,"key":"SMITH"},{"data":"Shrug It Off","floor":28.0,"key":"SMITH"},{"data":"Inflame","floor":30.0,"key":"SMITH"},{"data":"Flex","floor":32.0,"key":"SMITH"}],"neow_cost":"NONE","seed_source_timestamp":0,"circlet_count":0,"master_deck":["AscendersBane","Strike_R","Strike_R+1","Strike_R+1","Defend_R","Defend_R","Defend_R","Defend_R","Bash+1","Whirlwind+1","Thunderclap","Flex+1","Havoc+1","Disarm+1","Feed+1","Shrug It Off+1","Warcry","Pummel+1","Inflame+1","Flex+1","Headbutt"],"special_seed":0,"relics":["Burning Blood","NeowsBlessing","Golden Idol","StoneCalendar","PreservedInsect","Odd Mushroom","Whetstone","Blood Vial","Ectoplasm","Red Skull","Meat on the Bone","Regal Pillow","Shovel","Busted Crown"],"potions_floor_usage":[],"damage_taken":[{"damage":0.0,"enemies":"2 Louse","floor":1.0,"turns":1.0},{"damage":0.0,"enemies":"Small Slimes","floor":3.0,"turns":1.0},{"damage":0.0,"enemies":"Lagavulin","floor":7.0,"turns":1.0},{"damage":1.0,"enemies":"Cultist","floor":11.0,"turns":3.0},{"damage":12.0,"enemies":"The Mushroom Lair","floor":12.0,"turns":2.0},{"damage":8.0,"enemies":"Gremlin Nob","floor":13.0,"turns":3.0},{"damage":30.0,"enemies":"The Guardian","floor":16.0,"turns":10.0},{"damage":33.0,"enemies":"3 Byrds","floor":18.0,"turns":5.0},{"damage":16.0,"enemies":"Shell Parasite","floor":21.0,"turns":3.0},{"damage":29.0,"enemies":"Snake Plant","floor":22.0,"turns":3.0},{"damage":0.0,"enemies":"3 Cultists","floor":24.0,"turns":3.0},{"damage":35.0,"enemies":"Cultist and Chosen","floor":27.0,"turns":5.0},{"damage":17.0,"enemies":"Chosen and Byrds","floor":29.0,"turns":5.0},{"damage":5.0,"enemies":"Book of Stabbing","floor":31.0,"turns":3.0},{"damage":80.0,"enemies":"Collector","floor":33.0,"turns":9.0},{"damage":21.0,"enemies":"Orb Walker","floor":35.0,"turns":3.0},{"damage":15.0,"enemies":"3 Darklings","floor":36.0,"turns":4.0},{"damage":69,"enemies":"Reptomancer","floor":40,"turns":5}],"seed_played":"-4895249200075120481","potions_obtained":[{"floor":1.0,"key":"Dexterity Potion"},{"floor":11.0,"key":"EntropicBrew"},{"floor":21.0,"key":"SpeedPotion"},{"floor":29.0,"key":"SkillPotion"},{"floor":31.0,"key":"Regen Potion"},{"floor":33.0,"key":"Poison Potion"},{"floor":36.0,"key":"EssenceOfSteel"}],"is_trial":false,"path_per_floor":["M","?","M","?","?","R","E","R","T","R","M","?","E","T","R","B",null,"M","$","?","M","M","R","M","R","T","M","R","M","R","E","R","B",null,"M","M","$","?","?","E"],"character_chosen":"IRONCLAD","items_purchased":["Red Skull","Meat on the Bone"],"campfire_rested":0,"item_purchase_floors":[19,19],"current_hp_per_floor":[74,74,75,49,38,38,44,44,44,44,49,43,41,41,41,19,61,36,36,36,40,31,31,54,54,54,39,39,42,42,57,57,19,63,54,59,59,59,59,0],"gold":1,"neow_bonus":"THREE_ENEMY_KILL","is_prod":false,"is_daily":false,"chose_seed":false,"campfire_upgraded":9,"win_rate":0,"timestamp":1551423493,"path_taken":["M","?","M","?","?","R","E","R","T","R","M","?","E","?","R","BOSS","M","$","?","M","M","R","M","R","T","M","R","?","R","E","R","BOSS","M","M","$","?","?","E"],"build_version":"2019-01-23","purchased_purges":2,"victory":false,"max_hp_per_floor":[75,75,75,75,75,75,75,75,75,75,75,75,75,75,75,75,75,75,75,75,75,75,75,78,78,78,78,78,78,78,78,78,78,78,82,82,82,78,78,78],"card_choices":[{"not_picked":["True Grit","Body Slam"],"picked":"Whirlwind","floor":1.0},{"not_picked":["Clash","Body Slam"],"picked":"Thunderclap","floor":3.0},{"not_picked":["Exhume","Perfected Strike"],"picked":"Flex","floor":7.0},{"not_picked":["Perfected Strike","Dropkick"],"picked":"Havoc","floor":11.0},{"not_picked":["Wild Strike","Bludgeon"],"picked":"Disarm","floor":13.0},{"not_picked":["Impervious","Bludgeon"],"picked":"Feed","floor":16.0},{"not_picked":["Blood for Blood","Heavy Blade"],"picked":"Shrug It Off","floor":18.0},{"not_picked":["Clothesline","Iron Wave"],"picked":"Warcry","floor":21.0},{"not_picked":["Flame Barrier+1","Inflame"],"picked":"Pummel+1","floor":22.0},{"not_picked":["Clash","Pommel Strike","Body Slam"],"picked":"SKIP","floor":24.0},{"not_picked":["Shockwave","Burning Pact","Havoc"],"picked":"SKIP","floor":27.0},{"not_picked":["True Grit","Clash"],"picked":"Inflame","floor":29.0},{"not_picked":["Bludgeon","Burning Pact"],"picked":"Flex","floor":31.0},{"not_picked":["Fiend Fire","Juggernaut"],"picked":"Immolate","floor":33.0},{"not_picked":["Pommel Strike"],"picked":"SKIP","floor":35.0},{"not_picked":[],"picked":"Headbutt","floor":36.0}],"player_experience":973130,"relics_obtained":[{"floor":7.0,"key":"StoneCalendar"},{"floor":9.0,"key":"PreservedInsect"},{"floor":12.0,"key":"Odd Mushroom"},{"floor":13.0,"key":"Whetstone"},{"floor":14.0,"key":"Blood Vial"},{"floor":26.0,"key":"Regal Pillow"},{"floor":31.0,"key":"Shovel"}],"event_choices":[{"damage_healed":0.0,"max_hp_gain":0.0,"max_hp_loss":0.0,"gold_gain":150.0,"event_name":"Liars Game","player_choice":"AGREE","floor":2.0,"gold_loss":0.0,"damage_taken":0.0,"cards_obtained":["Doubt"]},{"damage_healed":0.0,"max_hp_gain":0.0,"max_hp_loss":0.0,"gold_gain":0.0,"event_name":"Golden Idol","player_choice":"Take Damage","floor":4.0,"gold_loss":0.0,"damage_taken":26.0,"relics_obtained":["Golden Idol"]},{"damage_healed":0.0,"max_hp_gain":0.0,"max_hp_loss":0.0,"gold_gain":75.0,"event_name":"World of Goop","player_choice":"Gather Gold","floor":5.0,"gold_loss":0.0,"damage_taken":11.0},{"damage_healed":0.0,"max_hp_gain":0.0,"max_hp_loss":0.0,"gold_gain":0.0,"event_name":"Mushrooms","player_choice":"Fought Mushrooms","floor":12.0,"gold_loss":0.0,"damage_taken":0.0},{"cards_removed":["Strike_R"],"damage_healed":0.0,"max_hp_gain":0.0,"max_hp_loss":0.0,"gold_gain":0.0,"event_name":"Bonfire Elementals","player_choice":"Offered Basic","floor":20.0,"gold_loss":0.0,"damage_taken":0.0},{"damage_healed":0.0,"max_hp_gain":0.0,"max_hp_loss":4.0,"gold_gain":0.0,"event_name":"Winding Halls","player_choice":"Max HP","floor":38.0,"gold_loss":0.0,"damage_taken":0.0},{"cards_removed":["Immolate"],"damage_healed":0.0,"max_hp_gain":0.0,"max_hp_loss":0.0,"gold_gain":0.0,"event_name":"Falling","player_choice":"Removed Attack","floor":39.0,"gold_loss":0.0,"damage_taken":0.0}],"is_beta":false,"boss_relics":[{"not_picked":["Tiny House","Snecko Eye"],"picked":"Ectoplasm"},{"not_picked":["Orrery","Lizard Tail"],"picked":"Busted Crown"}],"items_purged_floors":[19,37],"is_endless":false,"potions_floor_spawned":[1,11,13,21,29,31,33,36],"killed_by":"Reptomancer","ascension_level":19}