{"gold_per_floor":[119,119,119,135,154,182,199,199,199,199,215,215,230,180,180,282,282,296,296,324,344,26,39,39],"floor_reached":24,"playtime":1603,"items_purged":[],"score":273,"play_id":"7929e4ab-f469-4204-95df-cae64379c722","local_time":"20181201133008","is_ascension_mode":true,"campfire_choices":[{"data":"Noxious Fumes","floor":8,"key":"SMITH"},{"data":"Deadly Poison","floor":12,"key":"SMITH"},{"data":"Storm of Steel","floor":15,"key":"SMITH"}],"neow_cost":"CURSE","seed_source_timestamp":659281005367815,"circlet_count":0,"master_deck":["Defend_G","Defend_G","Defend_G","Defend_G","Defend_G","Strike_G","Strike_G+1","Strike_G","Survivor","Neutralize+1","Dagger Throw","Sucker Punch","Deadly Poison+1","Poisoned Stab","Noxious Fumes+1","Poisoned Stab","Storm of Steel+1","Venomology","Well Laid Plans","Catalyst","All Out Attack","Quick Slash","Noxious Fumes","Slice+1"],"relics":["Ring of the Snake","Bag of Marbles","Shuriken","PreservedInsect","Fusion Hammer","Red Mask","Mummified Hand"],"potions_floor_usage":[6,16,16,16,18,20,20,23,24],"damage_taken":[{"damage":1,"enemies":"Small Slimes","floor":1,"turns":3},{"damage":2,"enemies":"2 Louse","floor":4,"turns":3},{"damage":4,"enemies":"Jaw Worm","floor":5,"turns":2},{"damage":14,"enemies":"3 Sentries","floor":6,"turns":12},{"damage":2,"enemies":"Large Slime","floor":7,"turns":5},{"damage":10,"enemies":"2 Fungi Beasts","floor":11,"turns":3},{"damage":15,"enemies":"3 Louse","floor":13,"turns":3},{"damage":0,"enemies":"The Guardian","floor":16,"turns":7},{"damage":14,"enemies":"3 Byrds","floor":18,"turns":4},{"damage":18,"enemies":"Masked Bandits","floor":20,"turns":3},{"damage":11,"enemies":"2 Thieves","floor":21,"turns":4},{"damage":14,"enemies":"Snake Plant","floor":23,"turns":4},{"damage":15,"enemies":"Book of Stabbing","floor":24,"turns":3}],"seed_played":"7649019181055984110","potions_obtained":[{"floor":4,"key":"EssenceOfSteel"},{"floor":5,"key":"EssenceOfSteel"},{"floor":7,"key":"SteroidPotion"},{"floor":13,"key":"SpeedPotion"},{"floor":16,"key":"SkillPotion"},{"floor":18,"key":"PowerPotion"}],"is_trial":false,"path_per_floor":["M","?","?","M","M","E","M","R","T","?","M","R","M","?","R","B",null,"M","?","?","M","$","M","E"],"character_chosen":"THE_SILENT","items_purchased":["Noxious Fumes","Mummified Hand"],"campfire_rested":0,"item_purchase_floors":[22,22],"current_hp_per_floor":[69,55,55,53,49,35,33,33,33,33,23,23,8,8,8,8,70,56,56,38,27,27,13,0],"gold":39,"neow_bonus":"TRANSFORM_TWO_CARDS","is_prod":false,"is_daily":false,"chose_seed":false,"campfire_upgraded":3,"win_rate":0,"timestamp":1543689008,"path_taken":["M","?","?","M","M","E","M","R","T","?","M","R","?","?","R","BOSS","M","?","?","M","$","M","E"],"build_version":"2018-11-15","purchased_purges":0,"victory":false,"max_hp_per_floor":[70,70,70,70,70,70,70,70,70,70,70,70,70,70,70,70,70,70,70,70,70,70,70,70],"card_choices":[{"not_picked":["Cloak And Dagger","Infinite Blades"],"picked":"Deadly Poison","floor":1},{"not_picked":["Backflip","Underhanded Strike"],"picked":"Poisoned Stab","floor":4},{"not_picked":["Concentrate","Accuracy","Prepared"],"picked":"SKIP","floor":5},{"not_picked":["Accuracy","Caltrops"],"picked":"Noxious Fumes","floor":6},{"not_picked":["Cloak And Dagger","Prepared"],"picked":"Poisoned Stab","floor":7},{"not_picked":["Calculated Gamble","Prepared","Setup"],"picked":"SKIP","floor":11},{"not_picked":["Outmaneuver","Underhanded Strike"],"picked":"Storm of Steel","floor":13},{"not_picked":["Night Terror","Glass Knife"],"picked":"Venomology","floor":16},{"not_picked":["Blur+1","Flying Knee+1"],"picked":"Well Laid Plans","floor":18},{"not_picked":["Cloak And Dagger","Deflect"],"picked":"All Out Attack","floor":20},{"not_picked":["Dagger Spray","Cloak And Dagger"],"picked":"Quick Slash","floor":21},{"not_picked":["Wraith Form v2","Underhanded Strike+1"],"picked":"Slice+1","floor":23}],"player_experience":205506,"relics_obtained":[{"floor":6,"key":"Shuriken"},{"floor":9,"key":"PreservedInsect"},{"floor":20,"key":"Red Mask"}],"event_choices":[{"damage_healed":0,"gold_gain":0,"player_choice":"Entered Light","damage_taken":14,"max_hp_gain":0,"max_hp_loss":0,"event_name":"Shining Light","floor":2,"gold_loss":0,"cards_upgraded":["Strike_G","Neutralize"]},{"damage_healed":0,"gold_gain":0,"player_choice":"Box","damage_taken":0,"relics_obtained":["Bag of Marbles"],"max_hp_gain":0,"max_hp_loss":0,"event_name":"Big Fish","floor":3,"gold_loss":0,"cards_obtained":["Regret"]},{"cards_removed":["Regret"],"damage_healed":0,"gold_gain":0,"player_choice":"Forget","damage_taken":0,"max_hp_gain":0,"max_hp_loss":0,"event_name":"Living Wall","floor":10,"gold_loss":0},{"cards_removed":["Writhe"],"damage_healed":0,"gold_gain":0,"player_choice":"Card Removal","damage_taken":0,"max_hp_gain":0,"max_hp_loss":0,"event_name":"The Cleric","floor":14,"gold_loss":50},{"damage_healed":0,"gold_gain":0,"player_choice":"Read","damage_taken":0,"max_hp_gain":0,"max_hp_loss":0,"event_name":"The Library","floor":19,"gold_loss":0,"cards_obtained":["Catalyst"]},{"damage_healed":0,"gold_gain":0,"player_choice":"Fought Bandits","damage_taken":0,"max_hp_gain":0,"max_hp_loss":0,"event_name":"Masked Bandits","floor":20,"gold_loss":0}],"is_beta":false,"boss_relics":[{"not_picked":["Runic Pyramid","Velvet Choker"],"picked":"Fusion Hammer"}],"items_purged_floors":[],"is_endless":false,"potions_floor_spawned":[4,5,7,13,16,18],"killed_by":"Book of Stabbing","ascension_level":2}