{"gold_per_floor":[368,380,75,75,75,101,101,132,132,132,142,170,184,214,214,292,292,307,75,92,92,109,144,144,173,197,177,211,211,221,247,247,247],"floor_reached":33,"playtime":2579,"items_purged":["Strike_B","Strike_B"],"score":802,"play_id":"82c7dafa-81e9-4b9d-a2cd-addf1963c227","local_time":"20181225104945","is_ascension_mode":true,"campfire_choices":[{"floor":7,"key":"REST"},{"floor":10,"key":"REST"},{"floor":15,"key":"REST"},{"data":"Coolheaded","floor":24,"key":"SMITH"},{"data":"Blizzard","floor":29,"key":"SMITH"},{"data":"Coolheaded","floor":32,"key":"SMITH"}],"neow_cost":"PERCENT_DAMAGE","seed_source_timestamp":314130704296808,"circlet_count":0,"master_deck":["AscendersBane","Strike_B","Strike_B","Defend_B","Defend_B","Defend_B","Defend_B","Zap+1","Dualcast","Conserve Battery","Cold Snap","BootSequence","Glacier","Cold Snap","Ball Lightning","Hologram","Compile Driver","Blizzard+1","Electrodynamics","Coolheaded+1","Chill","Dark Shackles","Compile Driver","Ghostly","Ghostly","Ghostly","Compile Driver+1","Seek","Cold Snap","Coolheaded+1"],"relics":["Cracked Core","DataDisk","Potion Belt","Bag of Marbles","Letter Opener","Dream Catcher","Sozu","Anchor","Cables","Happy Flower","Symbiotic Virus","WingedGreaves"],"potions_floor_usage":[6,16,31],"damage_taken":[{"damage":12,"enemies":"Jaw Worm","floor":1,"turns":3},{"damage":0,"enemies":"2 Louse","floor":2,"turns":3},{"damage":30,"enemies":"Gremlin Nob","floor":6,"turns":4},{"damage":11,"enemies":"Lagavulin","floor":8,"turns":10},{"damage":0,"enemies":"Cultist","floor":11,"turns":2},{"damage":28,"enemies":"Gremlin Nob","floor":12,"turns":4},{"damage":0,"enemies":"3 Louse","floor":13,"turns":3},{"damage":3,"enemies":"3 Sentries","floor":14,"turns":8},{"damage":23,"enemies":"Slime Boss","floor":16,"turns":14},{"damage":0,"enemies":"Spheric Guardian","floor":18,"turns":3},{"damage":9,"enemies":"2 Thieves","floor":20,"turns":4},{"damage":8,"enemies":"Shelled Parasite and Fungi","floor":22,"turns":7},{"damage":1,"enemies":"Slavers","floor":23,"turns":4},{"damage":0,"enemies":"Gremlin Leader","floor":25,"turns":5},{"damage":0,"enemies":"Slavers","floor":28,"turns":4},{"damage":0,"enemies":"Centurion and Healer","floor":30,"turns":3},{"damage":3,"enemies":"Book of Stabbing","floor":31,"turns":5},{"damage":40,"enemies":"Collector","floor":33,"turns":9}],"seed_played":"764187989866341014","potions_obtained":[{"floor":6,"key":"Explosive Potion"},{"floor":12,"key":"Block Potion"},{"floor":14,"key":"Regen Potion"}],"is_trial":false,"path_per_floor":["M","M","$","?","?","E","R","E","T","R","M","E","M","E","R","B",null,"M","$","M","?","M","E","R","E","T","?","E","R","M","E","R","B"],"character_chosen":"DEFECT","items_purchased":["Fire Potion","DataDisk","Chill","Dark Shackles"],"campfire_rested":3,"item_purchase_floors":[3,3,19,19],"current_hp_per_floor":[34,34,34,34,34,4,25,14,14,35,35,7,7,4,25,17,58,58,58,49,35,27,26,26,26,26,26,26,26,26,23,23,0],"gold":247,"neow_bonus":"TWO_FIFTY_GOLD","is_prod":false,"is_daily":false,"chose_seed":false,"campfire_upgraded":3,"win_rate":0,"timestamp":1545763785,"path_taken":["M","M","$","?","?","E","R","E","T","R","M","E","M","E","R","BOSS","M","$","M","?","M","E","R","E","T","?","E","R","M","E","R","BOSS"],"build_version":"2018-12-20","purchased_purges":2,"victory":false,"max_hp_per_floor":[71,71,71,71,71,71,71,71,71,71,71,71,71,71,71,71,71,71,71,71,35,35,35,35,35,35,35,35,35,35,35,35,35],"card_choices":[{"not_picked":["Hologram","Leap"],"picked":"Conserve Battery","floor":1},{"not_picked":["Skim","Barrage"],"picked":"Cold Snap","floor":2},{"not_picked":["Amplify","Capacitor"],"picked":"BootSequence","floor":6},{"not_picked":["Rip and Tear","Turbo"],"picked":"Glacier","floor":8},{"not_picked":["Streamline","Heatsinks"],"picked":"Cold Snap","floor":11},{"not_picked":["Redo","Genetic Algorithm"],"picked":"Ball Lightning","floor":12},{"not_picked":["Steam","Barrage"],"picked":"Hologram","floor":13},{"not_picked":["Reprogram","Stack"],"picked":"Compile Driver","floor":14},{"not_picked":["Reinforced Body","Leap"],"picked":"Blizzard","floor":15},{"not_picked":["Multi-Cast","Thunder Strike"],"picked":"Electrodynamics","floor":16},{"not_picked":["Doom and Gloom","Recycle+1"],"picked":"Coolheaded","floor":18},{"not_picked":["Hello World","Sweeping Beam"],"picked":"Compile Driver","floor":20},{"not_picked":["Aggregate","Steam"],"picked":"Compile Driver+1","floor":22},{"not_picked":["Reinforced Body+1","Beam Cell"],"picked":"Seek","floor":23},{"not_picked":["Aggregate","Leap","Undo"],"picked":"SKIP","floor":25},{"not_picked":["Barrage","Sweeping Beam","Melter"],"picked":"SKIP","floor":28},{"not_picked":["Storm","Beam Cell"],"picked":"Cold Snap","floor":30},{"not_picked":["Conserve Battery","FTL"],"picked":"Coolheaded","floor":31}],"player_experience":4028906,"relics_obtained":[{"floor":6,"key":"Potion Belt"},{"floor":8,"key":"Bag of Marbles"},{"floor":9,"key":"Letter Opener"},{"floor":14,"key":"Dream Catcher"},{"floor":23,"key":"Anchor"},{"floor":25,"key":"Cables"},{"floor":26,"key":"Happy Flower"},{"floor":28,"key":"Symbiotic Virus"},{"floor":31,"key":"WingedGreaves"}],"event_choices":[{"damage_healed":0,"gold_gain":0,"player_choice":"Ignored","damage_taken":0,"max_hp_gain":0,"max_hp_loss":0,"event_name":"Liars Game","floor":4,"gold_loss":0},{"damage_healed":0,"gold_gain":0,"player_choice":"Grow","damage_taken":0,"max_hp_gain":0,"max_hp_loss":0,"event_name":"Living Wall","floor":5,"gold_loss":0,"cards_upgraded":["Zap"]},{"damage_healed":0,"gold_gain":0,"player_choice":"Became a Ghost","damage_taken":0,"max_hp_gain":0,"max_hp_loss":36,"event_name":"Ghosts","floor":21,"gold_loss":0,"cards_obtained":["Ghostly","Ghostly","Ghostly"]},{"damage_healed":0,"gold_gain":0,"player_choice":"Bought 1 Potion","damage_taken":0,"max_hp_gain":0,"max_hp_loss":0,"event_name":"The Woman in Blue","floor":27,"gold_loss":0}],"is_beta":true,"boss_relics":[{"not_picked":["Calling Bell","Orrery"],"picked":"Sozu"}],"items_purged_floors":[3,19],"is_endless":false,"potions_floor_spawned":[6,12,14,20,23,28,30,31],"killed_by":"Collector","ascension_level":20}