{"gold_per_floor":[113,125,139,152,152,152,152,152,152,152,165,165,196,196,196,196],"floor_reached":16,"playtime":979,"items_purged":[],"score":175,"play_id":"c935308f-3897-49b6-a498-756c59347ffa","local_time":"20190303000323","is_ascension_mode":true,"campfire_choices":[{"data":"Bullet Time","floor":6,"key":"SMITH"},{"floor":8,"key":"REST"},{"data":"Neutralize","floor":10,"key":"SMITH"},{"floor":12,"key":"REST"},{"floor":15,"key":"REST"}],"neow_cost":"PERCENT_DAMAGE","seed_source_timestamp":184625793075300,"circlet_count":0,"master_deck":["AscendersBane","Defend_G","Defend_G","Defend_G","Defend_G","Defend_G","Strike_G","Strike_G","Strike_G","Strike_G","Survivor","Neutralize+1","Bullet Time+1","Acrobatics","Terror","Well Laid Plans","Skewer","PiercingWail","PiercingWail"],"relics":["Ring of the Snake","Paper Crane","Blood Vial","The Specimen"],"potions_floor_usage":[16,16,16],"damage_taken":[{"damage":2,"enemies":"Jaw Worm","floor":1,"turns":6},{"damage":0,"enemies":"2 Louse","floor":2,"turns":4},{"damage":0,"enemies":"Small Slimes","floor":3,"turns":3},{"damage":0,"enemies":"Looter","floor":4,"turns":4},{"damage":17,"enemies":"2 Fungi Beasts","floor":11,"turns":4},{"damage":28,"enemies":"Lagavulin","floor":13,"turns":8},{"damage":37,"enemies":"Slime Boss","floor":16,"turns":7}],"seed_played":"5713029532768004952","potions_obtained":[{"floor":3,"key":"Strength Potion"},{"floor":4,"key":"EntropicBrew"},{"floor":11,"key":"Fire Potion"}],"is_trial":false,"path_per_floor":["M","M","M","M","?","R","?","R","T","R","M","R","E","?","R","B"],"character_chosen":"THE_SILENT","items_purchased":[],"campfire_rested":3,"item_purchase_floors":[],"current_hp_per_floor":[42,42,42,42,42,42,24,43,43,43,28,47,21,14,33,0],"gold":196,"neow_bonus":"THREE_RARE_CARDS","is_prod":false,"is_daily":false,"chose_seed":false,"campfire_upgraded":2,"win_rate":0,"timestamp":1551589403,"path_taken":["M","M","M","M","?","R","?","R","T","R","?","R","E","?","R","BOSS"],"build_version":"2019-01-23","purchased_purges":0,"victory":false,"max_hp_per_floor":[66,66,66,66,66,66,66,66,66,66,66,66,66,66,66,66],"card_choices":[{"not_picked":["Storm of Steel","Tools of the Trade"],"picked":"Bullet Time","floor":0},{"not_picked":["Underhanded Strike","Finisher"],"picked":"Acrobatics","floor":1},{"not_picked":["Prepared","Masterful Stab"],"picked":"Terror","floor":2},{"not_picked":["Slice","Expertise"],"picked":"Well Laid Plans","floor":3},{"not_picked":["Endless Agony","Sucker Punch"],"picked":"Skewer","floor":4},{"not_picked":["Backflip","Backstab"],"picked":"PiercingWail","floor":11},{"not_picked":["Finisher","Dagger Throw"],"picked":"PiercingWail","floor":13}],"player_experience":1438145,"relics_obtained":[{"floor":9,"key":"Blood Vial"},{"floor":13,"key":"The Specimen"}],"event_choices":[{"damage_healed":0,"gold_gain":0,"player_choice":"Ignored","damage_taken":0,"max_hp_gain":0,"max_hp_loss":0,"event_name":"Shining Light","floor":5,"gold_loss":0},{"damage_healed":0,"gold_gain":0,"player_choice":"Success","damage_taken":18,"relics_obtained":["Paper Crane"],"max_hp_gain":0,"max_hp_loss":0,"event_name":"Scrap Ooze","floor":7,"gold_loss":0},{"cards_removed":["Strike_G"],"damage_healed":0,"gold_gain":0,"player_choice":"Card Removal","damage_taken":7,"max_hp_gain":0,"max_hp_loss":0,"event_name":"Golden Wing","floor":14,"gold_loss":0}],"is_beta":false,"boss_relics":[],"items_purged_floors":[],"is_endless":false,"potions_floor_spawned":[3,4,11],"killed_by":"Slime Boss","ascension_level":15}