{"path_per_floor":["M","$","M","?","M","R","M","R","T","E","$","?","R","E","R","B",null,"M","?","?","$","M","E","M"],"character_chosen":"THE_SILENT","items_purchased":["Blur","Accuracy","Blur","Dagger Throw"],"gold_per_floor":[118,41,55,55,74,74,84,84,110,144,32,0,0,28,28,123,123,138,138,138,13,32,60,70,70],"floor_reached":25,"campfire_rested":1,"playtime":1563,"current_hp_per_floor":[70,70,67,67,67,67,57,57,57,25,25,25,46,50,50,20,58,58,58,58,58,58,39,20,0],"items_purged":["Strike_G"],"gold":70,"score":286,"play_id":"e7c5d7e7-fbcc-4451-8168-df376c0a30b5","local_time":"20180407010902","is_prod":false,"is_daily":false,"is_ascension_mode":true,"campfire_upgraded":3,"timestamp":1523077742,"path_taken":["M","$","M","?","M","R","M","R","T","E","$","?","R","E","R","BOSS","M","?","?","$","M","E","?","M"],"build_version":"2018-04-05v2","purchased_purges":1,"victory":false,"master_deck":["Defend_G","Defend_G","Defend_G","Defend_G","Survivor","Neutralize","Concentrate+1","Blur","Caltrops+1","PiercingWail","Dagger Throw","Blade Dance","Accuracy+1","Dodge and Roll","After Image","Footwork+1","Dagger Spray+1","Doppelganger+1","Noxious Fumes","Blur","Dagger Throw","Dash","Prepared","Dash"],"max_hp_per_floor":[70,70,70,70,70,70,70,70,70,70,70,70,70,70,70,70,70,70,70,70,70,70,77,77,77],"relics":["Ring of the Snake","Anchor","Art of War","Prayer Wheel","Bronze Scales","Astrolabe","Strawberry"],"card_choices":[{"not_picked":["Masterful Stab","Bane"],"picked":"Concentrate","floor":1},{"not_picked":["Backflip","Phantasmal Killer"],"picked":"Caltrops","floor":3},{"not_picked":["Underhanded Strike","Flying Knee"],"picked":"PiercingWail","floor":5},{"not_picked":["Masterful Stab","Sucker Punch"],"picked":"Dagger Throw","floor":7},{"not_picked":["Dagger Spray","Prepared"],"picked":"Blade Dance","floor":10},{"not_picked":["Expertise","Prepared"],"picked":"Dodge and Roll","floor":14},{"not_picked":["Die Die Die","Tactician"],"picked":"After Image","floor":16},{"not_picked":["Dagger Spray","Poisoned Stab"],"picked":"Noxious Fumes","floor":18},{"not_picked":["Escape Plan","Setup"],"picked":"Dash","floor":22},{"not_picked":["Underhanded Strike","Concentrate"],"picked":"Prepared","floor":23},{"not_picked":["PiercingWail","Slice"],"picked":"Dash","floor":24}],"player_experience":415110,"potions_floor_usage":[14,25],"damage_taken":[{"damage":0,"enemies":"Small Slimes","floor":1,"turns":3},{"damage":3,"enemies":"Cultist","floor":3,"turns":5},{"damage":0,"enemies":"2 Louse","floor":5,"turns":2},{"damage":10,"enemies":"2 Fungi Beasts","floor":7,"turns":6},{"damage":32,"enemies":"Gremlin Nob","floor":10,"turns":5},{"damage":11,"enemies":"3 Sentries","floor":14,"turns":9},{"damage":30,"enemies":"Hexaghost","floor":16,"turns":11},{"damage":0,"enemies":"Shell Parasite","floor":18,"turns":5},{"damage":0,"enemies":"Spheric Guardian","floor":22,"turns":7},{"damage":26,"enemies":"Slavers","floor":23,"turns":5},{"damage":19,"enemies":"Snake Plant","floor":24,"turns":6},{"damage":23,"enemies":"Slaver and Parasite","floor":25,"turns":3}],"event_choices":[{"event_name":"Wheel of Change","player_choice":"Card Removal","floor":4,"damage_taken":0},{"event_name":"World of Goop","player_choice":"Left","floor":12,"damage_taken":0},{"event_name":"Addict","player_choice":"Ignored","floor":19,"damage_taken":0},{"event_name":"Bonfire Elementals","player_choice":"BASIC","floor":20,"damage_taken":0}],"boss_relics":[{"not_picked":["Philosopher\u0027s Stone","Velvet Choker"],"picked":"Astrolabe"}],"potions_floor_spawned":[1,3,5,7,18,23,24],"seed_played":"5707382082020513930","killed_by":"Slaver and Parasite","ascension_level":5,"is_trial":false}