{"gold_per_floor":[111,111,124,124,51,86,86,114,114,79,111,122,138,148,148,243,243,255,255,47,67,67],"floor_reached":22,"playtime":1232,"items_purged":[],"score":298,"play_id":"9826913f-7e92-4816-a27b-9654ed59ab3e","local_time":"20181209213537","is_ascension_mode":true,"campfire_choices":[{"data":"Footwork","floor":7,"key":"SMITH"},{"data":"Noxious Fumes","floor":15,"key":"SMITH"}],"neow_cost":"NONE","seed_source_timestamp":1380011444399000,"circlet_count":0,"master_deck":["Defend_G+1","Defend_G","Defend_G","Defend_G","Defend_G","Strike_G","Strike_G","Strike_G","Strike_G","Strike_G","Survivor+1","Neutralize+1","Acrobatics","Acrobatics","Footwork+1","Expertise","Dash","Noxious Fumes+1","Calculated Gamble","Footwork","Backstab","Night Terror","All Out Attack","Cloak And Dagger+1"],"relics":["Ring of the Serpent","NeowsBlessing","Kunai","Smiling Mask","Pear","Membership Card"],"potions_floor_usage":[8,13,16],"damage_taken":[{"damage":0,"enemies":"Jaw Worm","floor":1,"turns":1},{"damage":0,"enemies":"Small Slimes","floor":3,"turns":1},{"damage":0,"enemies":"Gremlin Nob","floor":6,"turns":1},{"damage":20,"enemies":"Lagavulin","floor":8,"turns":15},{"damage":31,"enemies":"Gremlin Nob","floor":11,"turns":6},{"damage":0,"enemies":"2 Louse","floor":12,"turns":3},{"damage":0,"enemies":"2 Fungi Beasts","floor":13,"turns":3},{"damage":12,"enemies":"Exordium Wildlife","floor":14,"turns":6},{"damage":18,"enemies":"The Guardian","floor":16,"turns":13},{"damage":50,"enemies":"3 Byrds","floor":18,"turns":5},{"damage":4,"enemies":"Chosen","floor":21,"turns":6},{"damage":19,"enemies":"Snecko","floor":22,"turns":3}],"seed_played":"-6808666156818377642","potions_obtained":[{"floor":3,"key":"Regen Potion"},{"floor":12,"key":"AttackPotion"},{"floor":14,"key":"Energy Potion"},{"floor":16,"key":"Strength Potion"},{"floor":18,"key":"Strength Potion"}],"is_trial":false,"path_per_floor":["M","?","M","?","$","E","R","E","T","?","E","M","M","M","R","B",null,"M","?","$","M","M"],"character_chosen":"THE_SILENT","items_purchased":["Footwork","Membership Card"],"campfire_rested":0,"item_purchase_floors":[5,20],"current_hp_per_floor":[63,49,49,49,49,49,49,44,54,74,43,43,43,31,31,13,63,13,13,13,9,0],"gold":67,"neow_bonus":"THREE_ENEMY_KILL","is_prod":false,"is_daily":false,"chose_seed":false,"campfire_upgraded":2,"win_rate":0,"timestamp":1544409337,"path_taken":["M","?","M","?","$","E","R","E","T","?","E","M","M","M","R","BOSS","M","?","$","M","M"],"build_version":"2018-12-06","purchased_purges":0,"victory":false,"max_hp_per_floor":[70,70,70,70,70,70,70,70,80,80,80,80,80,80,80,80,80,80,80,80,80,80],"card_choices":[{"not_picked":["Poisoned Stab","Flying Knee"],"picked":"Acrobatics","floor":1},{"not_picked":["Catalyst","Poisoned Stab"],"picked":"Acrobatics","floor":3},{"not_picked":["Grand Finale","Doppelganger"],"picked":"Expertise","floor":6},{"not_picked":["Blur","Deadly Poison"],"picked":"Dash","floor":8},{"not_picked":["Finisher","Calculated Gamble"],"picked":"Noxious Fumes","floor":11},{"not_picked":["Quick Slash","Expertise"],"picked":"Calculated Gamble","floor":12},{"not_picked":["Riddle With Holes","Outmaneuver"],"picked":"Footwork","floor":13},{"not_picked":["Noxious Fumes","Dagger Spray"],"picked":"Backstab","floor":14},{"not_picked":["Wraith Form v2","Corpse Explosion"],"picked":"Night Terror","floor":16},{"not_picked":["Dagger Throw","Slice+1"],"picked":"All Out Attack","floor":18},{"not_picked":["Sucker Punch","Quick Slash"],"picked":"Cloak And Dagger+1","floor":21}],"player_experience":304661,"relics_obtained":[{"floor":6,"key":"Kunai"},{"floor":8,"key":"Smiling Mask"},{"floor":9,"key":"Pear"}],"event_choices":[{"damage_healed":0,"gold_gain":0,"player_choice":"Entered Light","damage_taken":14,"max_hp_gain":0,"max_hp_loss":0,"event_name":"Shining Light","floor":2,"gold_loss":0,"cards_upgraded":["Defend_G","Survivor"]},{"damage_healed":0,"gold_gain":0,"player_choice":"Grow","damage_taken":0,"max_hp_gain":0,"max_hp_loss":0,"event_name":"Living Wall","floor":4,"gold_loss":0,"cards_upgraded":["Neutralize"]},{"damage_healed":20,"gold_gain":0,"player_choice":"Healed","damage_taken":0,"max_hp_gain":0,"max_hp_loss":0,"event_name":"The Cleric","floor":10,"gold_loss":35},{"damage_healed":0,"gold_gain":0,"player_choice":"Ignored","damage_taken":0,"max_hp_gain":0,"max_hp_loss":0,"event_name":"Beggar","floor":19,"gold_loss":0}],"is_beta":false,"boss_relics":[{"not_picked":["Runic Dome","Empty Cage"],"picked":"Ring of the Serpent"}],"items_purged_floors":[],"is_endless":false,"potions_floor_spawned":[3,12,14,16,18],"killed_by":"Snecko","ascension_level":6}