{"path_per_floor":["M","?","$","?","?","R","M","R","T","M","R","M","E","M","R","B",null,"M","?","M","M","?"],"character_chosen":"IRONCLAD","items_purchased":[],"gold_per_floor":[113,63,63,363,363,363,379,379,403,416,416,433,466,481,481,585,585,604,504,521,538,463],"floor_reached":23,"campfire_rested":0,"playtime":922,"current_hp_per_floor":[80,80,80,80,62,62,61,61,61,67,67,68,47,47,47,11,80,74,74,57,27,27],"items_purged":[],"gold":463,"score":191,"play_id":"15a128eb-245e-4664-a507-5ff4de2fd72f","local_time":"20180302192506","is_prod":false,"is_daily":false,"is_ascension_mode":false,"campfire_upgraded":4,"timestamp":1520036706,"path_taken":["M","?","$","?","?","R","M","R","T","M","R","M","E","?","R","BOSS","M","?","M","?","?","?"],"build_version":"2018-03-01-PROD1","purchased_purges":0,"victory":false,"master_deck":["Strike_R","Strike_R","Strike_R","Strike_R","Strike_R","Defend_R","Defend_R","Defend_R","Bash+1","Rampage+1","Berserk+1","Twin Strike","Thunderclap+1","Double Tap","J.A.X.","Headbutt"],"max_hp_per_floor":[80,80,80,80,80,80,80,80,80,80,80,80,80,80,80,80,80,80,80,80,80,80],"relics":["Burning Blood","Old Coin","Orichalcum","Prayer Wheel","Toolbox","Sozu"],"card_choices":[{"not_picked":["Dropkick","Inflame"],"picked":"Rampage"},{"not_picked":["Uppercut","Infernal Blade"],"picked":"Berserk"},{"not_picked":["Cleave","Combust"],"picked":"Twin Strike"},{"not_picked":["Shrug It Off","Heavy Blade"],"picked":"Thunderclap"},{"not_picked":["Offering","Bludgeon"],"picked":"Double Tap"},{"not_picked":["Anger","Corruption"],"picked":"Headbutt"}],"player_experience":63942,"potions_floor_usage":[16,16,21],"damage_taken":[{"damage":0,"enemies":"Small Slimes","floor":1,"turns":3},{"damage":7,"enemies":"2 Louse","floor":7,"turns":2},{"damage":0,"enemies":"Cultist","floor":10,"turns":3},{"damage":5,"enemies":"Lots of Slimes","floor":12,"turns":4},{"damage":27,"enemies":"3 Sentries","floor":13,"turns":7},{"damage":6,"enemies":"2 Fungi Beasts","floor":14,"turns":3},{"damage":42,"enemies":"Slime Boss","floor":16,"turns":9},{"damage":12,"enemies":"Shell Parasite","floor":18,"turns":4},{"damage":23,"enemies":"3 Byrds","floor":20,"turns":5},{"damage":45,"enemies":"Cultist and Chosen","floor":21,"turns":8},{"damage":33,"enemies":"Snake Plant","floor":23,"turns":3}],"event_choices":[{"event_name":"The Cleric","player_choice":"Card Removal","floor":2,"damage_taken":0},{"event_name":"Accursed Blacksmith","player_choice":"Rummage","floor":4,"damage_taken":0},{"event_name":"Scrap Ooze","player_choice":"success","floor":5,"damage_taken":18},{"event_name":"Drug Dealer","player_choice":"Got JAXXED","floor":19,"damage_taken":0},{"event_name":"Beggar","player_choice":"Gave Gold","floor":22,"damage_taken":0}],"boss_relics":[{"not_picked":["Black Blood","Astrolabe"],"picked":"Sozu"}],"potions_floor_spawned":[1,13,16],"seed_played":"5989583308708697657","killed_by":"Snake Plant","ascension_level":0,"is_trial":false}