{"gold_per_floor":[116,129,129,147,215,240,240,254,322,351,367,98,114,131,131,234,234,254,254,265,122,132,166,185,210,287,287,202,231,231,330,330,430,430,448,448,428,12,29,56,56,89,89,108,208,208,261,19,19,19,19,19,19,45,45],"floor_reached":55,"playtime":8707,"items_purged":["Writhe"],"score":1152,"play_id":"8c478849-fd27-48c3-bbea-0ca47a4bc8e9","local_time":"20181226002216","is_ascension_mode":true,"campfire_choices":[{"floor":7.0,"key":"RECALL"},{"floor":15.0,"key":"REST"},{"floor":30.0,"key":"REST"},{"data":"Accuracy","floor":32.0,"key":"SMITH"},{"floor":41.0,"key":"REST"},{"data":"Prepared","floor":46.0,"key":"SMITH"},{"floor":49.0,"key":"REST"},{"data":"Crippling Poison","floor":52.0,"key":"SMITH"}],"neow_cost":"PERCENT_DAMAGE","seed_source_timestamp":0,"circlet_count":0,"master_deck":["Defend_G","Defend_G","Defend_G","Defend_G","Defend_G","Strike_G","Strike_G","Strike_G","Strike_G","Strike_G","Survivor","Neutralize","Dash","Poisoned Stab","Prepared+1","Envenom","Dagger Spray","Dagger Throw","Dash","Cloak And Dagger","Blade Dance","Flying Knee","Tools of the Trade","Heel Hook+1","Backflip","Crippling Poison+1","Backflip","Underhanded Strike","Dagger Throw+1","Accuracy+1","Malaise"],"special_seed":0,"relics":["Ring of the Snake","Tough Bandages","Turnip","Bronze Scales","Kunai","Philosopher\u0027s Stone","Lantern","Mercury Hourglass","Molten Egg 2","Bottled Flame","The Courier","Singing Bowl","Busted Crown","Happy Flower","Calipers","Omamori","Blood Vial","Bird Faced Urn","Incense Burner","Mango","Bag of Marbles","Snake Skull","Dead Branch"],"potions_floor_usage":[],"damage_taken":[{"damage":7.0,"enemies":"Small Slimes","floor":1.0,"turns":5.0},{"damage":0.0,"enemies":"2 Louse","floor":2.0,"turns":2.0},{"damage":0.0,"enemies":"Cultist","floor":4.0,"turns":4.0},{"damage":3.0,"enemies":"3 Sentries","floor":6.0,"turns":12.0},{"damage":8.0,"enemies":"3 Louse","floor":8.0,"turns":4.0},{"damage":16.0,"enemies":"Lagavulin","floor":10.0,"turns":9.0},{"damage":2.0,"enemies":"2 Fungi Beasts","floor":11.0,"turns":3.0},{"damage":0.0,"enemies":"Exordium Wildlife","floor":13.0,"turns":4.0},{"damage":0.0,"enemies":"Blue Slaver","floor":14.0,"turns":3.0},{"damage":8.0,"enemies":"Hexaghost","floor":16.0,"turns":11.0},{"damage":1.0,"enemies":"Shell Parasite","floor":18.0,"turns":5.0},{"damage":3.0,"enemies":"Spheric Guardian","floor":20.0,"turns":4.0},{"damage":1.0,"enemies":"3 Cultists","floor":22.0,"turns":5.0},{"damage":15.0,"enemies":"Book of Stabbing","floor":23.0,"turns":6.0},{"damage":5.0,"enemies":"Snake Plant","floor":24.0,"turns":4.0},{"damage":0.0,"enemies":"Gremlin Leader","floor":25.0,"turns":6.0},{"damage":10.0,"enemies":"Book of Stabbing","floor":29.0,"turns":5.0},{"damage":11.0,"enemies":"Collector","floor":33.0,"turns":10.0},{"damage":2.0,"enemies":"Orb Walker","floor":35.0,"turns":4.0},{"damage":1.0,"enemies":"3 Shapes","floor":39.0,"turns":4.0},{"damage":52.0,"enemies":"Giant Head","floor":40.0,"turns":11.0},{"damage":7.0,"enemies":"Reptomancer","floor":42.0,"turns":6.0},{"damage":7.0,"enemies":"Transient","floor":44.0,"turns":5.0},{"damage":0.0,"enemies":"Mind Bloom Boss Battle","floor":45.0,"turns":7.0},{"damage":22.0,"enemies":"2 Orb Walkers","floor":47.0,"turns":5.0},{"damage":6.0,"enemies":"Awakened One","floor":50.0,"turns":14.0},{"damage":47,"enemies":"Shield and Spear","floor":54,"turns":8},{"damage":80,"enemies":"The Heart","floor":55,"turns":5}],"seed_played":"5594464946732436535","potions_obtained":[{"floor":1.0,"key":"EntropicBrew"},{"floor":10.0,"key":"SkillPotion"},{"floor":13.0,"key":"Explosive Potion"},{"floor":14.0,"key":"Dexterity Potion"},{"floor":16.0,"key":"GhostInAJar"},{"floor":22.0,"key":"Explosive Potion"},{"floor":24.0,"key":"GamblersBrew"},{"floor":33.0,"key":"Ancient Potion"},{"floor":37.0,"key":"GamblersBrew"},{"floor":39.0,"key":"GamblersBrew"},{"floor":44.0,"key":"GamblersBrew"},{"floor":45.0,"key":"Strength Potion"}],"is_trial":false,"path_per_floor":["M","M","$","M","?","E","R","M","T","E","M","$","M","M","R","B",null,"M","?","M","$","M","E","M","E","T","?","?","E","R","?","R","B",null,"M","?","?","$","M","E","R","E","T","M","?","R","?","$","R","B",null,"R","$","E","B"],"character_chosen":"THE_SILENT","items_purchased":["Kunai","Cloak And Dagger","Lantern","Happy Flower","Calipers","Bag of Marbles","Snake Skull"],"campfire_rested":4,"item_purchase_floors":[12,12,21,38,38,48,48],"current_hp_per_floor":[38,38,38,38,38,35,35,27,27,11,9,9,9,9,30,22,58,57,57,54,54,53,38,33,33,33,56,56,46,67,67,67,56,67,67,72,72,72,73,23,45,40,40,43,53,53,55,55,84,86,95,95,95,58,0],"gold":45,"neow_bonus":"ONE_RARE_RELIC","is_prod":false,"is_daily":false,"chose_seed":false,"campfire_upgraded":3,"win_rate":0,"timestamp":1545776536,"path_taken":["M","M","$","M","?","E","R","M","T","E","M","$","M","M","R","BOSS","M","?","M","$","M","E","M","E","T","?","?","E","R","?","R","BOSS","M","?","?","$","?","E","R","E","T","M","?","R","?","$","R","BOSS","R","$","E","BOSS"],"build_version":"2018-12-20","purchased_purges":1,"victory":false,"max_hp_per_floor":[70,70,70,70,70,70,70,70,70,70,70,70,70,70,70,70,70,70,70,70,70,70,70,70,70,70,70,70,70,70,70,70,70,70,72,72,72,72,74,76,76,78,78,80,82,82,98,98,98,98,98,98,98,100,100],"card_choices":[{"not_picked":["Finisher","Bane"],"picked":"Dash","floor":1.0},{"not_picked":["Eviscerate","Sucker Punch"],"picked":"Poisoned Stab","floor":2.0},{"not_picked":["Calculated Gamble","Dodge and Roll"],"picked":"Prepared","floor":4.0},{"not_picked":["Dagger Spray","Terror"],"picked":"Envenom","floor":6.0},{"not_picked":["All Out Attack","Riddle With Holes"],"picked":"Dagger Spray","floor":8.0},{"not_picked":["Blur","Deflect"],"picked":"Dagger Throw","floor":10.0},{"not_picked":["Dodge and Roll","Underhanded Strike"],"picked":"Dash","floor":11.0},{"not_picked":["Setup","Expertise"],"picked":"Blade Dance","floor":13.0},{"not_picked":["Outmaneuver","Masterful Stab"],"picked":"Flying Knee","floor":14.0},{"not_picked":["Malaise","Doppelganger"],"picked":"Tools of the Trade","floor":16.0},{"not_picked":["Backflip","Bane"],"picked":"Heel Hook+1","floor":18.0},{"not_picked":["Blur","Eviscerate+1"],"picked":"Backflip","floor":20.0},{"not_picked":["Deadly Poison","Deflect"],"picked":"Crippling Poison","floor":22.0},{"not_picked":["Reflex","Dodge and Roll"],"picked":"Backflip","floor":23.0},{"not_picked":["Night Terror","Outmaneuver"],"picked":"Underhanded Strike","floor":24.0},{"not_picked":["Eviscerate","Dagger Spray+1"],"picked":"Dagger Throw","floor":25.0},{"not_picked":["Skewer+1","Slice+1"],"picked":"Accuracy","floor":29.0},{"not_picked":["Unload+1","Glass Knife+1"],"picked":"Malaise","floor":33.0},{"not_picked":["Backflip"],"picked":"Singing Bowl","floor":35.0},{"not_picked":["Finisher+1"],"picked":"Singing Bowl","floor":39.0},{"not_picked":["Setup"],"picked":"Singing Bowl","floor":40.0},{"not_picked":["Concentrate"],"picked":"Singing Bowl","floor":42.0},{"not_picked":["Terror"],"picked":"Singing Bowl","floor":44.0},{"not_picked":["Bane+1"],"picked":"Singing Bowl","floor":45.0},{"not_picked":["Catalyst+1"],"picked":"Singing Bowl","floor":47.0},{"not_picked":["Deadly Poison"],"picked":"Singing Bowl","floor":54}],"player_experience":165669,"relics_obtained":[{"floor":6.0,"key":"Turnip"},{"floor":10.0,"key":"Bronze Scales"},{"floor":23.0,"key":"Mercury Hourglass"},{"floor":25.0,"key":"Molten Egg 2"},{"floor":26.0,"key":"Bottled Flame"},{"floor":29.0,"key":"Singing Bowl"},{"floor":40.0,"key":"Omamori"},{"floor":42.0,"key":"Blood Vial"},{"floor":43.0,"key":"Bird Faced Urn"},{"floor":45.0,"key":"Incense Burner"},{"floor":47.0,"key":"Mango"},{"floor":54,"key":"Dead Branch"}],"event_choices":[{"damage_healed":0.0,"max_hp_gain":0.0,"max_hp_loss":0.0,"gold_gain":68.0,"event_name":"Golden Wing","player_choice":"Gained Gold","floor":5.0,"gold_loss":0.0,"damage_taken":0.0},{"damage_healed":0.0,"max_hp_gain":0.0,"max_hp_loss":0.0,"gold_gain":0.0,"event_name":"Ghosts","player_choice":"Ignored","floor":19.0,"gold_loss":0.0,"damage_taken":0.0},{"damage_healed":23.0,"max_hp_gain":0.0,"max_hp_loss":0.0,"gold_gain":0.0,"event_name":"The Library","player_choice":"Heal","floor":27.0,"gold_loss":0.0,"damage_taken":0.0},{"damage_healed":0.0,"max_hp_gain":0.0,"max_hp_loss":0.0,"gold_gain":0.0,"event_name":"Addict","player_choice":"Obtained Relic","floor":28.0,"gold_loss":85.0,"damage_taken":0.0,"relics_obtained":["The Courier"]},{"damage_healed":0.0,"max_hp_gain":0.0,"max_hp_loss":0.0,"gold_gain":99.0,"event_name":"Nest","player_choice":"Stole From Cult","floor":31.0,"gold_loss":0.0,"damage_taken":0.0},{"damage_healed":18.0,"max_hp_gain":0.0,"max_hp_loss":0.0,"gold_gain":0.0,"event_name":"Winding Halls","player_choice":"Writhe","floor":36.0,"gold_loss":0.0,"damage_taken":0.0,"cards_obtained":["Writhe"]},{"damage_healed":0.0,"max_hp_gain":0.0,"max_hp_loss":0.0,"gold_gain":0.0,"event_name":"The Woman in Blue","player_choice":"Bought 1 Potion","floor":37.0,"gold_loss":0.0,"damage_taken":0.0},{"damage_healed":0.0,"max_hp_gain":0.0,"max_hp_loss":0.0,"gold_gain":0.0,"event_name":"MindBloom","player_choice":"Fight","floor":45.0,"gold_loss":0.0,"damage_taken":0.0},{"damage_healed":0.0,"max_hp_gain":0.0,"max_hp_loss":0.0,"gold_gain":0.0,"event_name":"Mysterious Sphere","player_choice":"Fight","floor":47.0,"gold_loss":0.0,"damage_taken":0.0}],"is_beta":false,"boss_relics":[{"not_picked":["Empty Cage","Runic Pyramid"],"picked":"Philosopher\u0027s Stone"},{"not_picked":["Black Star","Eternal Feather"],"picked":"Busted Crown"}],"items_purged_floors":[38],"is_endless":false,"potions_floor_spawned":[1,10,13,14,16,22,24,33,39,44,45],"killed_by":"The Heart","ascension_level":7}