{"path_per_floor":["M","?","?","T","M","E","?","M","T","M","T","R","M","$","R","B",null,"M","M","?","M","?"],"character_chosen":"IRONCLAD","items_purchased":["Rampage","Ancient Tea Set"],"gold_per_floor":[114,114,289,289,304,344,344,359,359,372,453,453,477,181,181,311,311,335,349,274,295,210],"floor_reached":23,"campfire_rested":0,"playtime":1034,"current_hp_per_floor":[80,60,60,60,66,72,72,75,75,71,81,81,87,87,87,35,90,50,26,26,11,11],"items_purged":["Doubt"],"gold":210,"score":216,"play_id":"3f51760b-7c69-4f5a-8774-1fb24c1d20be","is_prod":false,"is_daily":false,"is_ascension_mode":false,"campfire_upgraded":2,"path_taken":["M","?","?","?","M","E","?","M","T","?","?","R","M","$","R","BOSS","M","M","?","M","?","E"],"build_version":"2018-02-22-PROD2","purchased_purges":1,"victory":false,"master_deck":["Strike_R","Strike_R","Strike_R+1","Strike_R","Strike_R+1","Defend_R","Defend_R","Defend_R","Bash","Armaments+1","Inflame","Twin Strike","Pommel Strike","Heavy Blade","Thunderclap","Rampage+1","Double Tap","Perfected Strike+1","Impervious"],"max_hp_per_floor":[80,80,80,80,80,80,80,80,80,80,90,90,90,90,90,90,90,90,90,90,90,90],"relics":["Burning Blood","NeowsBlessing","Golden Idol","Lantern","Whetstone","Prayer Wheel","Pear","Ancient Tea Set","Sozu","Ornamental Fan"],"card_choices":[{"not_picked":["Havoc","Heavy Blade"],"picked":"Armaments"},{"not_picked":["Entrench","Metallicize"],"picked":"Juggernaut"},{"not_picked":["Havoc","Thunderclap"],"picked":"Twin Strike"},{"not_picked":["Intimidate","Flame Barrier"],"picked":"Pommel Strike"},{"not_picked":["Sword Boomerang","Cleave"],"picked":"Heavy Blade"},{"not_picked":["Ghostly Armor","Pummel"],"picked":"Thunderclap"},{"not_picked":["Bludgeon","Barricade"],"picked":"Double Tap"},{"not_picked":["Clothesline","Thunderclap"],"picked":"Perfected Strike"},{"not_picked":["Armaments","Wild Strike"],"picked":"Impervious"}],"player_experience":58817,"potions_floor_usage":[21,21],"damage_taken":[{"damage":0,"enemies":"Cultist","floor":1,"turns":1},{"damage":0,"enemies":"Small Slimes","floor":5,"turns":1},{"damage":0,"enemies":"3 Sentries","floor":6,"turns":2},{"damage":3,"enemies":"2 Louse","floor":8,"turns":3},{"damage":10,"enemies":"Looter","floor":10,"turns":3},{"damage":0,"enemies":"2 Fungi Beasts","floor":13,"turns":2},{"damage":58,"enemies":"The Guardian","floor":16,"turns":9},{"damage":46,"enemies":"3 Byrds","floor":18,"turns":6},{"damage":30,"enemies":"2 Thieves","floor":19,"turns":4},{"damage":27,"enemies":"Snake Plant","floor":21,"turns":3},{"damage":13,"enemies":"Book of Stabbing","floor":23,"turns":2}],"event_choices":[{"event_name":"Golden Idol","player_choice":"Take Damage","floor":2,"damage_taken":0},{"event_name":"Liars Game","player_choice":"agreed","floor":3,"damage_taken":0},{"event_name":"Living Wall","player_choice":"Change","floor":7,"damage_taken":0},{"event_name":"Beggar","player_choice":"Gave Gold","floor":20,"damage_taken":0},{"event_name":"Addict","player_choice":"Obtained Relic","floor":22,"damage_taken":0}],"boss_relics":[{"not_picked":["Calling Bell","Question Card"],"picked":"Sozu"}],"potions_floor_spawned":[1,5,8,16,19],"seed_played":"6115151085649056124","killed_by":"Book of Stabbing","ascension_level":0,"is_trial":false}