{"path_per_floor":["M","$","?","?","?","R","M","R","T","M","M","T","M","M","R","B",null,"M","$","M"],"character_chosen":"IRONCLAD","items_purchased":["Shrug It Off","Corruption"],"gold_per_floor":[117,16,16,191,191,191,201,201,201,212,232,232,247,266,266,371,371,385,206,218,218],"floor_reached":21,"campfire_rested":1,"playtime":941,"current_hp_per_floor":[71,71,71,71,71,71,76,76,76,80,79,79,64,48,72,60,75,75,75,49,0],"items_purged":["Strike_R","Strike_R"],"gold":218,"score":222,"play_id":"d9b94065-aa70-4b7a-8efc-a8fd30b0c4bb","local_time":"20180417182140","is_prod":false,"is_daily":false,"chose_seed":false,"is_ascension_mode":true,"campfire_upgraded":2,"timestamp":1524003700,"path_taken":["M","$","?","?","?","R","?","R","T","M","M","?","M","?","R","BOSS","M","$","M","M"],"build_version":"2018-04-12","seed_source_timestamp":273628800364902,"purchased_purges":2,"victory":false,"master_deck":["Strike_R","Strike_R","Strike_R","Defend_R","Defend_R","Defend_R","Defend_R","Bash+1","Inflame+1","Shrug It Off","Sever Soul","Dual Wield","Sword Boomerang","Double Tap","Shrug It Off","Corruption","Shrug It Off+1"],"max_hp_per_floor":[80,80,80,80,80,80,80,80,80,80,80,80,80,80,80,80,80,80,80,80,80],"relics":["Burning Blood","Bag of Preparation","Ornamental Fan","Meat on the Bone","Mark of Pain"],"card_choices":[{"not_picked":["Pommel Strike","Pummel"],"picked":"Inflame","floor":1},{"not_picked":["Sword Boomerang","Anger"],"picked":"Sever Soul","floor":7},{"not_picked":["Feel No Pain","Corruption"],"picked":"Dual Wield","floor":13},{"not_picked":["Twin Strike","Immolate"],"picked":"Sword Boomerang","floor":14},{"not_picked":["Bludgeon","Impervious"],"picked":"Double Tap","floor":16},{"not_picked":["True Grit","Spot Weakness"],"picked":"Shrug It Off","floor":18},{"not_picked":["Havoc","Carnage"],"picked":"Shrug It Off","floor":20}],"player_experience":461864,"potions_floor_usage":[16,16],"damage_taken":[{"damage":7,"enemies":"2 Louse","floor":1,"turns":3},{"damage":1,"enemies":"Cultist","floor":7,"turns":3},{"damage":2,"enemies":"Jaw Worm","floor":10,"turns":4},{"damage":7,"enemies":"2 Fungi Beasts","floor":11,"turns":4},{"damage":21,"enemies":"Exordium Thugs","floor":13,"turns":6},{"damage":22,"enemies":"Gremlin Gang","floor":14,"turns":5},{"damage":33,"enemies":"Slime Boss","floor":16,"turns":8},{"damage":6,"enemies":"Spheric Guardian","floor":18,"turns":3},{"damage":44,"enemies":"2 Thieves","floor":20,"turns":4},{"damage":65,"enemies":"Chosen and Byrds","floor":21,"turns":4}],"event_choices":[{"event_name":"The Lab","player_choice":"Got Potions","floor":3,"damage_taken":0},{"event_name":"Liars Game","player_choice":"agreed","floor":4,"damage_taken":0},{"event_name":"Purifier","player_choice":"One Purge","floor":5,"damage_taken":0}],"boss_relics":[{"not_picked":["Philosopher\u0027s Stone","Runic Pyramid"],"picked":"Mark of Pain"}],"potions_floor_spawned":[7,13,14],"seed_played":"4696711223611877082","killed_by":"Chosen and Byrds","ascension_level":6,"is_trial":false}