{"path_per_floor":["M","$","?","M","?","E","M","E","T","$","M","?","R","?","R","B",null,"M","$","T","?","M"],"character_chosen":"IRONCLAD","items_purchased":["Shrug It Off","Dream Catcher","Metallicize","Armaments"],"gold_per_floor":[112,112,112,123,123,151,168,203,275,67,85,85,85,105,105,209,209,219,96,145,145,161],"floor_reached":23,"campfire_rested":1,"playtime":1546,"current_hp_per_floor":[80,80,80,80,80,80,80,64,64,64,61,61,61,52,76,40,80,76,76,76,61,39],"items_purged":[],"gold":161,"play_id":"d4a0f303-f09a-4c62-bb1d-5da5f81b81e6","is_prod":false,"is_daily":false,"is_ascension_mode":false,"campfire_upgraded":1,"path_taken":["M","$","?","M","?","E","M","E","T","?","M","?","R","?","R","BOSS","M","?","?","?","M","E"],"build_version":"2018-02-01-PROD3","purchased_purges":0,"victory":false,"master_deck":["Strike_R","Strike_R","Strike_R","Strike_R","Strike_R","Defend_R","Defend_R","Defend_R","Defend_R","Bash","Thunderclap","Armaments","Bash","Blood for Blood","Fire Breathing","Juggernaut+1","Shrug It Off","Metallicize","Body Slam","Fire Breathing","Barricade","Warcry","Shrug It Off","Body Slam","Shockwave","Inflame","Inflame","Metallicize","Armaments","Metallicize"],"max_hp_per_floor":[80,80,80,80,80,80,80,80,80,80,80,80,80,80,80,80,80,80,80,80,85,85],"relics":["Burning Blood","NeowsBlessing","Meat on the Bone","Omamori","Matryoshka","Dream Catcher","Odd Mushroom","Orrery","Juzu Bracelet","Blood Vial"],"card_choices":[{"not_picked":["Anger","Pommel Strike"],"picked":"Thunderclap"},{"not_picked":["Warcry","Clash"],"picked":"Armaments"},{"not_picked":["Corruption","Hemokinesis"],"picked":"Blood for Blood"},{"not_picked":["Feel No Pain","Second Wind"],"picked":"Fire Breathing"},{"not_picked":["Armaments","Battle Trance"],"picked":"Juggernaut"},{"not_picked":["Inflame","Dual Wield"],"picked":"Metallicize"},{"not_picked":["Twin Strike","Anger"],"picked":"Body Slam"},{"not_picked":["Warcry","Wild Strike"],"picked":"Fire Breathing"},{"not_picked":["Demon Form","Limit Break"],"picked":"Barricade"},{"not_picked":["Searing Blow","Wild Strike"],"picked":"Warcry"},{"not_picked":["Anger","Clash"],"picked":"Shrug It Off"},{"not_picked":["Clothesline","Spot Weakness"],"picked":"Body Slam"},{"not_picked":["Dual Wield","Clash"],"picked":"Shockwave"},{"not_picked":["True Grit","Clash"],"picked":"Inflame"},{"not_picked":["Searing Blow","Dual Wield"],"picked":"Inflame"},{"not_picked":["Clothesline","Body Slam"],"picked":"Metallicize"}],"player_experience":64151,"potions_floor_usage":[16,16,23],"damage_taken":[{"damage":0,"enemies":"Jaw Worm","floor":1,"turns":1},{"damage":0,"enemies":"Blue Slaver","floor":4,"turns":1},{"damage":0,"enemies":"Lagavulin","floor":6,"turns":1},{"damage":5,"enemies":"Small Slimes","floor":7,"turns":4},{"damage":22,"enemies":"3 Sentries","floor":8,"turns":7},{"damage":9,"enemies":"Red Slaver","floor":11,"turns":5},{"damage":27,"enemies":"The Mushroom Lair","floor":14,"turns":5},{"damage":54,"enemies":"Hexaghost","floor":16,"turns":11},{"damage":10,"enemies":"Shell Parasite","floor":18,"turns":10},{"damage":42,"enemies":"3 Byrds","floor":22,"turns":8},{"damage":41,"enemies":"Book of Stabbing","floor":23,"turns":8}],"event_choices":[{"event_name":"Golden Wing","player_choice":"Ignored","floor":3,"damage_taken":0},{"event_name":"Match and Keep!","player_choice":"1 cards matched","floor":5,"damage_taken":0},{"event_name":"Liars Game","player_choice":"disagreed","floor":12,"damage_taken":0},{"event_name":"Mushrooms","player_choice":"Fought Mushrooms","floor":14,"damage_taken":0},{"event_name":"Forgotten Altar","player_choice":"Shed Blood","floor":21,"damage_taken":0}],"boss_relics":[{"not_picked":["Ectoplasm","Eternal Feather"],"picked":"Orrery"}],"potions_floor_spawned":[7,11,14],"seed_played":"-7533261851854354569","killed_by":"Book of Stabbing","ascension_level":0,"is_trial":false}