{"path_per_floor":["M","M","M","M","?","R","E","R","T","$","?","M","$","?","R","B",null,"M","$","M","M","$","R","M","E","T","?","?","?"],"character_chosen":"IRONCLAD","items_purchased":["Lantern","Uppercut","Perfected Strike"],"gold_per_floor":[112,129,144,163,128,128,160,160,232,1,1,20,20,20,20,120,150,164,64,75,93,9,9,28,59,359,274,274,274],"floor_reached":30,"campfire_rested":1,"playtime":1938,"current_hp_per_floor":[79,73,73,46,66,66,58,58,58,58,42,42,42,42,66,29,85,85,85,67,63,63,63,51,38,38,38,38,30],"items_purged":["Regret","Regret"],"gold":274,"score":248,"play_id":"169df6d0-7825-4120-857d-f63e034087ef","is_prod":false,"is_daily":false,"is_ascension_mode":false,"campfire_upgraded":3,"path_taken":["M","M","?","M","?","R","E","R","T","?","?","M","$","?","R","BOSS","M","$","M","M","?","R","M","E","T","?","?","?","M"],"build_version":"2018-02-22-PROD2","purchased_purges":2,"victory":false,"master_deck":["Strike_R+1","Strike_R","Strike_R","Strike_R+1","Strike_R","Defend_R","Defend_R","Defend_R+1","Defend_R","Bash","Cleave","Cleave","Perfected Strike+1","Intimidate+1","Spot Weakness","Battle Trance","Reaper","Clash","Headbutt","Armaments+1","Uppercut","Perfected Strike","Thunderclap","Sword Boomerang+1","Pain","Demon Form"],"max_hp_per_floor":[80,80,80,80,80,80,80,80,80,80,80,80,80,80,80,80,85,85,85,85,85,85,85,85,85,85,85,85,85],"relics":["Cursed Key","Bottled Flame","Kunai","Lantern","Bag of Preparation","Tiny House","Juzu Bracelet","Old Coin","Toolbox"],"card_choices":[{"not_picked":["Heavy Blade","Feel No Pain"],"picked":"Cleave"},{"not_picked":["Anger","Infernal Blade"],"picked":"Cleave"},{"not_picked":["Iron Wave","Juggernaut"],"picked":"Perfected Strike"},{"not_picked":["Dropkick","Sword Boomerang"],"picked":"Intimidate"},{"not_picked":["Intimidate","Body Slam"],"picked":"Spot Weakness"},{"not_picked":["Anger","Metallicize"],"picked":"Battle Trance"},{"not_picked":["Dark Embrace","Barricade"],"picked":"Reaper"},{"not_picked":["Heavy Blade","Carnage"],"picked":"Intimidate"},{"not_picked":["Feel No Pain","Reckless Charge"],"picked":"Clash"},{"not_picked":["Heavy Blade","Sword Boomerang"],"picked":"Headbutt"},{"not_picked":["Second Wind","Anger"],"picked":"Armaments"},{"not_picked":["Cleave","Pommel Strike"],"picked":"Thunderclap"},{"not_picked":["Offering","Warcry"],"picked":"Sword Boomerang"}],"player_experience":6755,"potions_floor_usage":[7,7,12,18,21,21,24,30],"damage_taken":[{"damage":1,"enemies":"Cultist","floor":1,"turns":3},{"damage":6,"enemies":"Jaw Worm","floor":2,"turns":3},{"damage":0,"enemies":"Small Slimes","floor":3,"turns":2},{"damage":27,"enemies":"Exordium Thugs","floor":4,"turns":4},{"damage":8,"enemies":"Lagavulin","floor":7,"turns":5},{"damage":0,"enemies":"2 Fungi Beasts","floor":12,"turns":1},{"damage":37,"enemies":"Slime Boss","floor":16,"turns":8},{"damage":1,"enemies":"Chosen","floor":18,"turns":3},{"damage":18,"enemies":"Shell Parasite","floor":20,"turns":4},{"damage":4,"enemies":"Centurion and Healer","floor":21,"turns":3},{"damage":19,"enemies":"Cultist and Chosen","floor":24,"turns":5},{"damage":21,"enemies":"Slavers","floor":25,"turns":4},{"damage":48,"enemies":"Slaver and Parasite","floor":30,"turns":3}],"event_choices":[{"event_name":"The Cleric","player_choice":"Healed","floor":5,"damage_taken":0},{"event_name":"Shining Light","player_choice":"Entered Light","floor":11,"damage_taken":0},{"event_name":"Big Fish","player_choice":"Box","floor":14,"damage_taken":0},{"event_name":"Addict","player_choice":"Obtained Relic","floor":27,"damage_taken":0},{"event_name":"Transmorgrifier","player_choice":"Transform","floor":28,"damage_taken":0},{"event_name":"Wheel of Change","player_choice":"Damage","floor":29,"damage_taken":0}],"boss_relics":[{"not_picked":["Runic Dome","Orrery"],"picked":"Tiny House"}],"potions_floor_spawned":[2,4,7,16,20,21,24],"seed_played":"3509311677698399792","killed_by":"Slaver and Parasite","ascension_level":0,"is_trial":false}