{"gold_per_floor":[110,129,148,148,148,148,168,180,206,206,240,257,257,276,276,379,379,398,398,425,436,436],"floor_reached":22,"playtime":1085,"items_purged":[],"score":216,"play_id":"1c9e455e-1e00-4615-a547-bb00d9ac38d5","local_time":"20181201222414","is_ascension_mode":true,"campfire_choices":[{"data":"Neutralize","floor":6,"key":"SMITH"},{"floor":13,"key":"REST"},{"data":"Deadly Poison","floor":15,"key":"SMITH"}],"neow_cost":"CURSE","seed_source_timestamp":691846078343666,"circlet_count":0,"master_deck":["Defend_G","Defend_G","Defend_G","Defend_G","Defend_G","Strike_G","Strike_G","Strike_G","Strike_G","Strike_G","Survivor","Neutralize+1","Doubt","Envenom+1","Deadly Poison+1","Poisoned Stab","Distraction+1","Burst","Poisoned Stab","Poisoned Stab","Bullet Time","Deadly Poison","Deadly Poison+1","Backflip+1"],"relics":["Ring of the Snake","Regal Pillow","Lantern","Snake Skull","Lizard Tail","Shovel","Red Mask"],"potions_floor_usage":[11,11,18],"damage_taken":[{"damage":11,"enemies":"Cultist","floor":1,"turns":6},{"damage":12,"enemies":"Small Slimes","floor":2,"turns":4},{"damage":3,"enemies":"2 Louse","floor":3,"turns":4},{"damage":23,"enemies":"Lots of Slimes","floor":7,"turns":5},{"damage":10,"enemies":"Blue Slaver","floor":8,"turns":4},{"damage":8,"enemies":"Gremlin Nob","floor":11,"turns":3},{"damage":0,"enemies":"3 Louse","floor":12,"turns":4},{"damage":9,"enemies":"2 Fungi Beasts","floor":14,"turns":2},{"damage":13,"enemies":"Hexaghost","floor":16,"turns":6},{"damage":7,"enemies":"Chosen","floor":18,"turns":3},{"damage":74,"enemies":"Masked Bandits","floor":20,"turns":6},{"damage":0,"enemies":"Spheric Guardian","floor":21,"turns":3},{"damage":36,"enemies":"Shelled Parasite and Fungi","floor":22,"turns":3}],"seed_played":"4933316461948769494","potions_obtained":[{"floor":1,"key":"FearPotion"},{"floor":2,"key":"Poison Potion"},{"floor":3,"key":"FairyPotion"},{"floor":14,"key":"SteroidPotion"},{"floor":20,"key":"Strength Potion"},{"floor":21,"key":"Energy Potion"}],"is_trial":false,"path_per_floor":["M","M","M","?","?","R","M","M","T","?","E","M","R","M","R","B",null,"M","?","?","M","M"],"character_chosen":"THE_SILENT","items_purchased":[],"campfire_rested":1,"item_purchase_floors":[],"current_hp_per_floor":[59,47,44,41,41,41,18,8,8,8,7,7,43,34,34,21,70,63,63,35,35,0],"gold":436,"neow_bonus":"THREE_RARE_CARDS","is_prod":false,"is_daily":false,"chose_seed":false,"campfire_upgraded":2,"win_rate":0,"timestamp":1543721054,"path_taken":["M","M","?","?","?","R","?","M","T","?","E","?","R","M","R","BOSS","M","?","?","M","M"],"build_version":"2018-11-15","purchased_purges":0,"victory":false,"max_hp_per_floor":[70,70,70,70,70,70,70,70,70,70,70,70,70,70,70,70,70,70,70,70,70,70],"card_choices":[{"not_picked":["Phantasmal Killer","A Thousand Cuts"],"picked":"Envenom","floor":0},{"not_picked":["Endless Agony","Escape Plan","Terror"],"picked":"SKIP","floor":1},{"not_picked":["Prepared","Slice"],"picked":"Deadly Poison","floor":2},{"not_picked":["Prepared","Sucker Punch"],"picked":"Poisoned Stab","floor":3},{"not_picked":["Blur","Slice"],"picked":"Distraction","floor":7},{"not_picked":["Bane","Quick Slash","All Out Attack"],"picked":"SKIP","floor":8},{"not_picked":["Slice","Caltrops"],"picked":"Burst","floor":11},{"not_picked":["Outmaneuver","Expertise"],"picked":"Poisoned Stab","floor":12},{"not_picked":["Quick Slash","Slice"],"picked":"Poisoned Stab","floor":14},{"not_picked":["Envenom","Night Terror"],"picked":"Bullet Time","floor":16},{"not_picked":["Calculated Gamble","Flying Knee"],"picked":"Deadly Poison","floor":18},{"not_picked":["Quick Slash","Acrobatics+1"],"picked":"Deadly Poison+1","floor":20},{"not_picked":["Quick Slash+1","Slice"],"picked":"Backflip+1","floor":21}],"player_experience":230699,"relics_obtained":[{"floor":9,"key":"Lantern"},{"floor":11,"key":"Snake Skull"},{"floor":20,"key":"Red Mask"}],"event_choices":[{"damage_healed":0,"gold_gain":0,"player_choice":"Success","damage_taken":3,"relics_obtained":["Regal Pillow"],"max_hp_gain":0,"max_hp_loss":0,"event_name":"Scrap Ooze","floor":4,"gold_loss":0},{"damage_healed":0,"gold_gain":0,"player_choice":"Forge","damage_taken":0,"max_hp_gain":0,"max_hp_loss":0,"event_name":"Accursed Blacksmith","floor":5,"gold_loss":0,"cards_upgraded":["Envenom"]},{"damage_healed":0,"gold_gain":0,"player_choice":"Upgraded","damage_taken":0,"max_hp_gain":0,"max_hp_loss":0,"event_name":"Upgrade Shrine","floor":10,"gold_loss":0,"cards_upgraded":["Distraction"]},{"damage_healed":0,"gold_gain":0,"player_choice":"Opened","damage_taken":0,"relics_obtained":["Shovel"],"max_hp_gain":0,"max_hp_loss":0,"event_name":"The Mausoleum","floor":19,"gold_loss":0},{"damage_healed":0,"gold_gain":0,"player_choice":"Fought Bandits","damage_taken":0,"max_hp_gain":0,"max_hp_loss":0,"event_name":"Masked Bandits","floor":20,"gold_loss":0}],"is_beta":false,"boss_relics":[{"not_picked":["Philosopher\u0027s Stone","Fusion Hammer"],"picked":"Lizard Tail"}],"items_purged_floors":[],"is_endless":false,"potions_floor_spawned":[1,2,3,14,20,21],"killed_by":"Shelled Parasite and Fungi","ascension_level":3}