{"gold_per_floor":[118,137,149,168,90,90,149,149,194,194,224,1,16,16,16,112,112,123,123,35,52,52,52,68,68,116,116,130,130],"floor_reached":29,"playtime":939,"items_purged":[],"score":372,"play_id":"77ae9691-86ae-4b9d-8ab5-9ad11885bfd2","local_time":"20190207155028","is_ascension_mode":true,"campfire_choices":[{"data":"1","floor":6,"key":"LIFT"},{"floor":8,"key":"REST"},{"data":"2","floor":10,"key":"LIFT"},{"floor":15,"key":"REST"},{"data":"3","floor":23,"key":"LIFT"},{"data":"Bite","floor":25,"key":"SMITH"}],"neow_cost":"PERCENT_DAMAGE","seed_source_timestamp":2411019338941058,"circlet_count":0,"master_deck":["Defend_R+1","Defend_R","Defend_R+1","Defend_R","Bash","Dropkick","Pummel","Iron Wave","Heavy Blade","Metallicize","Perfected Strike","Anger","Shrug It Off","Perfected Strike","Iron Wave","Double Tap","Anger","Pummel","Spot Weakness","Anger","Heavy Blade","Armaments","Bite+1","Bite","Bite","Bite","Bite","Bandage Up","Immolate","Heavy Blade","Heavy Blade+1"],"relics":["Burning Blood","Girya","Orichalcum","Ancient Tea Set","War Paint","Red Skull","Orrery","Smiling Mask","CultistMask"],"potions_floor_usage":[7,16],"damage_taken":[{"damage":10,"enemies":"2 Louse","floor":1,"turns":3},{"damage":6,"enemies":"Cultist","floor":2,"turns":3},{"damage":2,"enemies":"Jaw Worm","floor":3,"turns":3},{"damage":29,"enemies":"Large Slime","floor":4,"turns":7},{"damage":23,"enemies":"3 Sentries","floor":7,"turns":9},{"damage":0,"enemies":"Gremlin Nob","floor":11,"turns":2},{"damage":11,"enemies":"Lots of Slimes","floor":13,"turns":4},{"damage":35,"enemies":"Slime Boss","floor":16,"turns":8},{"damage":0,"enemies":"3 Byrds","floor":18,"turns":5},{"damage":19,"enemies":"Spheric Guardian","floor":21,"turns":4},{"damage":41,"enemies":"Shelled Parasite and Fungi","floor":24,"turns":4},{"damage":0,"enemies":"Cultist and Chosen","floor":28,"turns":2},{"damage":36,"enemies":"Book of Stabbing","floor":29,"turns":3}],"seed_played":"1299534227133569325","potions_obtained":[{"floor":1,"key":"Energy Potion"},{"floor":4,"key":"Weak Potion"},{"floor":11,"key":"PowerPotion"},{"floor":13,"key":"BloodPotion"},{"floor":14,"key":"BloodPotion"},{"floor":28,"key":"Poison Potion"}],"is_trial":false,"path_per_floor":["M","M","M","M","$","R","?","R","T","R","E","$","M","?","R","B",null,"M","?","$","M","?","R","M","R","T","?","M","E"],"character_chosen":"IRONCLAD","items_purchased":["Metallicize","Shrug It Off","Perfected Strike","Red Skull","Bandage Up"],"campfire_rested":2,"item_purchase_floors":[5,12,12,12,20],"current_hp_per_floor":[47,47,51,28,28,28,11,35,35,35,41,41,36,36,60,39,70,76,56,56,47,47,47,20,20,20,20,29,0],"gold":130,"neow_bonus":"ONE_RARE_RELIC","is_prod":false,"is_daily":false,"chose_seed":false,"campfire_upgraded":1,"win_rate":0,"timestamp":1549583428,"path_taken":["M","M","M","M","$","R","?","R","T","R","E","$","M","?","R","BOSS","M","?","$","M","?","R","M","R","T","?","?","E"],"build_version":"2019-01-23","purchased_purges":0,"victory":false,"max_hp_per_floor":[80,80,80,80,80,80,80,80,80,80,80,80,80,80,80,80,80,80,56,56,56,56,56,56,56,56,56,56,56],"card_choices":[{"not_picked":["Feel No Pain","Warcry"],"picked":"Dropkick","floor":1},{"not_picked":["Evolve","Perfected Strike"],"picked":"Pummel","floor":2},{"not_picked":["Intimidate","Second Wind"],"picked":"Iron Wave","floor":3},{"not_picked":["Ghostly Armor","Carnage"],"picked":"Heavy Blade","floor":4},{"not_picked":["Battle Trance","Hemokinesis"],"picked":"Perfected Strike","floor":7},{"not_picked":["Feel No Pain","Intimidate"],"picked":"Anger","floor":11},{"not_picked":["Thunderclap","Twin Strike"],"picked":"Iron Wave","floor":13},{"not_picked":["Offering","Dark Embrace"],"picked":"Double Tap","floor":16},{"not_picked":["Seeing Red","Wild Strike"],"picked":"Anger","floor":17},{"not_picked":["Twin Strike","Thunderclap"],"picked":"Pummel","floor":17},{"not_picked":["Intimidate","Reckless Charge"],"picked":"Spot Weakness","floor":17},{"not_picked":["Wild Strike","Clash"],"picked":"Anger","floor":17},{"not_picked":["True Grit","Fire Breathing"],"picked":"Heavy Blade","floor":17},{"not_picked":["Headbutt","Clothesline"],"picked":"Armaments","floor":18},{"not_picked":["Body Slam+1","Headbutt"],"picked":"Immolate","floor":21},{"not_picked":["Evolve","Perfected Strike"],"picked":"Heavy Blade+1","floor":24},{"not_picked":["Intimidate","Sever Soul","Pommel Strike"],"picked":"SKIP","floor":28}],"player_experience":253163,"relics_obtained":[{"floor":7,"key":"Orichalcum"},{"floor":9,"key":"Ancient Tea Set"},{"floor":11,"key":"War Paint"},{"floor":26,"key":"Smiling Mask"}],"event_choices":[{"damage_healed":0,"gold_gain":0,"player_choice":"Searched \u00271\u0027 times","damage_taken":0,"max_hp_gain":0,"max_hp_loss":0,"event_name":"Dead Adventurer","floor":7,"gold_loss":0},{"damage_healed":0,"gold_gain":0,"player_choice":"Got Potions","damage_taken":0,"max_hp_gain":0,"max_hp_loss":0,"event_name":"Lab","floor":14,"gold_loss":0},{"damage_healed":0,"gold_gain":0,"player_choice":"Became a vampire","damage_taken":0,"max_hp_gain":0,"max_hp_loss":24,"event_name":"Vampires","floor":19,"gold_loss":0,"cards_obtained":["Bite","Bite","Bite","Bite","Bite"]},{"damage_healed":0,"gold_gain":0,"player_choice":"Read","damage_taken":0,"max_hp_gain":0,"max_hp_loss":0,"event_name":"The Library","floor":22,"gold_loss":0,"cards_obtained":["Heavy Blade"]},{"damage_healed":0,"gold_gain":0,"player_choice":"Trade","damage_taken":0,"relics_obtained":["CultistMask"],"max_hp_gain":0,"max_hp_loss":0,"event_name":"FaceTrader","floor":27,"gold_loss":0}],"is_beta":false,"boss_relics":[{"not_picked":["Snecko Eye","Runic Dome"],"picked":"Orrery"}],"items_purged_floors":[],"is_endless":false,"potions_floor_spawned":[1,4,11,13,28],"killed_by":"Book of Stabbing","ascension_level":6}