{"gold_per_floor":[110,110,187,152,164,189,189,215,269,299,311,311,311,311,311,389,389,405,405,416,416,427,427],"floor_reached":23,"playtime":1193,"items_purged":[],"score":352,"play_id":"3d4185d2-759f-4cfc-9628-c7e6e5604322","local_time":"20190114225202","is_ascension_mode":true,"campfire_choices":[{"floor":7.0,"key":"REST"},{"data":"Caltrops","floor":13.0,"key":"SMITH"},{"floor":15.0,"key":"REST"}],"neow_cost":"NONE","seed_source_timestamp":34427051165731,"circlet_count":0,"master_deck":["AscendersBane","Defend_G+1","Defend_G","Defend_G","Defend_G","Defend_G+1","Strike_G","Strike_G","Strike_G","Strike_G","Strike_G","Survivor","Neutralize","Caltrops+1","Backstab","All Out Attack","Dash","Deflect","Caltrops","Corpse Explosion","Flying Knee","Prepared"],"special_seed":0,"relics":["Runic Pyramid","War Paint","Question Card","Smiling Mask","Matryoshka","Strawberry","Boot","Pantograph","Runic Dome"],"potions_floor_usage":[16,20,22,23],"damage_taken":[{"damage":3.0,"enemies":"Cultist","floor":1.0,"turns":6.0},{"damage":0.0,"enemies":"Jaw Worm","floor":5.0,"turns":5.0},{"damage":30.0,"enemies":"Gremlin Nob","floor":6.0,"turns":5.0},{"damage":21.0,"enemies":"3 Sentries","floor":8.0,"turns":10.0},{"damage":3.0,"enemies":"Lagavulin","floor":10.0,"turns":6.0},{"damage":0.0,"enemies":"2 Louse","floor":11.0,"turns":3.0},{"damage":47,"enemies":"Slime Boss","floor":16,"turns":20},{"damage":18,"enemies":"Shell Parasite","floor":18,"turns":5},{"damage":20,"enemies":"2 Thieves","floor":20,"turns":4},{"damage":15,"enemies":"Centurion and Healer","floor":22,"turns":6},{"damage":13,"enemies":"Slavers","floor":23,"turns":1}],"seed_played":"-2056700650038406815","potions_obtained":[{"floor":6.0,"key":"Poison Potion"},{"floor":8.0,"key":"Dexterity Potion"},{"floor":10.0,"key":"Ancient Potion"},{"floor":16,"key":"FearPotion"},{"floor":20,"key":"Swift Potion"},{"floor":22,"key":"SteroidPotion"}],"is_trial":false,"path_per_floor":["M","?","T","?","M","E","R","E","T","E","M","?","R","$","R","B",null,"M","?","M","?","M","E"],"character_chosen":"THE_SILENT","items_purchased":[],"campfire_rested":2,"item_purchase_floors":[],"current_hp_per_floor":[56,49,49,65,65,35,54,33,40,37,37,42,42,42,65,31,66,48,48,28,28,13,0],"gold":427,"neow_bonus":"BOSS_RELIC","is_prod":false,"is_daily":false,"chose_seed":false,"campfire_upgraded":1,"win_rate":0,"timestamp":1547499122,"path_taken":["M","?","?","?","M","E","R","E","T","E","M","?","R","$","R","BOSS","M","?","M","?","M","E"],"build_version":"2019-01-10","purchased_purges":0,"victory":false,"max_hp_per_floor":[66,66,66,66,66,66,66,66,73,73,73,78,78,78,78,78,78,78,78,78,78,78,78],"card_choices":[{"not_picked":["Quick Slash","Deadly Poison"],"picked":"Caltrops","floor":1.0},{"not_picked":["Underhanded Strike","Deadly Poison","Endless Agony"],"picked":"Backstab","floor":5.0},{"not_picked":["Quick Slash","Acrobatics","Tactician"],"picked":"All Out Attack","floor":6.0},{"not_picked":["Crippling Poison","Reflex","Envenom"],"picked":"Dash","floor":8.0},{"not_picked":["Distraction","Endless Agony","A Thousand Cuts"],"picked":"Deflect","floor":10.0},{"not_picked":["Blade Dance","Dodge and Roll","Dagger Throw"],"picked":"Caltrops","floor":11.0},{"not_picked":["Malaise","Wraith Form v2","Tools of the Trade"],"picked":"Corpse Explosion","floor":16},{"not_picked":["Bane","Eviscerate","Masterful Stab","Sucker Punch"],"picked":"SKIP","floor":18},{"not_picked":["Dodge and Roll","Blade Dance","Dagger Spray"],"picked":"Flying Knee","floor":20},{"not_picked":["Calculated Gamble","Blade Dance","Dodge and Roll"],"picked":"Prepared","floor":22}],"player_experience":287837,"relics_obtained":[{"floor":3.0,"key":"Question Card"},{"floor":6.0,"key":"Smiling Mask"},{"floor":8.0,"key":"Matryoshka"},{"floor":9.0,"key":"Strawberry"},{"floor":9.0,"key":"Boot"},{"floor":10.0,"key":"Pantograph"}],"event_choices":[{"damage_healed":0.0,"max_hp_gain":0.0,"max_hp_loss":0.0,"gold_gain":0.0,"event_name":"Scrap Ooze","player_choice":"Success","floor":2.0,"gold_loss":0.0,"damage_taken":7.0,"relics_obtained":["War Paint"]},{"damage_healed":16.0,"max_hp_gain":0.0,"max_hp_loss":0.0,"gold_gain":0.0,"event_name":"The Cleric","player_choice":"Healed","floor":4.0,"gold_loss":35.0,"damage_taken":0.0},{"damage_healed":0.0,"max_hp_gain":5.0,"max_hp_loss":0.0,"gold_gain":0.0,"event_name":"Big Fish","player_choice":"Donut","floor":12.0,"gold_loss":0.0,"damage_taken":0.0},{"damage_healed":0,"gold_gain":0,"player_choice":"Ignored","damage_taken":0,"max_hp_gain":0,"max_hp_loss":0,"event_name":"Cursed Tome","floor":19,"gold_loss":0},{"damage_healed":0,"gold_gain":0,"player_choice":"Ignored","damage_taken":0,"max_hp_gain":0,"max_hp_loss":0,"event_name":"Vampires","floor":21,"gold_loss":0}],"is_beta":false,"boss_relics":[{"not_picked":["Coffee Dripper","Lizard Tail"],"picked":"Runic Dome"}],"items_purged_floors":[],"is_endless":false,"potions_floor_spawned":[6,8,10,16,20,22],"killed_by":"Slavers","ascension_level":14}