{"gold_per_floor":[118,129,129,26,52,81,93,93,93,111,144,162,162,36,36,138,138,118,135,63,80,80],"floor_reached":22,"playtime":1190,"items_purged":["Strike_B"],"score":265,"play_id":"9fde195b-3283-434d-8178-15852414c4a3","local_time":"20181106013549","is_ascension_mode":true,"campfire_choices":[{"floor":8,"key":"DIG"},{"floor":15,"key":"REST"}],"neow_cost":"NONE","seed_source_timestamp":194007405042662,"circlet_count":0,"master_deck":["Strike_B","Defend_B","Defend_B","Defend_B","Defend_B","Zap","Dualcast","Capacitor","Glacier","Blizzard","Glacier","All For One","Go for the Eyes","Leap","Force Field","Streamline","Redo","Creative AI","Normality","Decay","Parasite","Turbo","FTL+1","Capacitor","Steam+1"],"relics":["Cracked Core","NeowsBlessing","Lantern","Shovel","Regal Pillow","Oddly Smooth Stone","Bronze Scales","Calling Bell","Strawberry","Letter Opener","Incense Burner"],"potions_floor_usage":[21,22],"damage_taken":[{"damage":0,"enemies":"Cultist","floor":1,"turns":1},{"damage":0,"enemies":"Small Slimes","floor":2,"turns":1},{"damage":0,"enemies":"3 Sentries","floor":6,"turns":1},{"damage":0,"enemies":"2 Louse","floor":7,"turns":2},{"damage":5,"enemies":"Looter","floor":10,"turns":3},{"damage":41,"enemies":"Lagavulin","floor":11,"turns":8},{"damage":0,"enemies":"2 Fungi Beasts","floor":12,"turns":4},{"damage":14,"enemies":"Hexaghost","floor":16,"turns":11},{"damage":34,"enemies":"2 Thieves","floor":18,"turns":5},{"damage":20,"enemies":"Chosen","floor":19,"turns":6},{"damage":21,"enemies":"Centurion and Healer","floor":21,"turns":13},{"damage":14,"enemies":"Colosseum Slavers","floor":22,"turns":1}],"seed_played":"1841111466705074800","potions_obtained":[{"floor":1,"key":"Explosive Potion"},{"floor":2,"key":"EssenceOfSteel"},{"floor":11,"key":"SkillPotion"}],"is_trial":false,"path_per_floor":["M","M","?","$","T","E","M","R","T","M","E","M","?","$","R","B",null,"M","M","$","M","?"],"character_chosen":"DEFECT","items_purchased":["Blizzard","Glacier","Redo","Capacitor"],"campfire_rested":1,"item_purchase_floors":[4,4,14,20],"current_hp_per_floor":[75,75,75,75,75,75,75,75,75,70,29,29,22,22,59,45,82,48,28,28,7,0],"gold":80,"neow_bonus":"THREE_ENEMY_KILL","is_prod":false,"is_daily":false,"chose_seed":false,"campfire_upgraded":0,"win_rate":0,"timestamp":1541486149,"path_taken":["M","?","?","$","?","E","M","R","T","M","E","M","?","$","R","BOSS","M","M","$","M","?"],"build_version":"2018-11-01","purchased_purges":1,"victory":false,"max_hp_per_floor":[75,75,75,75,75,75,75,75,75,75,75,75,75,75,75,75,82,82,82,82,82,82],"card_choices":[{"not_picked":["Leap","Streamline"],"picked":"Capacitor","floor":1},{"not_picked":["Ball Lightning","Storm"],"picked":"Glacier","floor":2},{"not_picked":["Beam Cell","Leap"],"picked":"All For One","floor":6},{"not_picked":["Cold Snap","Storm"],"picked":"Go for the Eyes","floor":7},{"not_picked":["Capacitor","Sunder"],"picked":"Leap","floor":10},{"not_picked":["Leap","Sunder"],"picked":"Force Field","floor":11},{"not_picked":["Steam Power","BootSequence"],"picked":"Streamline","floor":12},{"not_picked":["Amplify","Meteor Strike"],"picked":"Creative AI","floor":16},{"not_picked":["Hologram","Leap"],"picked":"Turbo","floor":18},{"not_picked":["Steam","Defragment+1"],"picked":"FTL+1","floor":19},{"not_picked":["Streamline","Go for the Eyes+1"],"picked":"Steam+1","floor":21}],"player_experience":752303,"relics_obtained":[{"floor":5,"key":"Lantern"},{"floor":6,"key":"Shovel"},{"floor":8,"key":"Regal Pillow"},{"floor":9,"key":"Oddly Smooth Stone"},{"floor":11,"key":"Bronze Scales"},{"floor":17,"key":"Strawberry"},{"floor":17,"key":"Letter Opener"},{"floor":17,"key":"Incense Burner"}],"event_choices":[{"cards_removed":["Strike_B"],"damage_healed":0,"gold_gain":0,"player_choice":"Purged","damage_taken":0,"max_hp_gain":0,"max_hp_loss":0,"event_name":"Purifier","floor":3,"gold_loss":0},{"cards_removed":["Strike_B"],"damage_healed":0,"gold_gain":0,"player_choice":"Card Removal","damage_taken":7,"max_hp_gain":0,"max_hp_loss":0,"event_name":"Golden Wing","floor":13,"gold_loss":0},{"damage_healed":0,"gold_gain":0,"player_choice":"Fight","damage_taken":0,"max_hp_gain":0,"max_hp_loss":0,"event_name":"Colosseum","floor":22,"gold_loss":0}],"is_beta":false,"boss_relics":[{"not_picked":["Runic Pyramid","Lizard Tail"],"picked":"Calling Bell"}],"items_purged_floors":[14],"is_endless":false,"potions_floor_spawned":[1,2,11,16,18],"killed_by":"Colosseum Slavers","ascension_level":4}