{"gold_per_floor":[109,125,50,50,50,79,79,79,79,29,29,29,43,63,63,164,164,182,182,282,300,300,300,319,97,122,136,86,86,105,117,117,221,221,233,249,249,124,137,137,137,149,230,230,247,22,34,34,34,34],"floor_reached":51,"playtime":1607,"items_purged":["Strike_G","Strike_G","Strike_G","Strike_G"],"score":756,"play_id":"4a116576-18da-4258-b6fe-ee16249a1e87","local_time":"20190302214321","is_ascension_mode":true,"campfire_choices":[{"data":"Leg Sweep","floor":8,"key":"SMITH"},{"data":"Deadly Poison","floor":12,"key":"SMITH"},{"data":"Deadly Poison","floor":15,"key":"SMITH"},{"data":"Corpse Explosion","floor":23,"key":"SMITH"},{"data":"Noxious Fumes","floor":29,"key":"SMITH"},{"data":"Footwork","floor":32,"key":"SMITH"},{"data":"Well Laid Plans","floor":40,"key":"SMITH"},{"data":"Dodge and Roll","floor":41,"key":"SMITH"},{"data":"Backflip","floor":44,"key":"SMITH"},{"data":"Footwork","floor":49,"key":"SMITH"}],"neow_cost":"NONE","seed_source_timestamp":689670964178800,"circlet_count":0,"master_deck":["Defend_G","Defend_G","Defend_G+1","Defend_G","Defend_G","Survivor","Neutralize+1","Leg Sweep+1","Backflip+1","Deadly Poison+1","Deadly Poison+1","Corpse Explosion+1","Noxious Fumes+1","Dodge and Roll+1","Well Laid Plans+1","Footwork+1","Footwork+1","Crippling Poison+1"],"relics":["Ring of the Snake","NeowsBlessing","Mummified Hand","Pen Nib","FossilizedHelix","Meat on the Bone","Sozu","WingedGreaves","Bottled Lightning","Blood Vial","Eternal Feather","Letter Opener"],"potions_floor_usage":[20,33,50],"damage_taken":[{"damage":0,"enemies":"Cultist","floor":1,"turns":1},{"damage":0,"enemies":"Small Slimes","floor":2,"turns":1},{"damage":0,"enemies":"3 Sentries","floor":6,"turns":1},{"damage":0,"enemies":"2 Louse","floor":13,"turns":3},{"damage":0,"enemies":"Blue Slaver","floor":14,"turns":3},{"damage":6,"enemies":"The Guardian","floor":16,"turns":9},{"damage":0,"enemies":"Chosen","floor":18,"turns":5},{"damage":0,"enemies":"Colosseum Slavers","floor":20,"turns":3},{"damage":0,"enemies":"Colosseum Nobs","floor":20,"turns":3},{"damage":0,"enemies":"2 Thieves","floor":21,"turns":3},{"damage":0,"enemies":"Snecko","floor":24,"turns":4},{"damage":0,"enemies":"Chosen and Byrds","floor":27,"turns":4},{"damage":8,"enemies":"Centurion and Healer","floor":30,"turns":4},{"damage":0,"enemies":"Cultist and Chosen","floor":31,"turns":5},{"damage":2,"enemies":"Champ","floor":33,"turns":12},{"damage":11,"enemies":"3 Darklings","floor":35,"turns":3},{"damage":7,"enemies":"3 Shapes","floor":36,"turns":4},{"damage":0,"enemies":"Writhing Mass","floor":39,"turns":6},{"damage":0,"enemies":"3 Darklings","floor":42,"turns":3},{"damage":0,"enemies":"Sphere and 2 Shapes","floor":45,"turns":6},{"damage":0,"enemies":"Transient","floor":47,"turns":5},{"damage":0,"enemies":"Time Eater","floor":50,"turns":14}],"seed_played":"5704531377904892758","potions_obtained":[{"floor":2,"key":"Dexterity Potion"},{"floor":6,"key":"EssenceOfSteel"},{"floor":13,"key":"Fire Potion"}],"is_trial":false,"path_per_floor":["M","M","$","T","?","E","?","R","T","$","?","R","M","M","R","B",null,"M","?","?","M","?","R","M","$","T","M","?","R","M","M","R","B",null,"M","M","?","$","M","R","R","M","T","R","M","$","M","$","R","B",null],"character_chosen":"THE_SILENT","items_purchased":["Deadly Poison","Noxious Fumes","Dodge and Roll","Footwork"],"campfire_rested":0,"item_purchase_floors":[10,25,25,46],"current_hp_per_floor":[70,70,70,70,56,56,53,53,53,53,53,53,53,53,53,47,70,70,70,70,70,70,70,70,70,70,70,70,70,62,64,64,64,70,59,54,54,54,56,65,70,70,70,70,70,70,70,70,70,70],"gold":34,"neow_bonus":"THREE_ENEMY_KILL","is_prod":false,"is_daily":false,"chose_seed":false,"campfire_upgraded":10,"win_rate":0,"timestamp":1551559401,"path_taken":["M","M","$","?","?","E","?","R","T","$","?","R","M","M","R","BOSS","M","?","?","M","?","R","M","?","T","M","?","R","M","M","R","BOSS","M","?","?","$","M","R","R","M","T","R","M","$","M","$","R","BOSS"],"build_version":"2019-02-06","purchased_purges":4,"victory":true,"max_hp_per_floor":[70,70,70,70,70,70,70,70,70,70,70,70,70,70,70,70,70,70,70,70,70,70,70,70,70,70,70,70,70,70,70,70,70,70,70,70,70,70,70,70,70,70,70,70,70,70,70,70,70,70],"card_choices":[{"not_picked":["Deflect","Underhanded Strike"],"picked":"Leg Sweep","floor":1},{"not_picked":["Distraction","Endless Agony"],"picked":"Backflip","floor":2},{"not_picked":["Underhanded Strike","Quick Slash","Sucker Punch"],"picked":"SKIP","floor":6},{"not_picked":["Heel Hook","Quick Slash"],"picked":"Deadly Poison","floor":13},{"not_picked":["Cloak And Dagger","Bane","Poisoned Stab"],"picked":"SKIP","floor":14},{"not_picked":["Die Die Die","Envenom"],"picked":"Corpse Explosion","floor":16},{"not_picked":["Skewer","Poisoned Stab+1","Eviscerate"],"picked":"SKIP","floor":18},{"not_picked":["Flying Knee+1","Infinite Blades","Backstab+1"],"picked":"SKIP","floor":21},{"not_picked":["Blade Dance","Riddle With Holes","Malaise"],"picked":"SKIP","floor":24},{"not_picked":["Blade Dance","Crippling Poison"],"picked":"Well Laid Plans","floor":27},{"not_picked":["Dagger Spray","Bane"],"picked":"Footwork","floor":30},{"not_picked":["Prepared","Heel Hook","Expertise+1"],"picked":"SKIP","floor":31},{"not_picked":["Backstab+1","Blade Dance","Flying Knee+1"],"picked":"SKIP","floor":35},{"not_picked":["Acrobatics","Flechettes","Outmaneuver"],"picked":"SKIP","floor":36},{"not_picked":["Sucker Punch","Deadly Poison+1","Predator+1"],"picked":"SKIP","floor":39},{"not_picked":["Sucker Punch","Deadly Poison+1","Predator+1"],"picked":"SKIP","floor":39},{"not_picked":["Leg Sweep+1","Blade Dance","Bane+1"],"picked":"SKIP","floor":42},{"not_picked":["Wraith Form v2","Blade Dance","Accuracy+1"],"picked":"SKIP","floor":45},{"not_picked":["Dagger Spray","Deadly Poison"],"picked":"Crippling Poison+1","floor":47}],"player_experience":295268,"relics_obtained":[{"floor":4,"key":"Mummified Hand"},{"floor":6,"key":"Pen Nib"},{"floor":9,"key":"Meat on the Bone"},{"floor":20,"key":"WingedGreaves"},{"floor":20,"key":"Bottled Lightning"},{"floor":26,"key":"Blood Vial"},{"floor":43,"key":"Letter Opener"}],"event_choices":[{"damage_healed":0,"gold_gain":0,"player_choice":"Entered Light","damage_taken":14,"max_hp_gain":0,"max_hp_loss":0,"event_name":"Shining Light","floor":5,"gold_loss":0,"cards_upgraded":["Defend_G","Neutralize"]},{"damage_healed":0,"gold_gain":0,"player_choice":"Success","damage_taken":3,"relics_obtained":["FossilizedHelix"],"max_hp_gain":0,"max_hp_loss":0,"event_name":"Scrap Ooze","floor":7,"gold_loss":0},{"damage_healed":0,"gold_gain":0,"player_choice":"Leave","damage_taken":0,"max_hp_gain":0,"max_hp_loss":0,"event_name":"The Cleric","floor":11,"gold_loss":0},{"damage_healed":0,"gold_gain":0,"player_choice":"Ignored","damage_taken":0,"max_hp_gain":0,"max_hp_loss":0,"event_name":"Cursed Tome","floor":19,"gold_loss":0},{"damage_healed":0,"gold_gain":0,"player_choice":"Fight","damage_taken":0,"max_hp_gain":0,"max_hp_loss":0,"event_name":"Colosseum","floor":20,"gold_loss":0},{"damage_healed":0,"gold_gain":0,"player_choice":"Fought Nobs","damage_taken":0,"max_hp_gain":0,"max_hp_loss":0,"event_name":"Colosseum","floor":20,"gold_loss":0},{"damage_healed":0,"gold_gain":0,"player_choice":"Ignored","damage_taken":0,"max_hp_gain":0,"max_hp_loss":0,"event_name":"Vampires","floor":22,"gold_loss":0},{"damage_healed":0,"gold_gain":0,"player_choice":"Bet on Owner","damage_taken":0,"max_hp_gain":0,"max_hp_loss":0,"event_name":"The Joust","floor":28,"gold_loss":50},{"cards_removed":["Strike_G"],"damage_healed":0,"gold_gain":0,"player_choice":"Removed Attack","damage_taken":0,"max_hp_gain":0,"max_hp_loss":0,"event_name":"Falling","floor":37,"gold_loss":0}],"is_beta":true,"boss_relics":[{"not_picked":["White Beast Statue","Ectoplasm"],"picked":"Sozu"},{"not_picked":["Tiny House","Runic Pyramid"],"picked":"Eternal Feather"}],"items_purged_floors":[3,25,38,46],"is_endless":false,"potions_floor_spawned":[2,6,13,20,21,27,31,33,36,39,42,47],"ascension_level":1}