{"path_per_floor":["M","M","M","M","?","R","$","M","T","M","E","?","M","E","R","B",null,"M","?","M","M","M","R","E","R","T","M","M","M","M","E","R","B",null,"M","T","M","M","?"],"character_chosen":"IRONCLAD","items_purchased":["Perfected Strike"],"gold_per_floor":[110,130,143,155,105,105,6,23,95,107,140,140,156,187,187,286,286,298,213,229,243,258,258,291,291,315,330,346,359,372,403,403,501,501,519,519,538,556,556],"floor_reached":40,"campfire_rested":0,"playtime":3868,"current_hp_per_floor":[77,80,77,78,78,78,78,77,77,78,68,68,74,58,58,29,80,80,80,76,80,80,80,76,76,76,80,72,77,80,65,65,25,80,65,65,61,59,59],"items_purged":["Defend_R"],"gold":556,"score":422,"play_id":"cf00b34c-bf0b-4ea3-af10-b94d4f3b2d7c","is_prod":false,"is_daily":false,"is_ascension_mode":false,"campfire_upgraded":5,"path_taken":["M","M","M","M","?","R","$","M","T","M","E","?","M","E","R","BOSS","M","?","M","M","M","R","E","R","T","M","?","M","M","E","R","BOSS","M","?","M","M","?","E"],"build_version":"2018-02-08-BETA1","purchased_purges":1,"victory":false,"master_deck":["Strike_R","Strike_R","Strike_R","Strike_R","Strike_R","Defend_R+1","Defend_R+1","Bash+1","Cleave","Perfected Strike","Seeing Red+1","Perfected Strike","Perfected Strike","Brutality+1","Armaments+1","Berserk+1","Pommel Strike+1","Pommel Strike+1","Perfected Strike","Twin Strike","Shrug It Off","Perfected Strike","Pommel Strike","Offering"],"max_hp_per_floor":[80,80,80,80,80,80,80,80,80,80,80,80,80,80,80,80,80,80,80,80,80,80,80,80,80,80,80,80,80,80,80,80,80,80,80,80,80,80,80],"relics":["Burning Blood","Centennial Puzzle","Ginger","Dream Catcher","Velvet Choker","Bag of Preparation","War Paint","Happy Flower","Juzu Bracelet","Snecko Eye","Champion Belt"],"card_choices":[{"not_picked":["Warcry","Fire Breathing"],"picked":"Cleave"},{"not_picked":["Clothesline","Armaments"],"picked":"Perfected Strike"},{"not_picked":["Combust","Armaments"],"picked":"Seeing Red"},{"not_picked":["Seeing Red","Inflame"],"picked":"Perfected Strike"},{"not_picked":["Burning Pact","Second Wind"],"picked":"Brutality"},{"not_picked":["Intimidate","Second Wind"],"picked":"Armaments"},{"not_picked":["Bludgeon","Fiend Fire"],"picked":"Berserk"},{"not_picked":["Body Slam","Perfected Strike"],"picked":"Pommel Strike"},{"not_picked":["Battle Trance","True Grit"],"picked":"Pommel Strike"},{"not_picked":["Uppercut","Clothesline"],"picked":"Perfected Strike"},{"not_picked":["Second Wind","Demon Form"],"picked":"Twin Strike"},{"not_picked":["Headbutt","Clothesline"],"picked":"Shrug It Off"},{"not_picked":["Warcry","Cleave"],"picked":"Perfected Strike"},{"not_picked":["Disarm","Flex"],"picked":"Pommel Strike"},{"not_picked":["Bludgeon","Barricade"],"picked":"Offering"}],"player_experience":0,"potions_floor_usage":[14,16,24,31,37,40,40,40],"damage_taken":[{"damage":9,"enemies":"Jaw Worm","floor":1,"turns":5},{"damage":0,"enemies":"2 Louse","floor":2,"turns":2},{"damage":9,"enemies":"Small Slimes","floor":3,"turns":4},{"damage":5,"enemies":"3 Louse","floor":4,"turns":4},{"damage":7,"enemies":"Looter","floor":8,"turns":3},{"damage":5,"enemies":"Lots of Slimes","floor":10,"turns":3},{"damage":16,"enemies":"Gremlin Nob","floor":11,"turns":3},{"damage":0,"enemies":"Large Slime","floor":13,"turns":2},{"damage":22,"enemies":"Lagavulin","floor":14,"turns":5},{"damage":35,"enemies":"The Guardian","floor":16,"turns":7},{"damage":1,"enemies":"Chosen","floor":18,"turns":2},{"damage":10,"enemies":"Spheric Guardian","floor":20,"turns":3},{"damage":0,"enemies":"Snecko","floor":21,"turns":2},{"damage":5,"enemies":"Centurion and Healer","floor":22,"turns":4},{"damage":10,"enemies":"Book of Stabbing","floor":24,"turns":4},{"damage":2,"enemies":"3 Cultists","floor":27,"turns":3},{"damage":14,"enemies":"Snake Plant","floor":28,"turns":2},{"damage":1,"enemies":"Snecko","floor":29,"turns":2},{"damage":2,"enemies":"Chosen and Byrds","floor":30,"turns":3},{"damage":21,"enemies":"Slavers","floor":31,"turns":3},{"damage":46,"enemies":"Champ","floor":33,"turns":5},{"damage":21,"enemies":"3 Shapes","floor":35,"turns":4},{"damage":10,"enemies":"3 Darklings","floor":37,"turns":2},{"damage":8,"enemies":"Sphere and 2 Shapes","floor":38,"turns":3},{"damage":72,"enemies":"Nemesis","floor":40,"turns":6}],"event_choices":[{"event_name":"The Cleric","player_choice":"Card Removal","floor":5,"damage_taken":0},{"event_name":"Living Wall","player_choice":"Grow","floor":12,"damage_taken":0},{"event_name":"Addict","player_choice":"Obtained Relic","floor":19,"damage_taken":0},{"event_name":"Tomb of Lord Red Mask","player_choice":"Ignored","floor":39,"damage_taken":0}],"boss_relics":[{"not_picked":["Calling Bell","Orrery"],"picked":"Velvet Choker"},{"not_picked":["Runic Pyramid","Question Card"],"picked":"Snecko Eye"}],"potions_floor_spawned":[2,3,8,14,16,20,24,28,29,33,38],"seed_played":"2682246892728286682","killed_by":"Nemesis","ascension_level":0,"is_trial":false}