{"gold_per_floor":[115,68,68,79,95,95,107,107,107,9,29,29,41,61,61,162,162,144,160,160,160,174,174,24,36,36,54,54,71,88,88,88,88],"floor_reached":33,"playtime":1734,"items_purged":["Strike_R","Decay"],"score":243,"play_id":"854018fa-380c-43db-90f7-5a0796e6a2ad","local_time":"20190130013013","is_ascension_mode":false,"campfire_choices":[{"data":"Body Slam","floor":6,"key":"SMITH"},{"data":"Flame Barrier","floor":8,"key":"SMITH"},{"data":"Body Slam","floor":15,"key":"SMITH"},{"data":"Juggernaut","floor":23,"key":"SMITH"},{"floor":32,"key":"REST"}],"neow_cost":"NONE","seed_source_timestamp":0,"circlet_count":0,"master_deck":["Strike_R","Defend_R","Defend_R","Defend_R","Defend_R","Bash","Flame Barrier+1","Body Slam+1","Shrug It Off","Body Slam+1","Juggernaut+1","Reckless Charge+1","Anger+1","Headbutt+1","Metallicize","Body Slam","Shrug It Off","Dual Wield"],"special_seed":0,"relics":["Burning Blood","NeowsBlessing","Singing Bowl","Astrolabe","Peace Pipe"],"potions_floor_usage":[16],"damage_taken":[{"damage":0.0,"enemies":"2 Louse","floor":1.0,"turns":1.0},{"damage":0,"enemies":"Cultist","floor":4,"turns":1},{"damage":0,"enemies":"Jaw Worm","floor":5,"turns":1},{"damage":19,"enemies":"Large Slime","floor":7,"turns":8},{"damage":0,"enemies":"Red Slaver","floor":11,"turns":4},{"damage":17,"enemies":"Gremlin Gang","floor":13,"turns":4},{"damage":3,"enemies":"Exordium Wildlife","floor":14,"turns":4},{"damage":46,"enemies":"The Guardian","floor":16,"turns":18},{"damage":10,"enemies":"2 Thieves","floor":18,"turns":4},{"damage":13,"enemies":"3 Byrds","floor":19,"turns":4},{"damage":12,"enemies":"Colosseum Slavers","floor":20,"turns":4},{"damage":37,"enemies":"Cultist and Chosen","floor":22,"turns":7},{"damage":7,"enemies":"Shelled Parasite and Fungi","floor":25,"turns":4},{"damage":3,"enemies":"Snake Plant","floor":27,"turns":3},{"damage":8,"enemies":"Cultist and Chosen","floor":29,"turns":6},{"damage":14,"enemies":"Shelled Parasite and Fungi","floor":30,"turns":5},{"damage":86,"enemies":"Champ","floor":33,"turns":13}],"seed_played":"-1040595760340855016","potions_obtained":[{"floor":1.0,"key":"GamblersBrew"},{"floor":3,"key":"FairyPotion"},{"floor":3,"key":"Energy Potion"},{"floor":7,"key":"SkillPotion"},{"floor":25,"key":"FearPotion"}],"is_trial":false,"path_per_floor":["M","$","?","M","M","R","M","R","T","$","M","$","M","M","R","B",null,"M","M","?","?","M","R","$","M","T","M","$","M","M","$","R","B"],"character_chosen":"IRONCLAD","items_purchased":["Body Slam","Shrug It Off","Shrug It Off"],"campfire_rested":1,"item_purchase_floors":[2,10,24],"current_hp_per_floor":[80,80,80,80,80,80,67,67,67,67,73,73,64,69,69,29,84,80,75,69,69,38,38,38,39,39,44,44,44,36,36,63,0],"gold":88,"neow_bonus":"THREE_ENEMY_KILL","is_prod":false,"is_daily":false,"chose_seed":false,"campfire_upgraded":4,"win_rate":0,"timestamp":1548829813,"path_taken":["M","$","?","M","M","R","M","R","T","?","M","$","M","M","R","BOSS","M","M","?","?","?","R","$","M","T","?","$","M","M","?","R","BOSS"],"build_version":"2019-01-23","purchased_purges":2,"victory":false,"max_hp_per_floor":[80,80,80,80,80,80,80,80,80,80,80,80,82,84,84,84,84,84,86,86,86,86,86,86,88,88,90,90,92,92,92,92,92],"card_choices":[{"not_picked":["Bloodletting","Blood for Blood"],"picked":"Flame Barrier","floor":1.0},{"not_picked":["Twin Strike","Pommel Strike","Combust"],"picked":"SKIP","floor":4},{"not_picked":["Sword Boomerang","Seeing Red","Second Wind"],"picked":"SKIP","floor":5},{"not_picked":["Perfected Strike","Wild Strike","Twin Strike"],"picked":"SKIP","floor":7},{"not_picked":["Cleave","Clash"],"picked":"Body Slam","floor":11},{"not_picked":["Warcry","Havoc","Heavy Blade"],"picked":"Singing Bowl","floor":13},{"not_picked":["Iron Wave","Pummel","Sever Soul"],"picked":"Singing Bowl","floor":14},{"not_picked":["Fiend Fire","Bludgeon"],"picked":"Juggernaut","floor":16},{"not_picked":["Sever Soul","Cleave"],"picked":"Metallicize","floor":18},{"not_picked":["Sword Boomerang+1","Havoc","Clothesline"],"picked":"Singing Bowl","floor":19},{"not_picked":["Bloodletting","Blood for Blood"],"picked":"Body Slam","floor":22},{"not_picked":["Rage","Pommel Strike","Perfected Strike+1"],"picked":"Singing Bowl","floor":25},{"not_picked":["Evolve","Feel No Pain","Iron Wave"],"picked":"Singing Bowl","floor":27},{"not_picked":["Ghostly Armor","Rage+1","Fiend Fire"],"picked":"Singing Bowl","floor":29},{"not_picked":["Rage+1","Twin Strike"],"picked":"Dual Wield","floor":30}],"player_experience":969790,"relics_obtained":[{"floor":9,"key":"Singing Bowl"},{"floor":26,"key":"Peace Pipe"}],"event_choices":[{"damage_healed":0,"gold_gain":0,"player_choice":"Got Potions","damage_taken":0,"max_hp_gain":0,"max_hp_loss":0,"event_name":"Lab","floor":3,"gold_loss":0},{"damage_healed":0,"gold_gain":0,"player_choice":"Fight","damage_taken":0,"max_hp_gain":0,"max_hp_loss":0,"event_name":"Colosseum","floor":20,"gold_loss":0},{"damage_healed":0,"gold_gain":0,"player_choice":"Fled From Nobs","damage_taken":0,"max_hp_gain":0,"max_hp_loss":0,"event_name":"Colosseum","floor":20,"gold_loss":0},{"damage_healed":0,"gold_gain":0,"player_choice":"Cursed","damage_taken":0,"max_hp_gain":0,"max_hp_loss":0,"event_name":"Wheel of Change","floor":21,"gold_loss":0,"cards_obtained":["Decay"]}],"is_beta":false,"boss_relics":[{"not_picked":["Fusion Hammer","Lizard Tail"],"picked":"Astrolabe"}],"items_purged_floors":[10,24],"is_endless":false,"potions_floor_spawned":[1,7,13,14,20,25,29,30],"killed_by":"Champ","ascension_level":0}