{"gold_per_floor":[113,124,124,124,30,30,44,60,142,152,32,44,44,119,119,216,216,204,129,44,5,23,23,36,36,60,76,90,90,110,15,15,114,114,128,138,158,20,20],"floor_reached":39,"playtime":2564,"items_purged":["Strike_G"],"score":556,"play_id":"dd600cf7-5f7c-49a7-87b8-109881c7c2de","local_time":"20181106011537","is_ascension_mode":true,"campfire_choices":[{"data":"Cloak And Dagger","floor":6,"key":"SMITH"},{"floor":15,"key":"REST"},{"data":"Infinite Blades","floor":23,"key":"SMITH"},{"data":"After Image","floor":25,"key":"SMITH"},{"floor":32,"key":"REST"}],"neow_cost":"NONE","seed_source_timestamp":191421580207973,"circlet_count":0,"master_deck":["Defend_G","Defend_G","Defend_G","Defend_G","Defend_G","Strike_G","Strike_G","Strike_G","Survivor","Neutralize","After Image+1","Blade Dance","Cloak And Dagger+1","Blade Dance","Backflip","Terror","Caltrops","Caltrops","Deflect","Backflip","After Image+1","Blur","Infinite Blades+1","Acrobatics+1","Concentrate+1","Footwork","J.A.X.","Backflip","Cloak And Dagger","Prepared","Adrenaline","Backstab","Finisher","Cloak And Dagger+1","Flash of Steel","Backflip"],"relics":["Ring of the Snake","Strawberry","Letter Opener","Lizard Tail","Bronze Scales","Happy Flower","White Beast Statue"],"potions_floor_usage":[27,30,33,33,39],"damage_taken":[{"damage":0,"enemies":"Small Slimes","floor":1,"turns":5},{"damage":0,"enemies":"2 Louse","floor":2,"turns":4},{"damage":0,"enemies":"Jaw Worm","floor":7,"turns":3},{"damage":2,"enemies":"Red Slaver","floor":8,"turns":4},{"damage":7,"enemies":"Looter","floor":10,"turns":3},{"damage":6,"enemies":"2 Fungi Beasts","floor":12,"turns":4},{"damage":23,"enemies":"Hexaghost","floor":16,"turns":10},{"damage":15,"enemies":"2 Thieves","floor":18,"turns":4},{"damage":1,"enemies":"Chosen","floor":22,"turns":7},{"damage":0,"enemies":"Snake Plant","floor":24,"turns":5},{"damage":0,"enemies":"Cultist and Chosen","floor":27,"turns":7},{"damage":19,"enemies":"Snecko","floor":28,"turns":6},{"damage":5,"enemies":"Chosen and Byrds","floor":30,"turns":6},{"damage":57,"enemies":"Champ","floor":33,"turns":13},{"damage":14,"enemies":"3 Darklings","floor":35,"turns":6},{"damage":0,"enemies":"Orb Walker","floor":36,"turns":5},{"damage":26,"enemies":"Spire Growth","floor":37,"turns":6},{"damage":43,"enemies":"Transient","floor":39,"turns":5}],"seed_played":"95386816890488063","potions_obtained":[{"floor":2,"key":"Ancient Potion"},{"floor":12,"key":"Fire Potion"},{"floor":24,"key":"Fire Potion"},{"floor":30,"key":"EntropicBrew"}],"is_trial":false,"path_per_floor":["M","M","?","?","$","R","M","M","T","M","$","M","$","?","R","B",null,"M","?","?","$","M","R","M","R","T","M","M","?","M","$","R","B",null,"M","M","M","$","M"],"character_chosen":"THE_SILENT","items_purchased":["Blade Dance","Backflip","Deflect","Infinite Blades","Cloak And Dagger","Prepared","Flash of Steel","Backflip"],"campfire_rested":2,"item_purchase_floors":[5,5,11,21,31,31,38,38],"current_hp_per_floor":[63,63,63,63,63,63,63,61,61,54,54,48,48,37,60,37,67,52,52,52,52,51,51,51,51,51,51,32,32,27,27,50,38,67,53,53,27,27,0],"gold":20,"neow_bonus":"ONE_RANDOM_RARE_CARD","is_prod":false,"is_daily":false,"chose_seed":false,"campfire_upgraded":3,"win_rate":0,"timestamp":1541484937,"path_taken":["M","M","?","?","?","R","M","?","T","M","$","M","?","?","R","BOSS","M","?","?","?","M","R","M","R","T","M","M","?","?","$","R","BOSS","M","M","M","$","M"],"build_version":"2018-11-01","purchased_purges":1,"victory":false,"max_hp_per_floor":[70,70,70,77,77,77,77,77,77,77,77,77,77,77,77,77,77,77,77,77,77,77,77,77,77,77,77,77,77,77,77,77,77,77,77,77,77,77,77],"card_choices":[{"not_picked":["Sucker Punch","Acrobatics"],"picked":"Blade Dance","floor":1},{"not_picked":["Bane","Blur"],"picked":"Cloak And Dagger","floor":2},{"not_picked":["Reflex","Endless Agony"],"picked":"Terror","floor":7},{"not_picked":["PiercingWail","Prepared"],"picked":"Caltrops","floor":8},{"not_picked":["Outmaneuver","Calculated Gamble"],"picked":"Caltrops","floor":10},{"not_picked":["Deadly Poison","Quick Slash"],"picked":"Backflip","floor":12},{"not_picked":["Grand Finale","Glass Knife"],"picked":"After Image","floor":16},{"not_picked":["Quick Slash","Outmaneuver"],"picked":"Blur","floor":18},{"not_picked":["Bouncing Flask","Deadly Poison+1","Dagger Throw+1"],"picked":"SKIP","floor":22},{"not_picked":["Tactician","Dagger Throw"],"picked":"Acrobatics+1","floor":24},{"not_picked":["Skewer","Eviscerate"],"picked":"Concentrate+1","floor":27},{"not_picked":["Sucker Punch","Bane"],"picked":"Footwork","floor":28},{"not_picked":["Bouncing Flask","Expertise+1"],"picked":"Backflip","floor":30},{"not_picked":["Night Terror","Doppelganger"],"picked":"Adrenaline","floor":33},{"not_picked":["Blade Dance","Calculated Gamble+1"],"picked":"Backstab","floor":35},{"not_picked":["Underhanded Strike+1","Dagger Spray+1"],"picked":"Finisher","floor":36},{"not_picked":["Quick Slash+1","Tactician"],"picked":"Cloak And Dagger+1","floor":37}],"player_experience":749739,"relics_obtained":[{"floor":9,"key":"Letter Opener"},{"floor":26,"key":"Happy Flower"}],"event_choices":[{"damage_healed":0,"gold_gain":0,"player_choice":"Grow","damage_taken":0,"max_hp_gain":0,"max_hp_loss":0,"event_name":"Living Wall","floor":3,"gold_loss":0,"cards_upgraded":["After Image"]},{"damage_healed":0,"gold_gain":0,"player_choice":"Success","damage_taken":7,"relics_obtained":["Strawberry"],"max_hp_gain":0,"max_hp_loss":0,"event_name":"Scrap Ooze","floor":4,"gold_loss":0},{"damage_healed":0,"gold_gain":75,"player_choice":"Gather Gold","damage_taken":11,"max_hp_gain":0,"max_hp_loss":0,"event_name":"World of Goop","floor":14,"gold_loss":0},{"cards_removed":["Strike_G"],"damage_healed":0,"gold_gain":0,"player_choice":"Gave Gold","damage_taken":0,"max_hp_gain":0,"max_hp_loss":0,"event_name":"Beggar","floor":19,"gold_loss":75},{"damage_healed":0,"gold_gain":0,"player_choice":"Obtained Relic","damage_taken":0,"relics_obtained":["Bronze Scales"],"max_hp_gain":0,"max_hp_loss":0,"event_name":"Addict","floor":20,"gold_loss":85},{"damage_healed":0,"gold_gain":0,"player_choice":"Obtain J.A.X.","damage_taken":0,"max_hp_gain":0,"max_hp_loss":0,"event_name":"Drug Dealer","floor":29,"gold_loss":0,"cards_obtained":["J.A.X."]}],"is_beta":false,"boss_relics":[{"not_picked":["Velvet Choker","Coffee Dripper"],"picked":"Lizard Tail"},{"not_picked":["Runic Dome","Runic Pyramid"],"picked":"White Beast Statue"}],"items_purged_floors":[11],"is_endless":false,"potions_floor_spawned":[2,12,24,30,35,36,37],"killed_by":"Transient","ascension_level":7}