{"path_per_floor":["M","?","?","?","M","E","R","M","T","R","E","M","?","E","R","B",null,"M","M","?","?","?","R","E","M","T","R","E","R","E","?","R","B",null,"M","?","M","?","$","E","R","?","T","?","$","M","E","M","R","B"],"character_chosen":"THE_SILENT","items_purchased":["Master of Strategy+1","Finesse+1","Panacea+1","Finesse+1","Frozen Egg 2","Well Laid Plans","Lee\u0027s Waffle","Strawberry"],"gold_per_floor":[115,215,215,165,185,219,219,230,230,230,262,276,338,372,372,471,501,520,530,530,530,555,555,582,597,597,597,628,628,660,660,660,763,763,774,996,1012,1066,346,377,377,377,403,403,42,60,94,104,104,104],"floor_reached":51,"campfire_rested":0,"playtime":3198,"item_purchase_floors":[39,39,39,39,39,39,45,45],"current_hp_per_floor":[63,63,49,49,45,44,44,44,44,44,41,41,20,7,7,5,59,59,52,52,36,38,38,38,33,33,33,19,19,18,32,32,41,60,51,51,59,66,66,66,66,56,56,56,80,80,75,75,75,49],"items_purged":["Defend_G","Defend_G"],"gold":104,"score":1304,"play_id":"c25933b0-9f6c-4046-8d1d-75db28a6c90e","local_time":"20180605011534","is_prod":false,"is_daily":false,"chose_seed":false,"is_ascension_mode":true,"campfire_upgraded":8,"win_rate":0,"timestamp":1528128934,"campfire_choices":[{"data":"Dash","floor":7,"key":"SMITH"},{"data":"Endless Agony","floor":10,"key":"SMITH"},{"data":"Blade Dance","floor":15,"key":"SMITH"},{"data":"Cloak And Dagger","floor":23,"key":"SMITH"},{"data":"Cloak And Dagger","floor":27,"key":"SMITH"},{"data":"Adrenaline","floor":29,"key":"SMITH"},{"data":"Writhe","floor":32,"key":"PURGE"},{"data":"Riddle With Holes","floor":41,"key":"SMITH"},{"data":"Endless Agony","floor":49,"key":"SMITH"}],"path_taken":["M","?","?","?","M","E","R","M","T","R","E","M","?","E","R","BOSS","M","M","?","?","?","R","E","M","T","R","E","R","E","?","R","BOSS","M","?","M","?","$","E","R","?","T","?","$","M","E","M","R","BOSS"],"build_version":"2018-05-31","seed_source_timestamp":1048113087725775,"purchased_purges":2,"victory":true,"master_deck":["Defend_G+1","Defend_G+1","Survivor","Neutralize+1","AscendersBane","Endless Agony+1","Dash+1","Infinite Blades","Cloak And Dagger+1","Blade Dance+1","Endless Agony+1","Adrenaline+1","Cloak And Dagger+1","Riddle With Holes+1","Bite","Bite","Bite","Bite","Bite","Blade Dance+1","Adrenaline+1","Expertise+1","Cloak And Dagger+1","Master of Strategy+1","Finesse+1","Panacea+1","Finesse+1","Well Laid Plans+1","Riddle With Holes+1","Secret Technique+1","Master of Strategy+1","Panache+1","Cloak And Dagger+1"],"max_hp_per_floor":[70,70,70,70,70,70,70,70,70,70,70,70,70,70,70,70,75,75,75,52,52,52,52,52,52,52,52,52,52,52,66,66,66,66,66,66,66,66,66,66,66,66,66,66,80,80,80,80,80,80],"relics":["Ring of the Snake","Torii","Peace Pipe","Shuriken","Blue Candle","Bottled Tornado","Tiny House","Enchiridion","Red Mask","Toxic Egg 2","The Courier","Juzu Bracelet","War Paint","Mango","Cursed Key","Ginger","Frozen Egg 2","Vajra","Dream Catcher","Lee\u0027s Waffle","Strawberry","Meat on the Bone"],"card_choices":[{"not_picked":["Footwork","Underhanded Strike"],"picked":"Endless Agony","floor":1},{"not_picked":["Outmaneuver","Expertise"],"picked":"Dash","floor":5},{"not_picked":["Slice","Poisoned Stab"],"picked":"Infinite Blades","floor":6},{"not_picked":["Dagger Throw","Blur"],"picked":"Cloak And Dagger","floor":8},{"not_picked":["Slice","Leg Sweep"],"picked":"Blade Dance","floor":11},{"not_picked":["Dodge and Roll","Dagger Spray","Expertise"],"picked":"SKIP","floor":12},{"not_picked":["Underhanded Strike","Blur"],"picked":"Endless Agony","floor":13},{"not_picked":["Eviscerate","Dodge and Roll","Dagger Spray"],"picked":"SKIP","floor":14},{"not_picked":["Doppelganger","Burst"],"picked":"Adrenaline","floor":16},{"not_picked":["Prepared","Reflex"],"picked":"Cloak And Dagger","floor":17},{"not_picked":["Quick Slash","Deadly Poison+1"],"picked":"Riddle With Holes","floor":18},{"not_picked":["Sucker Punch+1","Outmaneuver","Backflip"],"picked":"SKIP","floor":19},{"not_picked":["Choke","Riddle With Holes"],"picked":"Blade Dance","floor":24},{"not_picked":["PiercingWail+1","Underhanded Strike","Quick Slash+1"],"picked":"SKIP","floor":25},{"not_picked":["Predator","Footwork","Sucker Punch"],"picked":"SKIP","floor":28},{"not_picked":["Backflip+1","Setup+1"],"picked":"Adrenaline+1","floor":30},{"not_picked":["Quick Slash+1","Deflect+1"],"picked":"Expertise+1","floor":35},{"not_picked":["Quick Slash","Dash+1","Concentrate+1"],"picked":"SKIP","floor":37},{"not_picked":["Deflect+1","Outmaneuver+1"],"picked":"Cloak And Dagger+1","floor":38},{"not_picked":["Reflex+1","Grand Finale"],"picked":"Riddle With Holes+1","floor":40},{"not_picked":["Magnetism+1","Dramatic Entrance"],"picked":"Secret Technique+1","floor":42},{"not_picked":["Apotheosis+1","Finesse+1"],"picked":"Master of Strategy+1","floor":42},{"not_picked":["Swift Strike","Blind+1"],"picked":"Panache+1","floor":42},{"not_picked":["Blur+1","Predator"],"picked":"Cloak And Dagger+1","floor":46},{"not_picked":["Malaise+1","Storm of Steel+1","Poisoned Stab"],"picked":"SKIP","floor":47},{"not_picked":["Distraction+1","Quick Slash+1","Acrobatics+1"],"picked":"SKIP","floor":48}],"player_experience":769623,"potions_floor_usage":[6,13,14,22,30,33,33,50,50],"damage_taken":[{"damage":0,"enemies":"2 Louse","floor":1,"turns":3},{"damage":4,"enemies":"Cultist","floor":5,"turns":4},{"damage":1,"enemies":"3 Sentries","floor":6,"turns":10},{"damage":0,"enemies":"Small Slimes","floor":8,"turns":3},{"damage":3,"enemies":"Lagavulin","floor":11,"turns":7},{"damage":0,"enemies":"3 Louse","floor":12,"turns":3},{"damage":21,"enemies":"Lagavulin Event","floor":13,"turns":5},{"damage":13,"enemies":"Gremlin Nob","floor":14,"turns":4},{"damage":2,"enemies":"Hexaghost","floor":16,"turns":7},{"damage":0,"enemies":"Chosen","floor":18,"turns":3},{"damage":7,"enemies":"Spheric Guardian","floor":19,"turns":4},{"damage":6,"enemies":"Masked Bandits","floor":22,"turns":3},{"damage":8,"enemies":"Gremlin Leader","floor":24,"turns":5},{"damage":7,"enemies":"Snake Plant","floor":25,"turns":4},{"damage":16,"enemies":"Book of Stabbing","floor":28,"turns":5},{"damage":7,"enemies":"Slavers","floor":30,"turns":3},{"damage":7,"enemies":"Champ","floor":33,"turns":6},{"damage":13,"enemies":"3 Darklings","floor":35,"turns":2},{"damage":0,"enemies":"3 Shapes","floor":37,"turns":2},{"damage":0,"enemies":"Mysterious Sphere","floor":38,"turns":5},{"damage":0,"enemies":"Giant Head","floor":40,"turns":3},{"damage":0,"enemies":"Maw","floor":46,"turns":3},{"damage":7,"enemies":"2 Orb Walkers","floor":47,"turns":3},{"damage":0,"enemies":"Sphere and 2 Shapes","floor":48,"turns":2},{"damage":32,"enemies":"Donu and Deca","floor":50,"turns":5}],"relics_obtained":[{"floor":6,"key":"Torii"},{"floor":9,"key":"Peace Pipe"},{"floor":11,"key":"Shuriken"},{"floor":13,"key":"Blue Candle"},{"floor":14,"key":"Bottled Tornado"},{"floor":21,"key":"Enchiridion"},{"floor":22,"key":"Red Mask"},{"floor":24,"key":"Toxic Egg 2"},{"floor":26,"key":"The Courier"},{"floor":28,"key":"Juzu Bracelet"},{"floor":30,"key":"War Paint"},{"floor":38,"key":"Ginger"},{"floor":40,"key":"Vajra"},{"floor":43,"key":"Dream Catcher"},{"floor":47,"key":"Meat on the Bone"}],"event_choices":[{"event_name":"Wheel of Change","player_choice":"Gold","floor":2,"damage_taken":0},{"event_name":"Shining Light","player_choice":"Entered Light","floor":3,"damage_taken":0},{"event_name":"The Cleric","player_choice":"Card Removal","floor":4,"damage_taken":0},{"event_name":"Dead Adventurer","player_choice":"Searched \u00272\u0027 times","floor":13,"damage_taken":0},{"event_name":"Vampires","player_choice":"Became a vampire","floor":20,"damage_taken":0},{"event_name":"Cursed Tome","player_choice":"Obtained Book","floor":21,"damage_taken":0},{"event_name":"Masked Bandits","player_choice":"Fought over 530 gold","floor":22,"damage_taken":0},{"event_name":"The Mausoleum","player_choice":"Yes","floor":31,"damage_taken":0},{"event_name":"Tomb of Lord Red Mask","player_choice":"Wore Mask","floor":36,"damage_taken":0},{"event_name":"Mysterious Sphere","player_choice":"Fight","floor":38,"damage_taken":0},{"event_name":"SensoryStone","player_choice":"Memory 3","floor":42,"damage_taken":0},{"event_name":"Purifier","player_choice":"One Purge","floor":44,"damage_taken":0}],"boss_relics":[{"not_picked":["Runic Pyramid","Lizard Tail"],"picked":"Tiny House"},{"not_picked":["Orrery","Philosopher\u0027s Stone"],"picked":"Cursed Key"}],"items_purged_floors":[39,45],"potions_floor_spawned":[1,5,12,13,13,18,19,25,28,35,40],"seed_played":"2903177040777406935","ascension_level":11,"potions_obtained":[{"floor":1,"key":"Block Potion"},{"floor":5,"key":"EssenceOfSteel"},{"floor":12,"key":"Fire Potion"},{"floor":13,"key":"GamblersBrew"},{"floor":13,"key":"Dexterity Potion"},{"floor":17,"key":"Weak Potion"},{"floor":18,"key":"Swift Potion"},{"floor":19,"key":"SteroidPotion"},{"floor":25,"key":"EssenceOfSteel"},{"floor":28,"key":"Fire Potion"},{"floor":35,"key":"Strength Potion"},{"floor":40,"key":"Block Potion"}],"is_trial":false}