{"gold_per_floor":[110,75,75,75,75,75,40,40,40,74,74,131,145,220,220,325,325,339,339,353,9,9,9,41,41,119,129,141,154,166,96,96,192,192,202,27,40,60,74,74,85,85,167,167,182,182,192,208,208,208],"floor_reached":51,"playtime":2931,"items_purged":["Strike_G","Underhanded Strike"],"score":963,"play_id":"b4ba0173-fb69-4cf4-b87f-5f3dd1b2d683","local_time":"20181031001456","is_ascension_mode":true,"campfire_choices":[{"data":"Noxious Fumes","floor":6.0,"key":"SMITH"},{"data":"Bouncing Flask","floor":8.0,"key":"SMITH"},{"data":"Well Laid Plans","floor":11.0,"key":"SMITH"},{"floor":15.0,"key":"REST"},{"floor":23,"key":"REST"},{"data":"Catalyst","floor":25,"key":"SMITH"},{"floor":32,"key":"REST"},{"data":"Catalyst","floor":40,"key":"SMITH"},{"data":"Footwork","floor":42,"key":"SMITH"},{"data":"Footwork","floor":44,"key":"SMITH"},{"floor":49,"key":"REST"}],"neow_cost":"NONE","seed_source_timestamp":1800939814876833,"circlet_count":0,"master_deck":["Defend_G","Defend_G+1","Defend_G","Defend_G","Defend_G","Survivor+1","Neutralize","Well Laid Plans+1","Noxious Fumes+1","Bouncing Flask+1","Backflip","Deadly Poison","Backflip","Venomology","Dodge and Roll+1","Reflex","Dodge and Roll","Footwork+1","Impatience","Catalyst+1","Backflip+1","Backflip+1","Caltrops+1","Noxious Fumes","Corpse Explosion","Backstab","Catalyst+1","Prepared+1","Footwork+1","Malaise","Clumsy"],"special_seed":0,"relics":["Ring of the Snake","NeowsBlessing","Ginger","Ninja Scroll","Tiny Chest","Empty Cage","Bronze Scales","Anchor","Letter Opener","Cursed Key","The Courier"],"potions_floor_usage":[33,50,50,50],"damage_taken":[{"damage":0.0,"enemies":"Jaw Worm","floor":1.0,"turns":1.0},{"damage":0.0,"enemies":"Gremlin Nob","floor":10.0,"turns":1.0},{"damage":0.0,"enemies":"3 Sentries","floor":12.0,"turns":1.0},{"damage":1.0,"enemies":"Cultist","floor":13.0,"turns":3.0},{"damage":41.0,"enemies":"Slime Boss","floor":16.0,"turns":11.0},{"damage":4.0,"enemies":"Spheric Guardian","floor":18.0,"turns":4.0},{"damage":14,"enemies":"Chosen","floor":20,"turns":5},{"damage":23,"enemies":"Colosseum Slavers","floor":22,"turns":4},{"damage":2,"enemies":"Book of Stabbing","floor":24,"turns":8},{"damage":2,"enemies":"Centurion and Healer","floor":27,"turns":7},{"damage":12,"enemies":"Snake Plant","floor":28,"turns":3},{"damage":0,"enemies":"Snecko","floor":29,"turns":3},{"damage":2,"enemies":"Centurion and Healer","floor":30,"turns":7},{"damage":31,"enemies":"Automaton","floor":33,"turns":8},{"damage":0,"enemies":"Orb Walker","floor":35,"turns":3},{"damage":2,"enemies":"3 Shapes","floor":37,"turns":2},{"damage":0,"enemies":"Transient","floor":38,"turns":5},{"damage":6,"enemies":"Jaw Worm Horde","floor":39,"turns":3},{"damage":0,"enemies":"4 Shapes","floor":41,"turns":4},{"damage":26,"enemies":"Writhing Mass","floor":45,"turns":4},{"damage":12,"enemies":"Transient","floor":47,"turns":5},{"damage":1,"enemies":"4 Shapes","floor":48,"turns":3},{"damage":19,"enemies":"Time Eater","floor":50,"turns":9}],"seed_played":"-2889000273661004786","potions_obtained":[{"floor":1.0,"key":"Block Potion"},{"floor":16.0,"key":"LiquidBronze"},{"floor":20,"key":"GamblersBrew"},{"floor":33,"key":"GamblersBrew"}],"is_trial":false,"path_per_floor":["M","$","?","?","$","R","$","R","T","E","R","E","M","?","R","B",null,"M","?","M","$","?","R","E","R","T","M","M","M","M","$","R","B",null,"M","$","M","M","M","R","M","R","T","R","M","?","M","M","R","B"],"character_chosen":"THE_SILENT","items_purchased":["Noxious Fumes","Bouncing Flask","Footwork","Bronze Scales","Impatience","Noxious Fumes","Catalyst"],"campfire_rested":4,"item_purchase_floors":[2,7,21,21,21,31,36],"current_hp_per_floor":[63,63,56,42,42,42,42,42,42,42,42,42,41,30,51,10,55,51,51,37,37,14,35,33,33,33,31,19,19,17,17,38,7,54,54,54,52,52,46,46,46,46,46,46,20,61,49,48,61,42],"gold":208,"neow_bonus":"THREE_ENEMY_KILL","is_prod":false,"is_daily":false,"chose_seed":false,"campfire_upgraded":7,"win_rate":0,"timestamp":1540959296,"path_taken":["M","$","?","?","$","R","$","R","T","E","R","E","M","?","R","BOSS","M","?","M","$","?","R","E","R","T","M","M","?","M","$","R","BOSS","M","$","M","M","M","R","M","R","T","R","M","?","?","M","R","BOSS"],"build_version":"2018-10-25v2","purchased_purges":2,"victory":true,"max_hp_per_floor":[70,70,70,70,70,70,70,70,70,70,70,70,70,70,70,70,70,70,70,70,70,70,70,70,70,70,70,70,70,70,70,70,70,70,70,70,70,70,70,70,70,70,70,70,70,61,61,61,61,61],"card_choices":[{"not_picked":["Deadly Poison","PiercingWail"],"picked":"Well Laid Plans","floor":1.0},{"not_picked":["Setup","Bane"],"picked":"Backflip","floor":10.0},{"not_picked":["Well Laid Plans","Flying Knee"],"picked":"Deadly Poison","floor":12.0},{"not_picked":["Flying Knee","Doppelganger"],"picked":"Backflip","floor":13.0},{"not_picked":["Doppelganger","Glass Knife"],"picked":"Venomology","floor":16.0},{"not_picked":["PiercingWail","Dagger Throw"],"picked":"Dodge and Roll+1","floor":18},{"not_picked":["PiercingWail","Flying Knee+1"],"picked":"Dodge and Roll","floor":20},{"not_picked":["Burst","PiercingWail"],"picked":"Catalyst","floor":24},{"not_picked":["Poisoned Stab","Dagger Spray"],"picked":"Backflip+1","floor":27},{"not_picked":["Dagger Spray","Setup"],"picked":"Backflip+1","floor":28},{"not_picked":["Setup","Prepared"],"picked":"Caltrops+1","floor":29},{"not_picked":["Blade Dance","Endless Agony","Reflex+1"],"picked":"SKIP","floor":30},{"not_picked":["Unload","Night Terror"],"picked":"Corpse Explosion","floor":33},{"not_picked":["Acrobatics+1","Quick Slash"],"picked":"Backstab","floor":35},{"not_picked":["Dagger Spray+1","Cloak And Dagger"],"picked":"Prepared+1","floor":37},{"not_picked":["Backflip","Distraction"],"picked":"Footwork","floor":38},{"not_picked":["Terror","Poisoned Stab","PiercingWail"],"picked":"SKIP","floor":39},{"not_picked":["Well Laid Plans","Bouncing Flask"],"picked":"Malaise","floor":41},{"not_picked":["Backstab","Setup+1","Dodge and Roll"],"picked":"SKIP","floor":45},{"not_picked":["Terror+1","Deadly Poison+1","Blade Dance"],"picked":"SKIP","floor":47},{"not_picked":["Choke","Poisoned Stab","Skewer+1"],"picked":"SKIP","floor":48}],"player_experience":711377,"relics_obtained":[{"floor":9.0,"key":"Ginger"},{"floor":10.0,"key":"Ninja Scroll"},{"floor":12.0,"key":"Tiny Chest"},{"floor":24,"key":"Anchor"},{"floor":26,"key":"Letter Opener"},{"floor":43,"key":"The Courier"}],"event_choices":[{"damage_healed":0.0,"max_hp_gain":0.0,"max_hp_loss":0.0,"gold_gain":0.0,"event_name":"Wheel of Change","player_choice":"Damaged","floor":3.0,"gold_loss":0.0,"damage_taken":7.0},{"damage_healed":0.0,"max_hp_gain":0.0,"max_hp_loss":0.0,"gold_gain":0.0,"event_name":"Shining Light","player_choice":"Entered Light","floor":4.0,"gold_loss":0.0,"damage_taken":14.0,"cards_upgraded":["Defend_G","Survivor"]},{"damage_healed":0.0,"max_hp_gain":0.0,"max_hp_loss":0.0,"gold_gain":75.0,"event_name":"World of Goop","player_choice":"Gather Gold","floor":14.0,"gold_loss":0.0,"damage_taken":11.0},{"damage_healed":0,"gold_gain":0,"cards_transformed":["Strike_G","Strike_G"],"player_choice":"Became Test Subject","damage_taken":0,"max_hp_gain":0,"max_hp_loss":0,"event_name":"Drug Dealer","floor":19,"gold_loss":0,"cards_obtained":["Reflex","Underhanded Strike"]},{"damage_healed":0,"gold_gain":0,"player_choice":"Fight","damage_taken":0,"max_hp_gain":0,"max_hp_loss":0,"event_name":"Colosseum","floor":22,"gold_loss":0},{"damage_healed":0,"gold_gain":0,"player_choice":"Fled From Nobs","damage_taken":0,"max_hp_gain":0,"max_hp_loss":0,"event_name":"Colosseum","floor":22,"gold_loss":0},{"damage_healed":61,"gold_gain":0,"player_choice":"Heal","damage_taken":0,"max_hp_gain":0,"max_hp_loss":9,"event_name":"The Moai Head","floor":46,"gold_loss":0}],"is_beta":false,"boss_relics":[{"not_picked":["Sozu","WristBlade"],"picked":"Empty Cage"},{"not_picked":["Runic Pyramid","Pandora\u0027s Box"],"picked":"Cursed Key"}],"items_purged_floors":[21,36],"is_endless":false,"potions_floor_spawned":[1,16,20,22,27,30,33,37,41,47,48],"ascension_level":6}