{"gold_per_floor":[119,119,130,110,31,31,56,56,56,82,7,7,23,42,42,143,143,159,159,234,252,264,264,291,291,317,317,342,342,342,355,355,457,457,472,382,399,410,410,437,141,161,209,209,236,111,128,56,56,56],"floor_reached":51,"playtime":6231,"items_purged":["Strike_R","Strike_R","Strike_R+1"],"score":1177,"play_id":"f397db74-7f92-4a0e-ac41-463ca2dad1df","local_time":"20190129105630","is_ascension_mode":true,"campfire_choices":[{"data":"Entrench","floor":6,"key":"SMITH"},{"floor":8,"key":"REST"},{"data":"Metallicize","floor":12,"key":"SMITH"},{"data":"Flame Barrier","floor":15,"key":"SMITH"},{"data":"Juggernaut","floor":23,"key":"SMITH"},{"data":"RitualDagger","floor":27,"key":"SMITH"},{"data":"Body Slam","floor":30,"key":"SMITH"},{"data":"Shrug It Off","floor":32,"key":"SMITH"},{"floor":44,"key":"REST"},{"floor":49,"key":"REST"}],"neow_cost":"NONE","seed_source_timestamp":801550915019686,"circlet_count":0,"master_deck":["AscendersBane","Strike_R+1","Defend_R","Defend_R","Defend_R","Defend_R","Bash","Entrench+1","Metallicize+1","Juggernaut+1","Flame Barrier+1","Reaper+1","True Grit+1","Iron Wave+1","RitualDagger+1","Body Slam+1","Shrug It Off+1","Reaper","Rampage+1","Metallicize"],"relics":["Burning Blood","Boot","Oddly Smooth Stone","Pocketwatch","Mango","Philosopher\u0027s Stone","Anchor","Whetstone","Black Star","Du-Vu Doll","Centennial Puzzle","PreservedInsect","Art of War","Torii","Strawberry"],"potions_floor_usage":[7,7,22,24,33,33,33,38,38,50],"damage_taken":[{"damage":7,"enemies":"Small Slimes","floor":1,"turns":4},{"damage":13,"enemies":"2 Louse","floor":3,"turns":3},{"damage":25,"enemies":"3 Sentries","floor":7,"turns":12},{"damage":0,"enemies":"Lagavulin","floor":10,"turns":8},{"damage":0,"enemies":"Cultist","floor":13,"turns":4},{"damage":2,"enemies":"Exordium Wildlife","floor":14,"turns":5},{"damage":22,"enemies":"The Guardian","floor":16,"turns":16},{"damage":9,"enemies":"Chosen","floor":18,"turns":5},{"damage":5,"enemies":"3 Byrds","floor":21,"turns":5},{"damage":14,"enemies":"Cultist and Chosen","floor":22,"turns":7},{"damage":15,"enemies":"Book of Stabbing","floor":24,"turns":7},{"damage":0,"enemies":"Gremlin Leader","floor":28,"turns":9},{"damage":8,"enemies":"Snecko","floor":31,"turns":5},{"damage":56,"enemies":"Automaton","floor":33,"turns":12},{"damage":0,"enemies":"3 Shapes","floor":35,"turns":5},{"damage":0,"enemies":"Orb Walker","floor":37,"turns":4},{"damage":32,"enemies":"3 Darklings","floor":38,"turns":7},{"damage":44,"enemies":"Nemesis","floor":40,"turns":9},{"damage":21,"enemies":"Maw","floor":42,"turns":10},{"damage":61,"enemies":"Reptomancer","floor":45,"turns":8},{"damage":20,"enemies":"4 Shapes","floor":47,"turns":6},{"damage":38,"enemies":"Time Eater","floor":50,"turns":12}],"seed_played":"-3482409658318314148","potions_obtained":[{"floor":1,"key":"Energy Potion"},{"floor":4,"key":"Strength Potion"},{"floor":7,"key":"Fire Potion"},{"floor":16,"key":"FearPotion"},{"floor":21,"key":"BloodPotion"},{"floor":22,"key":"PowerPotion"},{"floor":31,"key":"SpeedPotion"},{"floor":35,"key":"Fire Potion"},{"floor":37,"key":"Block Potion"},{"floor":42,"key":"Energy Potion"},{"floor":47,"key":"LiquidBronze"}],"is_trial":false,"path_per_floor":["M","?","M","?","$","R","E","R","T","E","$","R","M","M","R","B",null,"M","?","?","M","M","R","E","?","T","R","E","?","R","M","R","B",null,"M","?","M","M","?","E","$","M","T","R","E","$","M","$","R","B",null],"character_chosen":"IRONCLAD","items_purchased":["Metallicize","Metallicize","PreservedInsect","EssenceOfSteel"],"campfire_rested":3,"item_purchase_floors":[5,41,41,48],"current_hp_per_floor":[71,76,69,69,69,69,50,75,75,95,95,95,99,99,99,83,95,92,72,62,78,90,90,81,75,75,75,81,81,81,84,84,39,88,94,94,100,78,78,45,45,40,40,71,54,54,66,66,99,72],"gold":56,"neow_bonus":"RANDOM_COMMON_RELIC","is_prod":false,"is_daily":false,"chose_seed":false,"campfire_upgraded":7,"win_rate":0,"timestamp":1548777390,"path_taken":["M","?","M","?","$","R","E","R","T","E","$","R","?","M","R","BOSS","M","?","?","?","M","R","E","?","T","R","E","?","R","M","R","BOSS","M","?","M","?","?","E","$","M","T","R","E","$","M","?","R","BOSS"],"build_version":"2019-01-23","purchased_purges":3,"victory":true,"max_hp_per_floor":[80,85,85,85,85,85,85,85,85,99,99,99,99,99,99,99,99,99,104,104,104,104,104,104,104,104,104,104,104,104,104,104,104,104,104,104,104,104,104,104,104,104,104,104,111,111,111,111,111,111],"card_choices":[{"not_picked":["Second Wind","Anger"],"picked":"Entrench","floor":1},{"not_picked":["Clash","Warcry","Second Wind"],"picked":"SKIP","floor":3},{"not_picked":["Iron Wave","Intimidate"],"picked":"Juggernaut","floor":7},{"not_picked":["Flex","Searing Blow","Second Wind"],"picked":"SKIP","floor":10},{"not_picked":["Corruption","Whirlwind"],"picked":"Flame Barrier","floor":13},{"not_picked":["Thunderclap","Headbutt","Anger"],"picked":"SKIP","floor":14},{"not_picked":["Bludgeon","Fiend Fire"],"picked":"Reaper","floor":16},{"not_picked":["Flame Barrier","Sword Boomerang+1"],"picked":"True Grit+1","floor":18},{"not_picked":["Spot Weakness+1","Wild Strike","Corruption"],"picked":"SKIP","floor":21},{"not_picked":["True Grit","Sentinel","Heavy Blade"],"picked":"SKIP","floor":22},{"not_picked":["Thunderclap","Berserk"],"picked":"Iron Wave+1","floor":24},{"not_picked":["Clothesline","Second Wind"],"picked":"Body Slam","floor":28},{"not_picked":["Heavy Blade","Twin Strike","Havoc"],"picked":"SKIP","floor":31},{"not_picked":["Offering","Brutality"],"picked":"Reaper","floor":33},{"not_picked":["Body Slam+1","Dropkick"],"picked":"Rampage+1","floor":35},{"not_picked":["Carnage","Thunderclap","Feel No Pain"],"picked":"SKIP","floor":37},{"not_picked":["Wild Strike","Seeing Red","Sword Boomerang+1"],"picked":"SKIP","floor":38},{"not_picked":["Warcry","Burning Pact+1","Dropkick+1"],"picked":"SKIP","floor":40},{"not_picked":["Rupture","Intimidate","Rage"],"picked":"SKIP","floor":42},{"not_picked":["Dual Wield","Cleave+1","Clothesline"],"picked":"SKIP","floor":45},{"not_picked":["Reckless Charge+1","True Grit","Double Tap"],"picked":"SKIP","floor":47}],"player_experience":1053859,"relics_obtained":[{"floor":7,"key":"Oddly Smooth Stone"},{"floor":9,"key":"Pocketwatch"},{"floor":10,"key":"Mango"},{"floor":24,"key":"Anchor"},{"floor":28,"key":"Whetstone"},{"floor":40,"key":"Du-Vu Doll"},{"floor":40,"key":"Centennial Puzzle"},{"floor":43,"key":"Art of War"},{"floor":45,"key":"Torii"},{"floor":45,"key":"Strawberry"}],"event_choices":[{"damage_healed":0,"gold_gain":0,"player_choice":"Donut","damage_taken":0,"max_hp_gain":5,"max_hp_loss":0,"event_name":"Big Fish","floor":2,"gold_loss":0},{"damage_healed":0,"gold_gain":0,"player_choice":"Bought 1 Potion","damage_taken":0,"max_hp_gain":0,"max_hp_loss":0,"event_name":"The Woman in Blue","floor":4,"gold_loss":0},{"damage_healed":0,"gold_gain":0,"player_choice":"Shed Blood","damage_taken":25,"max_hp_gain":5,"max_hp_loss":0,"event_name":"Forgotten Altar","floor":19,"gold_loss":0},{"damage_healed":0,"gold_gain":75,"player_choice":"Touch","damage_taken":10,"max_hp_gain":0,"max_hp_loss":0,"event_name":"FaceTrader","floor":20,"gold_loss":0},{"damage_healed":0,"gold_gain":0,"player_choice":"Joined the Cult","damage_taken":6,"max_hp_gain":0,"max_hp_loss":0,"event_name":"Nest","floor":25,"gold_loss":0,"cards_obtained":["RitualDagger"]},{"damage_healed":0,"gold_gain":0,"player_choice":"Read","damage_taken":0,"max_hp_gain":0,"max_hp_loss":0,"event_name":"The Library","floor":29,"gold_loss":0,"cards_obtained":["Shrug It Off"]},{"cards_removed":["Strike_R"],"damage_healed":0,"gold_gain":0,"player_choice":"Upgrade and Remove","damage_taken":0,"max_hp_gain":0,"max_hp_loss":0,"event_name":"Designer","floor":36,"gold_loss":90,"cards_upgraded":["Strike_R"]},{"damage_healed":0,"gold_gain":0,"player_choice":"Ignored","damage_taken":0,"max_hp_gain":0,"max_hp_loss":0,"event_name":"Mysterious Sphere","floor":39,"gold_loss":0}],"is_beta":false,"boss_relics":[{"not_picked":["Runic Dome","Calling Bell"],"picked":"Philosopher\u0027s Stone"},{"not_picked":["Coffee Dripper","Pandora\u0027s Box"],"picked":"Black Star"}],"items_purged_floors":[11,41,46],"is_endless":false,"potions_floor_spawned":[1,7,16,21,22,31,35,37,42,47],"ascension_level":10}