{"gold_per_floor":[109,109,73,92,92,121,43,68,115,115,192,203,223,243,243,243],"floor_reached":16,"playtime":771,"items_purged":[],"score":110,"play_id":"42149794-5efc-4c00-8acc-fc404acb18bc","local_time":"20181110144813","is_ascension_mode":false,"campfire_choices":[{"data":"Defragment","floor":10,"key":"SMITH"},{"floor":15,"key":"REST"}],"neow_cost":"NONE","seed_source_timestamp":421300558419744,"circlet_count":0,"master_deck":["Strike_B","Strike_B","Strike_B","Strike_B","Defend_B","Defend_B","Defend_B","Defend_B","Zap","Dualcast","Beam Cell","Defragment+1","Melter","Regret","Redo","Heatsinks","Darkness","FTL","Coolheaded","Ball Lightning"],"relics":["Cracked Core","Potion Belt","Nunchaku","Bag of Marbles","Mummified Hand","Pen Nib","Strawberry"],"potions_floor_usage":[16],"damage_taken":[{"damage":1,"enemies":"Cultist","floor":1,"turns":4},{"damage":8,"enemies":"Jaw Worm","floor":4,"turns":3},{"damage":23,"enemies":"Lagavulin","floor":6,"turns":5},{"damage":23,"enemies":"Gremlin Nob","floor":8,"turns":4},{"damage":8,"enemies":"Small Slimes","floor":12,"turns":3},{"damage":12,"enemies":"Blue Slaver","floor":13,"turns":2},{"damage":5,"enemies":"Large Slime","floor":14,"turns":5},{"damage":27,"enemies":"Slime Boss","floor":16,"turns":4}],"seed_played":"-595552719384714717","potions_obtained":[{"floor":4,"key":"PowerPotion"},{"floor":12,"key":"GamblersBrew"}],"is_trial":false,"path_per_floor":["M","T","$","M","?","E","$","E","T","R","?","M","M","M","R","B"],"character_chosen":"DEFECT","items_purchased":["Defragment","Heatsinks"],"campfire_rested":1,"item_purchase_floors":[3,7],"current_hp_per_floor":[74,74,74,66,66,43,43,20,27,27,27,19,7,2,26,0],"gold":243,"neow_bonus":"RANDOM_COMMON_RELIC","is_prod":false,"is_daily":false,"chose_seed":false,"campfire_upgraded":1,"win_rate":0.0,"timestamp":1541879293,"path_taken":["M","?","?","M","?","E","$","E","T","R","?","?","M","M","R","BOSS"],"build_version":"2018-11-08","purchased_purges":0,"victory":false,"max_hp_per_floor":[75,75,75,75,75,75,75,75,82,82,82,82,82,82,82,82],"card_choices":[{"not_picked":["Stack","Self Repair"],"picked":"Beam Cell","floor":1},{"not_picked":["Leap","Compile Driver"],"picked":"Melter","floor":4},{"not_picked":["Hologram","Gash"],"picked":"Redo","floor":6},{"not_picked":["Leap","Gash"],"picked":"Darkness","floor":8},{"not_picked":["Gash","Streamline"],"picked":"FTL","floor":12},{"not_picked":["Streamline","Leap"],"picked":"Coolheaded","floor":13},{"not_picked":["Hologram","Redo"],"picked":"Ball Lightning","floor":14}],"player_experience":148796,"relics_obtained":[{"floor":2,"key":"Nunchaku"},{"floor":6,"key":"Mummified Hand"},{"floor":8,"key":"Pen Nib"},{"floor":9,"key":"Strawberry"}],"event_choices":[{"damage_healed":0,"gold_gain":0,"player_choice":"Box","damage_taken":0,"relics_obtained":["Bag of Marbles"],"max_hp_gain":0,"max_hp_loss":0,"event_name":"Big Fish","floor":5,"gold_loss":0,"cards_obtained":["Regret"]},{"damage_healed":0,"gold_gain":77,"player_choice":"Gained Gold","damage_taken":0,"max_hp_gain":0,"max_hp_loss":0,"event_name":"Golden Wing","floor":11,"gold_loss":0}],"is_beta":false,"boss_relics":[],"items_purged_floors":[],"is_endless":false,"potions_floor_spawned":[4,12],"killed_by":"Slime Boss","ascension_level":0}