{"path_per_floor":["M","M","?","M","M","R","E","R","T","$","?","M","R","M","R","B",null,"M","?","?","$","$","R","M","?","T","M","?","R","M","M","R"],"character_chosen":"THE_SILENT","items_purchased":["Oddly Smooth Stone","Poisoned Stab","PiercingWail"],"gold_per_floor":[113,132,132,144,158,158,190,190,214,70,70,80,80,100,100,202,202,220,220,220,69,69,69,81,81,107,120,120,120,138,152,152],"floor_reached":33,"campfire_rested":3,"playtime":1601,"current_hp_per_floor":[70,70,70,70,68,68,54,54,54,54,40,36,36,31,52,30,70,65,65,49,49,49,49,33,33,33,10,10,31,20,1,22],"items_purged":["Strike_G"],"gold":152,"score":272,"play_id":"54310d82-d72d-4c16-b320-a4017a1fd79e","is_prod":false,"is_daily":false,"is_ascension_mode":true,"campfire_upgraded":4,"path_taken":["M","?","?","?","M","R","E","R","T","$","?","M","R","M","R","BOSS","M","?","?","?","$","R","M","?","T","M","?","R","M","M","R","BOSS"],"build_version":"2018-02-22-PROD2","purchased_purges":1,"victory":false,"master_deck":["Defend_G","Defend_G+1","Defend_G","Defend_G","Defend_G","Strike_G","Strike_G","Survivor+1","Neutralize","Riddle With Holes","Dagger Spray","Cloak And Dagger","Noxious Fumes+1","Caltrops+1","Catalyst+1","Prepared","Adrenaline","Poisoned Stab+1","Poisoned Stab","PiercingWail","PiercingWail","Writhe","Prepared","Prepared+1"],"max_hp_per_floor":[70,70,70,70,70,70,70,70,70,70,70,70,70,70,70,70,70,70,70,70,70,70,70,70,70,70,70,70,70,70,70,70],"relics":["Ring of the Snake","NeowsBlessing","Juzu Bracelet","Bronze Scales","Oddly Smooth Stone","The Specimen","Nilry\u0027s Codex","Snake Skull","The Courier"],"card_choices":[{"not_picked":["Calculated Gamble","Flying Knee"],"picked":"Riddle With Holes"},{"not_picked":["Dagger Throw","PiercingWail"],"picked":"Dagger Spray"},{"not_picked":["Prepared","Blade Dance"],"picked":"Noxious Fumes"},{"not_picked":["Dagger Throw","Dodge and Roll"],"picked":"Caltrops"},{"not_picked":["Deflect","Dodge and Roll"],"picked":"Catalyst"},{"not_picked":["Endless Agony","Slice"],"picked":"Prepared"},{"not_picked":["Venomology","Tactician"],"picked":"Adrenaline"},{"not_picked":["Underhanded Strike","Escape Plan"],"picked":"Poisoned Stab"},{"not_picked":["Deflect","Sucker Punch"],"picked":"PiercingWail"},{"not_picked":["Quick Slash","Dagger Spray"],"picked":"Prepared"},{"not_picked":["Dagger Spray","Dodge and Roll"],"picked":"Prepared"}],"player_experience":198286,"potions_floor_usage":[16,27,27,30],"damage_taken":[{"damage":0,"enemies":"Cultist","floor":1,"turns":1},{"damage":0,"enemies":"2 Louse","floor":2,"turns":1},{"damage":0,"enemies":"Jaw Worm","floor":4,"turns":1},{"damage":2,"enemies":"Blue Slaver","floor":5,"turns":5},{"damage":14,"enemies":"3 Sentries","floor":7,"turns":8},{"damage":4,"enemies":"Lots of Slimes","floor":12,"turns":3},{"damage":5,"enemies":"Exordium Wildlife","floor":14,"turns":4},{"damage":22,"enemies":"The Guardian","floor":16,"turns":7},{"damage":5,"enemies":"3 Byrds","floor":18,"turns":5},{"damage":16,"enemies":"2 Thieves","floor":24,"turns":4},{"damage":35,"enemies":"Slaver and Parasite","floor":27,"turns":6},{"damage":11,"enemies":"Snake Plant","floor":30,"turns":4},{"damage":19,"enemies":"Centurion and Healer","floor":31,"turns":7},{"damage":24,"enemies":"Collector","floor":33,"turns":3}],"event_choices":[{"event_name":"Living Wall","player_choice":"Change","floor":3,"damage_taken":0},{"event_name":"Shining Light","player_choice":"Entered Light","floor":11,"damage_taken":0},{"event_name":"The Lab","player_choice":"Got Potions","floor":19,"damage_taken":0},{"event_name":"Cursed Tome","player_choice":"Obtained Book","floor":20,"damage_taken":0},{"event_name":"Back to Basics","player_choice":"Elegance","floor":25,"damage_taken":0},{"event_name":"The Mausoleum","player_choice":"Yes","floor":28,"damage_taken":0}],"boss_relics":[{"not_picked":["Tiny House","Runic Dome"],"picked":"The Specimen"}],"potions_floor_spawned":[1,2,24],"seed_played":"-4287423453736165428","killed_by":"Collector","ascension_level":2,"is_trial":false}