{"gold_per_floor":[111,88,104,104,17,17,36,36,36,51,65,76,24,24,24,128,128,144,144,69,82,82,111,125,125,125,125],"floor_reached":27,"playtime":1375,"items_purged":["Decay"],"score":248,"play_id":"be9fcff5-d24c-467e-8dde-79a6bffde98e","local_time":"20190217210734","is_ascension_mode":true,"campfire_choices":[{"data":"Redo","floor":6,"key":"SMITH"},{"data":"White Noise","floor":8,"key":"SMITH"},{"floor":15,"key":"REST"},{"data":"Coolheaded","floor":25,"key":"SMITH"}],"neow_cost":"NONE","seed_source_timestamp":0,"circlet_count":0,"master_deck":["Strike_B","Defend_B","Defend_B","Defend_B","Defend_B","Zap","Dualcast","Reboot","Cold Snap","Cold Snap","Capacitor","Redo+1","White Noise+1","Self Repair","Hologram","Self Repair","Coolheaded+1","Seek","Barrage+1","Sweeping Beam+1","Rip and Tear+1","Stack+1","Sunder+1","Cold Snap+1"],"special_seed":0,"relics":["Cracked Core","Blood Vial","Astrolabe","Centennial Puzzle","Blue Candle"],"potions_floor_usage":[14,16,23,27,27,27,27],"damage_taken":[{"damage":1,"enemies":"Cultist","floor":1,"turns":3},{"damage":2,"enemies":"Jaw Worm","floor":3,"turns":3},{"damage":2,"enemies":"Small Slimes","floor":7,"turns":3},{"damage":32,"enemies":"Exordium Thugs","floor":10,"turns":5},{"damage":0,"enemies":"3 Louse","floor":11,"turns":3},{"damage":14,"enemies":"Red Slaver","floor":12,"turns":2},{"damage":24,"enemies":"Gremlin Gang","floor":14,"turns":3},{"damage":25,"enemies":"The Guardian","floor":16,"turns":13},{"damage":10,"enemies":"Chosen","floor":18,"turns":6},{"damage":14,"enemies":"Spheric Guardian","floor":21,"turns":6},{"damage":62,"enemies":"Slavers","floor":23,"turns":6},{"damage":18,"enemies":"Snecko","floor":24,"turns":6},{"damage":25,"enemies":"3 Cultists","floor":27,"turns":4}],"seed_played":"-4081412135068011725","potions_obtained":[{"floor":7,"key":"SmokeBomb"},{"floor":10,"key":"PowerPotion"},{"floor":11,"key":"Fruit Juice"},{"floor":16,"key":"FocusPotion"},{"floor":21,"key":"EntropicBrew"},{"floor":24,"key":"FearPotion"}],"is_trial":false,"path_per_floor":["M","$","M","$","$","R","M","R","T","M","M","M","$","M","R","B",null,"M","?","$","M","$","E","M","R","T","M"],"character_chosen":"DEFECT","items_purchased":["Cold Snap","Capacitor","Redo","Coolheaded"],"campfire_rested":1,"item_purchase_floors":[2,5,5,13],"current_hp_per_floor":[74,74,72,72,72,72,70,70,70,40,49,44,44,29,51,35,75,75,75,75,75,75,32,23,23,23,0],"gold":125,"neow_bonus":"ONE_RANDOM_RARE_CARD","is_prod":false,"is_daily":false,"chose_seed":false,"campfire_upgraded":3,"win_rate":0,"timestamp":1550455654,"path_taken":["M","$","M","?","$","R","M","R","T","M","M","M","$","M","R","BOSS","M","?","$","?","$","E","M","R","T","M"],"build_version":"2019-01-23","purchased_purges":1,"victory":false,"max_hp_per_floor":[75,75,75,75,75,75,75,75,75,75,75,75,75,75,75,75,75,75,75,75,75,75,80,80,80,80,80],"card_choices":[{"not_picked":["Ball Lightning","Hologram"],"picked":"Cold Snap","floor":1},{"not_picked":["Leap","Gash","Compile Driver"],"picked":"SKIP","floor":3},{"not_picked":["Lockon","Steam"],"picked":"White Noise","floor":7},{"not_picked":["Turbo","Beam Cell"],"picked":"Self Repair","floor":10},{"not_picked":["Stack","Thunder Strike"],"picked":"Hologram","floor":11},{"not_picked":["Rip and Tear","Reinforced Body"],"picked":"Self Repair","floor":12},{"not_picked":["Machine Learning","Meteor Strike"],"picked":"Seek","floor":16},{"not_picked":["Compile Driver","Undo"],"picked":"Stack+1","floor":18},{"not_picked":["Leap","Hello World+1"],"picked":"Sunder+1","floor":21},{"not_picked":["Ball Lightning","Go for the Eyes","Reinforced Body"],"picked":"SKIP","floor":23},{"not_picked":["Beam Cell","Turbo"],"picked":"Cold Snap+1","floor":24}],"player_experience":1053851,"relics_obtained":[{"floor":9,"key":"Blood Vial"},{"floor":23,"key":"Centennial Puzzle"},{"floor":26,"key":"Blue Candle"}],"event_choices":[{"damage_healed":0,"gold_gain":0,"player_choice":"Cursed","damage_taken":0,"max_hp_gain":0,"max_hp_loss":0,"event_name":"Wheel of Change","floor":19,"gold_loss":0,"cards_obtained":["Decay"]}],"is_beta":false,"boss_relics":[{"not_picked":["Nuclear Battery","Runic Dome"],"picked":"Astrolabe"}],"items_purged_floors":[20],"is_endless":false,"potions_floor_spawned":[7,10,11,12,16,21,24],"killed_by":"3 Cultists","ascension_level":2}