{"gold_per_floor":[114,129,304,304,304,338,358,358],"floor_reached":8,"playtime":350,"items_purged":[],"score":81,"play_id":"dfed7ae2-dc11-4587-8810-9fbca5c756e9","local_time":"20181223183210","is_ascension_mode":true,"campfire_choices":[],"neow_cost":"NONE","seed_source_timestamp":261714780217152,"circlet_count":0,"master_deck":["Defend_G","Defend_G","Defend_G","Defend_G","Defend_G","Strike_G","Strike_G","Strike_G","Strike_G","Strike_G","Survivor","Neutralize+1","Sucker Punch","Caltrops","Doubt","A Thousand Cuts","Flying Knee"],"relics":["Ring of the Snake","Strawberry","Omamori","Bag of Preparation"],"potions_floor_usage":[8],"damage_taken":[{"damage":2,"enemies":"2 Louse","floor":1,"turns":3},{"damage":0,"enemies":"Small Slimes","floor":2,"turns":3},{"damage":34,"enemies":"Gremlin Nob","floor":6,"turns":6},{"damage":11,"enemies":"Jaw Worm","floor":7,"turns":4},{"damage":29,"enemies":"3 Sentries","floor":8,"turns":4}],"seed_played":"8219043828384031666","potions_obtained":[{"floor":2,"key":"Ancient Potion"},{"floor":6,"key":"GamblersBrew"}],"is_trial":false,"path_per_floor":["M","M","?","?","?","E","M","E"],"character_chosen":"THE_SILENT","items_purchased":[],"campfire_rested":0,"item_purchase_floors":[],"current_hp_per_floor":[68,68,68,68,68,34,23,0],"gold":358,"neow_bonus":"RANDOM_COMMON_RELIC","is_prod":false,"is_daily":false,"chose_seed":false,"campfire_upgraded":0,"win_rate":0,"timestamp":1545607930,"path_taken":["M","M","?","?","?","E","?","E"],"build_version":"2018-12-20","purchased_purges":0,"victory":false,"max_hp_per_floor":[77,77,77,77,77,77,77,77],"card_choices":[{"not_picked":["Bane","Deadly Poison"],"picked":"Sucker Punch","floor":1},{"not_picked":["Poisoned Stab","Dodge and Roll"],"picked":"Caltrops","floor":2},{"not_picked":["Outmaneuver","Backflip"],"picked":"A Thousand Cuts","floor":6},{"not_picked":["Bane","Underhanded Strike"],"picked":"Flying Knee","floor":7}],"player_experience":372475,"relics_obtained":[{"floor":6,"key":"Bag of Preparation"}],"event_choices":[{"damage_healed":0,"gold_gain":175,"player_choice":"AGREE","damage_taken":0,"max_hp_gain":0,"max_hp_loss":0,"event_name":"Liars Game","floor":3,"gold_loss":0,"cards_obtained":["Doubt"]},{"damage_healed":0,"gold_gain":0,"player_choice":"Grow","damage_taken":0,"max_hp_gain":0,"max_hp_loss":0,"event_name":"Living Wall","floor":4,"gold_loss":0,"cards_upgraded":["Neutralize"]},{"damage_healed":0,"gold_gain":0,"player_choice":"Gave Potion","damage_taken":0,"relics_obtained":["Omamori"],"max_hp_gain":0,"max_hp_loss":0,"event_name":"WeMeetAgain","floor":5,"gold_loss":0}],"is_beta":false,"boss_relics":[],"items_purged_floors":[],"is_endless":false,"potions_floor_spawned":[2,6],"killed_by":"3 Sentries","ascension_level":9}