{"gold_per_floor":[10,20,30,41,116,116,41,41,41,41,74,74,74,84,84,84],"floor_reached":16,"playtime":573,"items_purged":["Defend_R"],"score":195,"play_id":"ea42736b-0a4a-43f8-91be-43029181aace","local_time":"20190302191645","is_ascension_mode":true,"campfire_choices":[{"data":"Flame Barrier","floor":6.0,"key":"SMITH"},{"data":"Bash","floor":8.0,"key":"SMITH"},{"data":"Combust","floor":12,"key":"SMITH"},{"data":"Anger","floor":15,"key":"SMITH"}],"neow_cost":"NO_GOLD","seed_source_timestamp":0,"circlet_count":0,"master_deck":["AscendersBane","Strike_R","Strike_R","Strike_R","Strike_R","Defend_R","Defend_R","Defend_R","Bash+1","Brutality","Flame Barrier+1","Rage","Combust+1","Anger+1"],"special_seed":0,"relics":["Burning Blood","Mercury Hourglass","Kunai"],"potions_floor_usage":[11,16],"damage_taken":[{"damage":2.0,"enemies":"2 Louse","floor":1.0,"turns":4.0},{"damage":10.0,"enemies":"Jaw Worm","floor":2.0,"turns":5.0},{"damage":9.0,"enemies":"Small Slimes","floor":3.0,"turns":6.0},{"damage":5.0,"enemies":"Looter","floor":4.0,"turns":4.0},{"damage":24,"enemies":"Gremlin Nob","floor":11,"turns":4},{"damage":9,"enemies":"Blue Slaver","floor":14,"turns":3},{"damage":52,"enemies":"The Guardian","floor":16,"turns":7}],"seed_played":"-8932756112803962627","potions_obtained":[{"floor":1.0,"key":"Explosive Potion"},{"floor":4.0,"key":"PowerPotion"}],"is_trial":false,"path_per_floor":["M","M","M","M","?","R","$","R","T","?","E","R","?","M","R","B"],"character_chosen":"IRONCLAD","items_purchased":[],"campfire_rested":0,"item_purchase_floors":[],"current_hp_per_floor":[72,68,65,66,55,55,55,55,55,48,30,30,55,52,52,0],"gold":84,"neow_bonus":"THREE_RARE_CARDS","is_prod":false,"is_daily":false,"chose_seed":false,"campfire_upgraded":4,"win_rate":0,"timestamp":1551521805,"path_taken":["M","M","M","M","?","R","$","R","T","?","E","R","?","M","R","BOSS"],"build_version":"2019-01-23","purchased_purges":1,"victory":false,"max_hp_per_floor":[75,75,75,75,75,75,75,75,75,75,75,75,75,75,75,75],"card_choices":[{"not_picked":["Limit Break","Impervious"],"picked":"Brutality","floor":0.0},{"not_picked":["Havoc","Clash"],"picked":"Flame Barrier","floor":1.0},{"not_picked":["Thunderclap","Clash"],"picked":"Rage","floor":2.0},{"not_picked":["Intimidate","Infernal Blade"],"picked":"Combust","floor":3.0},{"not_picked":["Heavy Blade","Infernal Blade","Armaments"],"picked":"SKIP","floor":4.0},{"not_picked":["Wild Strike","Havoc","Perfected Strike"],"picked":"SKIP","floor":11},{"not_picked":["Cleave","Pummel"],"picked":"Anger","floor":14}],"player_experience":999058,"relics_obtained":[{"floor":9.0,"key":"Mercury Hourglass"},{"floor":11,"key":"Kunai"}],"event_choices":[{"damage_healed":0.0,"max_hp_gain":0.0,"max_hp_loss":0.0,"gold_gain":75.0,"event_name":"World of Goop","player_choice":"Gather Gold","floor":5.0,"gold_loss":0.0,"damage_taken":11.0},{"cards_removed":["Strike_R"],"damage_healed":0.0,"max_hp_gain":0.0,"max_hp_loss":0.0,"gold_gain":0.0,"event_name":"Golden Wing","player_choice":"Card Removal","floor":10.0,"gold_loss":0.0,"damage_taken":7.0},{"damage_healed":25,"gold_gain":0,"player_choice":"Banana","damage_taken":0,"max_hp_gain":0,"max_hp_loss":0,"event_name":"Big Fish","floor":13,"gold_loss":0}],"is_beta":false,"boss_relics":[],"items_purged_floors":[7],"is_endless":false,"potions_floor_spawned":[1,4],"killed_by":"The Guardian","ascension_level":19}