{"gold_per_floor":[116,132,147,72,84,84,119,137,164,64,64,79,79,79,79,79],"floor_reached":16,"playtime":464,"items_purged":["Strike_R","Strike_R"],"score":204,"play_id":"6d800a43-8381-409b-ae28-29640e295a90","local_time":"20190303132402","is_ascension_mode":true,"campfire_choices":[{"data":"Searing Blow","floor":6,"key":"SMITH"},{"data":"Searing Blow+1","floor":11,"key":"SMITH"},{"data":"Searing Blow+2","floor":13,"key":"SMITH"},{"data":"Searing Blow+3","floor":15,"key":"SMITH"}],"neow_cost":"NONE","seed_source_timestamp":144375632700375,"circlet_count":0,"master_deck":["AscendersBane","Strike_R","Strike_R","Strike_R","Defend_R","Defend_R+1","Defend_R","Defend_R+1","Bash","Rampage","Searing Blow+4","Headbutt","Intimidate"],"relics":["Burning Blood","War Paint","Regal Pillow","Potion Belt","CultistMask"],"potions_floor_usage":[5,7],"damage_taken":[{"damage":0,"enemies":"Cultist","floor":1,"turns":4},{"damage":8,"enemies":"2 Louse","floor":2,"turns":3},{"damage":21,"enemies":"Jaw Worm","floor":3,"turns":4},{"damage":0,"enemies":"3 Louse","floor":5,"turns":4},{"damage":44,"enemies":"3 Sentries","floor":7,"turns":8},{"damage":4,"enemies":"2 Fungi Beasts","floor":8,"turns":4},{"damage":6,"enemies":"Exordium Wildlife","floor":12,"turns":5},{"damage":28,"enemies":"The Guardian","floor":16,"turns":2}],"seed_played":"6496713648649665708","potions_obtained":[{"floor":2,"key":"Strength Potion"},{"floor":3,"key":"Block Potion"},{"floor":5,"key":"Poison Potion"}],"is_trial":false,"path_per_floor":["M","M","M","$","M","R","E","M","T","$","R","M","R","?","R","B"],"character_chosen":"IRONCLAD","items_purchased":[],"campfire_rested":0,"item_purchase_floors":[],"current_hp_per_floor":[74,72,57,57,63,63,25,27,27,27,27,27,27,27,27,0],"gold":79,"neow_bonus":"RANDOM_COMMON_RELIC","is_prod":false,"is_daily":false,"chose_seed":false,"campfire_upgraded":4,"win_rate":0,"timestamp":1551587042,"path_taken":["M","?","M","?","?","R","E","M","T","$","R","M","R","?","R","BOSS"],"build_version":"2019-01-23","purchased_purges":2,"victory":false,"max_hp_per_floor":[75,75,75,75,75,75,75,75,75,75,75,75,75,75,75,75],"card_choices":[{"not_picked":["Twin Strike","Clothesline"],"picked":"Rampage","floor":1},{"not_picked":["Anger","Wild Strike"],"picked":"Searing Blow","floor":2},{"not_picked":["Heavy Blade","Warcry"],"picked":"Headbutt","floor":3},{"not_picked":["Body Slam","Headbutt","Sever Soul"],"picked":"SKIP","floor":5},{"not_picked":["Flex","Demon Form"],"picked":"Intimidate","floor":7},{"not_picked":["Whirlwind","Pommel Strike","Anger"],"picked":"SKIP","floor":8},{"not_picked":["Clothesline","Blood for Blood","Sword Boomerang"],"picked":"SKIP","floor":12}],"player_experience":1031584,"relics_obtained":[{"floor":7,"key":"Regal Pillow"},{"floor":9,"key":"Potion Belt"}],"event_choices":[{"damage_healed":0,"gold_gain":0,"player_choice":"Trade","damage_taken":0,"relics_obtained":["CultistMask"],"max_hp_gain":0,"max_hp_loss":0,"event_name":"FaceTrader","floor":14,"gold_loss":0}],"is_beta":false,"boss_relics":[],"items_purged_floors":[4,10],"is_endless":false,"potions_floor_spawned":[2,3,5],"killed_by":"The Guardian","ascension_level":20}