{"path_per_floor":["M","$","?","?","?","R","T","E","T","$","M","M","$","M","R","B",null,"M","?","?","T","?","R","E","M","T","R","?","R","M","M","R"],"character_chosen":"IRONCLAD","items_purchased":["Heavy Blade","Flex"],"gold_per_floor":[11,11,11,11,11,11,11,43,69,47,57,69,45,62,62,166,166,182,182,82,82,82,82,107,118,172,172,172,172,185,195,195,195],"floor_reached":33,"campfire_rested":2,"playtime":981,"current_hp_per_floor":[80,80,80,80,80,80,80,48,48,48,49,53,53,45,45,41,80,80,80,80,80,80,80,32,15,15,41,41,41,13,12,38,9],"items_purged":[],"gold":195,"score":313,"play_id":"3f9b8a69-007f-4b20-b8d0-0395ee2b2920","local_time":"20180323234416","is_prod":false,"is_daily":false,"is_ascension_mode":true,"campfire_upgraded":3,"timestamp":1521863056,"path_taken":["M","$","?","?","?","R","?","E","T","$","M","M","?","M","R","BOSS","M","?","?","?","?","R","E","M","T","R","?","R","M","M","R","BOSS"],"build_version":"2018-03-22v2","purchased_purges":0,"victory":false,"master_deck":["Strike_R","Strike_R","Strike_R","Strike_R","Strike_R","Defend_R","Defend_R","Defend_R","Defend_R","Bash","Flex+1","Normality","Sword Boomerang","Heavy Blade+1","Flex+1","Shrug It Off","Offering","J.A.X.+1","Doubt","Heavy Blade+1","Thunderclap","Regret","Flex+1","True Grit"],"max_hp_per_floor":[80,80,80,80,80,80,80,80,80,80,80,80,80,80,80,80,80,80,80,80,80,80,80,87,87,87,87,87,87,87,87,87,87],"relics":["Burning Blood","Shovel","Champion Belt","Paper Frog","Charon\u0027s Ashes","Bag of Preparation","Dream Catcher","Cursed Key","Ice Cream","Strawberry","Prayer Wheel"],"card_choices":[{"not_picked":["Whirlwind","Evolve"],"picked":"Flex","floor":1},{"not_picked":["Cleave","Battle Trance"],"picked":"Sword Boomerang","floor":8},{"not_picked":["Thunderclap","Evolve"],"picked":"Shrug It Off","floor":14},{"not_picked":["Impervious","Dark Embrace"],"picked":"Offering","floor":16},{"not_picked":["Headbutt","Clothesline"],"picked":"Thunderclap","floor":24},{"not_picked":["Uppercut","Cleave"],"picked":"Flex","floor":27},{"not_picked":["Rupture","Headbutt"],"picked":"True Grit","floor":31}],"player_experience":332822,"potions_floor_usage":[16,16,24,25],"damage_taken":[{"damage":4,"enemies":"Jaw Worm","floor":1,"turns":4},{"damage":38,"enemies":"Gremlin Nob","floor":8,"turns":5},{"damage":5,"enemies":"2 Louse","floor":11,"turns":2},{"damage":2,"enemies":"Small Slimes","floor":12,"turns":3},{"damage":14,"enemies":"3 Louse","floor":14,"turns":3},{"damage":10,"enemies":"Slime Boss","floor":16,"turns":5},{"damage":4,"enemies":"Chosen","floor":18,"turns":1},{"damage":61,"enemies":"Slavers","floor":24,"turns":5},{"damage":23,"enemies":"2 Thieves","floor":25,"turns":3},{"damage":34,"enemies":"Snake Plant","floor":30,"turns":3},{"damage":7,"enemies":"Snecko","floor":31,"turns":2},{"damage":29,"enemies":"Champ","floor":33,"turns":6}],"event_choices":[{"event_name":"Living Wall","player_choice":"Grow","floor":3,"damage_taken":0},{"event_name":"The Cleric","player_choice":"Leave","floor":4,"damage_taken":0},{"event_name":"Accursed Blacksmith","player_choice":"Rummage","floor":5,"damage_taken":0},{"event_name":"Vampires","player_choice":"Ignored","floor":19,"damage_taken":0},{"event_name":"Drug Dealer","player_choice":"Got JAXXED","floor":20,"damage_taken":0},{"event_name":"Duplicator","player_choice":"One dupe","floor":22,"damage_taken":0},{"event_name":"Upgrade Shrine","player_choice":"Upgraded","floor":28,"damage_taken":0}],"boss_relics":[{"not_picked":["Astrolabe","Ectoplasm"],"picked":"Cursed Key"}],"potions_floor_spawned":[8,12,18,24],"seed_played":"-4468555735661103006","killed_by":"Champ","ascension_level":4,"is_trial":false}