{"gold_per_floor":[115,35,35,52,64,95,95,95,95,95,123,123,135,150,150,246,246,212,212,212,16,16,16],"floor_reached":23,"playtime":799,"items_purged":[],"score":308,"play_id":"4e5e69a0-d5b0-4d42-a27b-0b183c33dad5","local_time":"20181208202237","is_ascension_mode":true,"campfire_choices":[{"data":"Noxious Fumes","floor":8,"key":"SMITH"},{"data":"Blade Dance","floor":10,"key":"SMITH"},{"floor":12,"key":"REST"},{"floor":15,"key":"REST"}],"neow_cost":"NONE","seed_source_timestamp":39236811663987,"circlet_count":0,"master_deck":["AscendersBane","Defend_G","Defend_G","Defend_G","Defend_G","Defend_G","Strike_G","Strike_G","Strike_G","Strike_G","Survivor","Neutralize","Footwork+1","Noxious Fumes+1","Night Terror","Dagger Spray","Noxious Fumes","Blade Dance+1","After Image","Backflip","Infinite Blades","After Image","Cloak And Dagger"],"relics":["Ring of the Snake","Bag of Preparation","Question Card","Shuriken","Black Star","Anchor"],"potions_floor_usage":[6,11,18,20,20],"damage_taken":[{"damage":1,"enemies":"Jaw Worm","floor":1,"turns":6},{"damage":0,"enemies":"Cultist","floor":4,"turns":5},{"damage":0,"enemies":"2 Louse","floor":5,"turns":2},{"damage":23,"enemies":"Lagavulin","floor":6,"turns":8},{"damage":28,"enemies":"Gremlin Nob","floor":11,"turns":6},{"damage":7,"enemies":"Red Slaver","floor":13,"turns":5},{"damage":2,"enemies":"2 Fungi Beasts","floor":14,"turns":5},{"damage":32,"enemies":"The Guardian","floor":16,"turns":9},{"damage":47,"enemies":"2 Thieves","floor":18,"turns":5},{"damage":0,"enemies":"3 Byrds","floor":20,"turns":2},{"damage":8,"enemies":"Colosseum Slavers","floor":22,"turns":7},{"damage":9,"enemies":"Book of Stabbing","floor":23,"turns":2}],"seed_played":"5775523457535268311","potions_obtained":[{"floor":1,"key":"Regen Potion"},{"floor":6,"key":"Block Potion"},{"floor":14,"key":"EssenceOfSteel"},{"floor":16,"key":"Strength Potion"},{"floor":19,"key":"SmokeBomb"},{"floor":19,"key":"Regen Potion"}],"is_trial":false,"path_per_floor":["M","$","?","M","M","E","?","R","T","R","E","R","M","M","R","B",null,"M","?","M","$","?","E"],"character_chosen":"THE_SILENT","items_purchased":["Noxious Fumes","Cloak And Dagger","Anchor"],"campfire_rested":2,"item_purchase_floors":[2,21,21],"current_hp_per_floor":[62,62,62,62,62,54,54,54,54,54,26,47,40,38,59,27,59,12,12,12,12,4,0],"gold":16,"neow_bonus":"RANDOM_COMMON_RELIC","is_prod":false,"is_daily":false,"chose_seed":false,"campfire_upgraded":2,"win_rate":0,"timestamp":1544296957,"path_taken":["M","$","?","?","M","E","?","R","T","R","E","R","?","M","R","BOSS","M","?","M","$","?","E"],"build_version":"2018-12-06","purchased_purges":0,"victory":false,"max_hp_per_floor":[70,70,70,70,70,70,70,70,70,70,70,70,70,70,70,70,70,70,70,70,70,70,70],"card_choices":[{"not_picked":["Flying Knee","Outmaneuver"],"picked":"Footwork","floor":1},{"not_picked":["Sucker Punch","Outmaneuver"],"picked":"Dagger Spray","floor":4},{"not_picked":["Cloak And Dagger","Flying Knee"],"picked":"Noxious Fumes","floor":5},{"not_picked":["Accuracy","Masterful Stab"],"picked":"Blade Dance","floor":6},{"not_picked":["Slice","Acrobatics","Caltrops"],"picked":"After Image","floor":11},{"not_picked":["Outmaneuver","Endless Agony","Dagger Throw"],"picked":"Backflip","floor":13},{"not_picked":["Flying Knee","Dagger Throw","Sucker Punch"],"picked":"Infinite Blades","floor":14},{"not_picked":["Die Die Die","Envenom","Storm of Steel"],"picked":"After Image","floor":16},{"not_picked":["Quick Slash","Eviscerate","Outmaneuver","Dagger Throw+1"],"picked":"SKIP","floor":18}],"player_experience":494605,"relics_obtained":[{"floor":6,"key":"Question Card"},{"floor":11,"key":"Shuriken"}],"event_choices":[{"damage_healed":0,"gold_gain":0,"cards_transformed":["Strike_G"],"player_choice":"Transformed","damage_taken":0,"max_hp_gain":0,"max_hp_loss":0,"event_name":"Transmorgrifier","floor":3,"gold_loss":0,"cards_obtained":["Night Terror"]},{"damage_healed":0,"gold_gain":0,"player_choice":"Forge","damage_taken":0,"max_hp_gain":0,"max_hp_loss":0,"event_name":"Accursed Blacksmith","floor":7,"gold_loss":0,"cards_upgraded":["Footwork"]},{"damage_healed":0,"gold_gain":0,"player_choice":"Got Potions","damage_taken":0,"max_hp_gain":0,"max_hp_loss":0,"event_name":"Lab","floor":19,"gold_loss":0},{"damage_healed":0,"gold_gain":0,"player_choice":"Fight","damage_taken":0,"max_hp_gain":0,"max_hp_loss":0,"event_name":"Colosseum","floor":22,"gold_loss":0},{"damage_healed":0,"gold_gain":0,"player_choice":"Fled From Nobs","damage_taken":0,"max_hp_gain":0,"max_hp_loss":0,"event_name":"Colosseum","floor":22,"gold_loss":0}],"is_beta":false,"boss_relics":[{"not_picked":["Fusion Hammer","Runic Dome"],"picked":"Black Star"}],"items_purged_floors":[],"is_endless":false,"potions_floor_spawned":[1,6,14,16,20,22],"killed_by":"Book of Stabbing","ascension_level":11}