{"gold_per_floor":[116,133,12,12,31,41,41,55,55,18,28,28,2,19,19,114,114,132,132,148,2,12,12,12,12,35,49,65,65],"floor_reached":29,"playtime":1510,"items_purged":["Strike_B","Strike_B"],"score":219,"play_id":"a0944230-f39d-43e1-915b-41167188b5ca","local_time":"20180627214839","is_ascension_mode":false,"campfire_choices":[{"data":"Heatsinks","floor":7,"key":"SMITH"},{"data":"White Noise","floor":12,"key":"SMITH"},{"data":"Capacitor","floor":15,"key":"SMITH"},{"data":"White Noise","floor":23,"key":"SMITH"}],"neow_cost":"NONE","seed_source_timestamp":1223397029533176,"circlet_count":0,"master_deck":["Strike_B","Strike_B","Defend_B","Defend_B","Defend_B","Defend_B","Zap","Dualcast","Heatsinks+1","White Noise+1","Cold Snap","Conserve Battery","Go for the Eyes","Ball Lightning","Blizzard","Conserve Battery","Capacitor+1","Amplify","Gash","White Noise+1","Redo","Hello World","Zap","Dramatic Entrance","Barrage","Stack","Barrage","Capacitor+1","Gash","Self Repair"],"relics":["Cracked Core","NeowsBlessing","Bottled Tornado","Orrery","Ancient Tea Set"],"potions_floor_usage":[28,28,28],"damage_taken":[{"damage":0,"enemies":"Cultist","floor":1,"turns":1},{"damage":0,"enemies":"2 Louse","floor":2,"turns":1},{"damage":0,"enemies":"Small Slimes","floor":5,"turns":1},{"damage":3,"enemies":"Exordium Wildlife","floor":6,"turns":3},{"damage":7,"enemies":"2 Fungi Beasts","floor":8,"turns":4},{"damage":0,"enemies":"Blue Slaver","floor":11,"turns":3},{"damage":3,"enemies":"Looter","floor":14,"turns":3},{"damage":37,"enemies":"The Guardian","floor":16,"turns":14},{"damage":2,"enemies":"Chosen","floor":18,"turns":6},{"damage":18,"enemies":"Spheric Guardian","floor":20,"turns":5},{"damage":18,"enemies":"Centurion and Healer","floor":22,"turns":7},{"damage":26,"enemies":"Snake Plant","floor":27,"turns":6},{"damage":6,"enemies":"3 Cultists","floor":28,"turns":4},{"damage":7,"enemies":"Centurion and Healer","floor":29,"turns":1}],"seed_played":"-3912963233101353406","potions_obtained":[{"floor":1,"key":"FearPotion"},{"floor":2,"key":"EssenceOfSteel"},{"floor":8,"key":"Explosive Potion"}],"is_trial":false,"path_per_floor":["M","M","$","$","M","M","R","M","T","$","M","R","$","M","R","B",null,"M","?","M","$","M","R","?","?","T","M","M"],"character_chosen":"DEFECT","items_purchased":["Cold Snap","Blizzard","Conserve Battery","Stack"],"campfire_rested":0,"item_purchase_floors":[3,10,13,21],"current_hp_per_floor":[75,75,75,75,75,72,72,65,65,65,65,65,65,62,62,25,75,73,73,55,55,37,37,37,37,37,11,5,0],"gold":65,"neow_bonus":"THREE_ENEMY_KILL","is_prod":false,"is_daily":false,"chose_seed":false,"campfire_upgraded":4,"win_rate":0,"timestamp":1530150519,"path_taken":["M","M","?","$","M","M","R","M","T","$","M","R","?","M","R","BOSS","M","?","M","$","M","R","?","?","T","?","M","M"],"build_version":"2018-06-21v2","purchased_purges":2,"victory":false,"max_hp_per_floor":[75,75,75,75,75,75,75,75,75,75,75,75,75,75,75,75,75,75,75,75,75,75,75,75,75,75,75,75,75],"card_choices":[{"not_picked":["Turbo","Fusion"],"picked":"Heatsinks","floor":1},{"not_picked":["Barrage","Coolheaded"],"picked":"White Noise","floor":2},{"not_picked":["Aggregate","Hologram"],"picked":"Conserve Battery","floor":5},{"not_picked":["Cold Snap","Biased Cognition"],"picked":"Go for the Eyes","floor":6},{"not_picked":["Double Energy","Doom and Gloom"],"picked":"Ball Lightning","floor":8},{"not_picked":["Undo","Streamline","Rebound"],"picked":"SKIP","floor":11},{"not_picked":["Stack","White Noise"],"picked":"Capacitor","floor":14},{"not_picked":["Machine Learning","Rainbow"],"picked":"Amplify","floor":16},{"not_picked":["Ball Lightning","Streamline"],"picked":"Gash","floor":17},{"not_picked":["Conserve Battery","Aggregate"],"picked":"White Noise","floor":17},{"not_picked":["Skim","Turbo"],"picked":"Redo","floor":17},{"not_picked":["Go for the Eyes","Chaos+1"],"picked":"Hello World","floor":18},{"not_picked":["Cold Snap","Go for the Eyes+1"],"picked":"Barrage","floor":20},{"not_picked":["Cold Snap+1","Undo+1"],"picked":"Barrage","floor":22},{"not_picked":["Conserve Battery","Double Energy"],"picked":"Gash","floor":27},{"not_picked":["Darkness","Compile Driver"],"picked":"Self Repair","floor":28}],"player_experience":531540,"relics_obtained":[{"floor":9,"key":"Bottled Tornado"},{"floor":26,"key":"Ancient Tea Set"}],"event_choices":[{"event_name":"Match and Keep!","player_choice":"2 cards matched","floor":19,"damage_taken":0},{"event_name":"Addict","player_choice":"Ignored","floor":24,"damage_taken":0},{"event_name":"Duplicator","player_choice":"One dupe","floor":25,"damage_taken":0}],"boss_relics":[{"not_picked":["Philosopher\u0027s Stone","Coffee Dripper"],"picked":"Orrery"}],"items_purged_floors":[3,21],"is_endless":false,"potions_floor_spawned":[1,2,8,14,16,22],"killed_by":"Centurion and Healer","ascension_level":0}