{"gold_per_floor":[115,15,15,15,30,45,61,61,61,61,76,76,76,151,151,248,248,268,268,279,279,291,291,302,316,385,398,398,398,323,341,341,440,440,450,462,477,402,417,417,292,303,303,303,303,352,352,366,366,366],"floor_reached":50,"playtime":1748,"items_purged":["Strike_G","Strike_G","Parasite"],"score":636,"play_id":"a3cfb0be-cd67-4ea5-8a42-76c3102fba68","local_time":"20190303122740","is_ascension_mode":false,"campfire_choices":[{"data":"Crippling Poison","floor":8,"key":"SMITH"},{"data":"Deadly Poison","floor":10,"key":"SMITH"},{"data":"All Out Attack","floor":13,"key":"SMITH"},{"data":"Neutralize","floor":15,"key":"SMITH"},{"data":"Leg Sweep","floor":23,"key":"SMITH"},{"floor":29,"key":"REST"},{"data":"Bullet Time","floor":32,"key":"SMITH"},{"data":"Corpse Explosion","floor":40,"key":"SMITH"},{"data":"Adrenaline","floor":44,"key":"SMITH"},{"floor":47,"key":"REST"},{"floor":49,"key":"REST"}],"neow_cost":"","seed_source_timestamp":742596342624300,"circlet_count":0,"master_deck":["Defend_G","Defend_G","Defend_G","Defend_G","Defend_G","Survivor","Neutralize+1","Noxious Fumes+1","Deadly Poison+1","All Out Attack+1","Crippling Poison+1","Bullet Time+1","Bouncing Flask","Outmaneuver+1","Leg Sweep+1","Deadly Poison","Noxious Fumes+1","Adrenaline+1","Noxious Fumes","Corpse Explosion+1"],"relics":["Ring of the Serpent","Oddly Smooth Stone","WristBlade","Nloth\u0027s Gift","Ninja Scroll","Bottled Lightning","Girya"],"potions_floor_usage":[16,20,20,22,33,33,33,35,39,46],"damage_taken":[{"damage":3,"enemies":"Cultist","floor":1,"turns":4},{"damage":0,"enemies":"2 Louse","floor":5,"turns":3},{"damage":0,"enemies":"Small Slimes","floor":6,"turns":3},{"damage":0,"enemies":"Blue Slaver","floor":7,"turns":4},{"damage":0,"enemies":"Lots of Slimes","floor":11,"turns":2},{"damage":0,"enemies":"The Guardian","floor":16,"turns":9},{"damage":7,"enemies":"2 Thieves","floor":18,"turns":3},{"damage":6,"enemies":"Spheric Guardian","floor":20,"turns":4},{"damage":7,"enemies":"Snake Plant","floor":22,"turns":4},{"damage":1,"enemies":"Centurion and Healer","floor":24,"turns":7},{"damage":4,"enemies":"3 Cultists","floor":25,"turns":5},{"damage":20,"enemies":"Cultist and Chosen","floor":27,"turns":5},{"damage":0,"enemies":"Snecko","floor":31,"turns":4},{"damage":35,"enemies":"Champ","floor":33,"turns":11},{"damage":21,"enemies":"3 Darklings","floor":35,"turns":4},{"damage":0,"enemies":"Orb Walker","floor":36,"turns":3},{"damage":9,"enemies":"Jaw Worm Horde","floor":37,"turns":4},{"damage":25,"enemies":"Writhing Mass","floor":39,"turns":6},{"damage":0,"enemies":"Sphere and 2 Shapes","floor":42,"turns":4},{"damage":14,"enemies":"2 Orb Walkers","floor":46,"turns":3},{"damage":9,"enemies":"Transient","floor":48,"turns":5},{"damage":54,"enemies":"Time Eater","floor":50,"turns":9}],"seed_played":"4933986247721173363","potions_obtained":[{"floor":1,"key":"GhostInAJar"},{"floor":5,"key":"EntropicBrew"},{"floor":6,"key":"FearPotion"},{"floor":11,"key":"SpeedPotion"},{"floor":24,"key":"Explosive Potion"},{"floor":33,"key":"Block Potion"},{"floor":36,"key":"Dexterity Potion"},{"floor":37,"key":"Regen Potion"}],"is_trial":false,"path_per_floor":["M","$","?","?","M","M","M","R","T","R","M","?","R","?","R","B",null,"M","?","M","?","M","R","M","M","T","M","?","R","?","M","R","B",null,"M","M","M","$","M","R","$","M","T","R","?","?","R","M","R","B"],"character_chosen":"THE_SILENT","items_purchased":["Noxious Fumes","Deadly Poison","All Out Attack","Oddly Smooth Stone","Noxious Fumes"],"campfire_rested":3,"item_purchase_floors":[0,0,0,0,38],"current_hp_per_floor":[60,60,60,60,60,60,60,60,60,60,60,53,53,42,42,42,70,63,63,57,57,50,50,49,45,45,25,25,46,46,46,46,11,70,49,49,40,40,30,30,30,30,30,30,30,16,36,27,47,0],"gold":366,"neow_bonus":"","is_prod":false,"is_daily":false,"chose_seed":false,"campfire_upgraded":8,"win_rate":0,"timestamp":1551612460,"path_taken":["M","$","?","?","?","M","M","R","T","R","M","?","R","?","R","BOSS","M","?","?","?","M","R","?","M","T","M","?","R","?","M","R","BOSS","M","M","M","$","M","R","$","M","T","R","?","?","R","M","R","BOSS"],"build_version":"2019-01-23","purchased_purges":3,"victory":false,"max_hp_per_floor":[70,70,70,70,70,70,70,70,70,70,70,70,70,70,70,70,70,70,70,70,70,70,70,70,70,70,70,70,70,70,70,70,70,70,70,70,70,70,70,70,67,67,67,67,67,67,67,67,67,67],"card_choices":[{"not_picked":["Blade Dance","Distraction","Slice"],"picked":"SKIP","floor":1},{"not_picked":["Deflect","Underhanded Strike","Blade Dance"],"picked":"SKIP","floor":5},{"not_picked":["Quick Slash","Die Die Die","Tactician"],"picked":"SKIP","floor":6},{"not_picked":["Dodge and Roll","PiercingWail"],"picked":"Crippling Poison","floor":7},{"not_picked":["Skewer","Acrobatics","Terror"],"picked":"SKIP","floor":11},{"not_picked":["Tools of the Trade","Malaise"],"picked":"Bullet Time","floor":16},{"not_picked":["Quick Slash","Underhanded Strike+1"],"picked":"Bouncing Flask","floor":18},{"not_picked":["Predator","PiercingWail"],"picked":"Outmaneuver+1","floor":20},{"not_picked":["Acrobatics","Deflect"],"picked":"Leg Sweep","floor":22},{"not_picked":["Bane","Cloak And Dagger"],"picked":"Deadly Poison","floor":24},{"not_picked":["Wraith Form v2","Deadly Poison","PiercingWail"],"picked":"SKIP","floor":25},{"not_picked":["Slice","Deadly Poison"],"picked":"Noxious Fumes+1","floor":27},{"not_picked":["PiercingWail","Blur","Glass Knife"],"picked":"SKIP","floor":31},{"not_picked":["Die Die Die","Malaise"],"picked":"Adrenaline","floor":33},{"not_picked":["Cloak And Dagger+1","Doppelganger","Slice"],"picked":"SKIP","floor":35},{"not_picked":["Bane+1","Quick Slash","Sucker Punch+1"],"picked":"SKIP","floor":36},{"not_picked":["Quick Slash","Sucker Punch","Prepared"],"picked":"SKIP","floor":37},{"not_picked":["Underhanded Strike","Deadly Poison+1"],"picked":"Corpse Explosion","floor":39},{"not_picked":["Sucker Punch","Calculated Gamble","Quick Slash+1"],"picked":"SKIP","floor":42},{"not_picked":["Dagger Spray+1","Infinite Blades+1","Dash"],"picked":"SKIP","floor":48}],"player_experience":152764,"relics_obtained":[{"floor":9,"key":"Juzu Bracelet"},{"floor":26,"key":"Ninja Scroll"},{"floor":43,"key":"Bottled Lightning"},{"floor":46,"key":"Girya"}],"event_choices":[{"cards_removed":["Strike_G"],"damage_healed":0,"gold_gain":0,"player_choice":"Forget","damage_taken":0,"max_hp_gain":0,"max_hp_loss":0,"event_name":"Living Wall","floor":3,"gold_loss":0},{"damage_healed":0,"gold_gain":0,"player_choice":"Forge","damage_taken":0,"max_hp_gain":0,"max_hp_loss":0,"event_name":"Accursed Blacksmith","floor":4,"gold_loss":0,"cards_upgraded":["Noxious Fumes"]},{"cards_removed":["Strike_G"],"damage_healed":0,"gold_gain":0,"player_choice":"Card Removal","damage_taken":7,"max_hp_gain":0,"max_hp_loss":0,"event_name":"Golden Wing","floor":12,"gold_loss":0},{"damage_healed":0,"gold_gain":75,"player_choice":"Gather Gold","damage_taken":11,"max_hp_gain":0,"max_hp_loss":0,"event_name":"World of Goop","floor":14,"gold_loss":0},{"damage_healed":0,"gold_gain":0,"player_choice":"Traded Relic","damage_taken":0,"relics_obtained":["Nloth\u0027s Gift"],"max_hp_gain":0,"max_hp_loss":0,"event_name":"N\u0027loth","floor":19,"relics_lost":["Juzu Bracelet"],"gold_loss":0},{"damage_healed":0,"gold_gain":0,"player_choice":"0 cards matched","damage_taken":0,"max_hp_gain":0,"max_hp_loss":0,"event_name":"Match and Keep!","floor":21,"gold_loss":0,"cards_obtained":[]},{"damage_healed":0,"gold_gain":0,"player_choice":"Ignored","damage_taken":0,"max_hp_gain":0,"max_hp_loss":0,"event_name":"Cursed Tome","floor":28,"gold_loss":0},{"cards_removed":["Strike_G"],"damage_healed":0,"gold_gain":0,"player_choice":"Gave Gold","damage_taken":0,"max_hp_gain":0,"max_hp_loss":0,"event_name":"Beggar","floor":30,"gold_loss":75},{"damage_healed":0,"gold_gain":0,"player_choice":"Memory 1","damage_taken":0,"max_hp_gain":0,"max_hp_loss":0,"event_name":"SensoryStone","floor":45,"gold_loss":0},{"damage_healed":0,"gold_gain":0,"player_choice":"Fight","damage_taken":0,"max_hp_gain":0,"max_hp_loss":0,"event_name":"Mysterious Sphere","floor":46,"gold_loss":0}],"is_beta":false,"boss_relics":[{"not_picked":["Busted Crown","Runic Dome"],"picked":"WristBlade"},{"not_picked":["Cursed Key","Tiny House"],"picked":"Ring of the Serpent"}],"items_purged_floors":[0,2,41],"is_endless":false,"potions_floor_spawned":[1,5,6,11,24,27,33,36,37],"killed_by":"Time Eater","ascension_level":0}