{"gold_per_floor":[109,109,120,120,45,374,51,63,63,80,80,50,50,70,70,147,147,159,176,51,67,78,78,78],"floor_reached":24,"playtime":867,"items_purged":["Strike_R","Strike_R","Strike_R"],"score":401,"play_id":"e3962e51-b6ef-4c2c-a288-7dd8cd2c3094","local_time":"20190225200813","is_ascension_mode":true,"campfire_choices":[{"data":"Juggernaut","floor":13,"key":"SMITH"},{"data":"Shrug It Off","floor":15,"key":"SMITH"},{"data":"Combust","floor":23,"key":"SMITH"}],"neow_cost":"NONE","seed_source_timestamp":867357853112865,"circlet_count":0,"master_deck":["AscendersBane","Strike_R","Strike_R+1","Defend_R","Defend_R","Defend_R+1","Defend_R","Bash","Juggernaut+1","Shrug It Off+1","Combust+1","Offering"],"relics":["Burning Blood","NeowsBlessing","Old Coin","TheAbacus","Darkstone Periapt","Runic Cube"],"potions_floor_usage":[18],"damage_taken":[{"damage":0,"enemies":"Small Slimes","floor":1,"turns":1},{"damage":0,"enemies":"Jaw Worm","floor":3,"turns":1},{"damage":0,"enemies":"3 Sentries","floor":6,"turns":2},{"damage":0,"enemies":"Cultist","floor":8,"turns":4},{"damage":5,"enemies":"Red Slaver","floor":10,"turns":4},{"damage":3,"enemies":"Looter","floor":14,"turns":3},{"damage":45,"enemies":"Slime Boss","floor":16,"turns":11},{"damage":8,"enemies":"3 Byrds","floor":18,"turns":2},{"damage":7,"enemies":"Spheric Guardian","floor":19,"turns":4},{"damage":17,"enemies":"Shelled Parasite and Fungi","floor":21,"turns":6},{"damage":24,"enemies":"Centurion and Healer","floor":22,"turns":5},{"damage":41,"enemies":"Gremlin Leader","floor":24,"turns":7}],"seed_played":"-8849178693298174745","potions_obtained":[{"floor":3,"key":"LiquidBronze"},{"floor":6,"key":"Dexterity Potion"},{"floor":19,"key":"FearPotion"}],"is_trial":false,"path_per_floor":["M","?","M","?","$","E","$","M","T","M","$","$","R","M","R","B",null,"M","M","$","M","M","R","E"],"character_chosen":"IRONCLAD","items_purchased":["TheAbacus","Shrug It Off"],"campfire_rested":0,"item_purchase_floors":[7,12],"current_hp_per_floor":[74,79,80,56,56,62,62,68,68,69,69,69,69,72,72,33,68,66,65,65,54,36,36,0],"gold":78,"neow_bonus":"THREE_ENEMY_KILL","is_prod":false,"is_daily":false,"chose_seed":false,"campfire_upgraded":3,"win_rate":0,"timestamp":1551092893,"path_taken":["M","?","M","?","$","E","?","M","T","?","?","$","R","M","R","BOSS","M","M","$","M","M","R","E"],"build_version":"2019-01-23","purchased_purges":3,"victory":false,"max_hp_per_floor":[75,80,80,80,80,80,80,80,80,80,80,80,80,80,80,80,80,80,80,80,80,80,80,80],"card_choices":[{"not_picked":["Flex","Clothesline","Clash"],"picked":"SKIP","floor":1},{"not_picked":["Thunderclap","Heavy Blade","Perfected Strike"],"picked":"SKIP","floor":3},{"not_picked":["Power Through","Shrug It Off"],"picked":"Juggernaut","floor":6},{"not_picked":["Intimidate","Uppercut","Anger"],"picked":"SKIP","floor":8},{"not_picked":["Clash","Whirlwind","Second Wind"],"picked":"SKIP","floor":10},{"not_picked":["Perfected Strike","Havoc"],"picked":"Combust","floor":14},{"not_picked":["Berserk","Exhume"],"picked":"Offering","floor":16},{"not_picked":["Cleave","Power Through+1","Thunderclap+1"],"picked":"SKIP","floor":18},{"not_picked":["Flex","Body Slam","Thunderclap"],"picked":"SKIP","floor":19},{"not_picked":["Rage","Pommel Strike","Feed"],"picked":"SKIP","floor":21},{"not_picked":["Perfected Strike","Sword Boomerang","Headbutt"],"picked":"SKIP","floor":22}],"player_experience":934902,"relics_obtained":[{"floor":6,"key":"Old Coin"},{"floor":9,"key":"Darkstone Periapt"}],"event_choices":[{"damage_healed":0,"gold_gain":0,"player_choice":"Donut","damage_taken":0,"max_hp_gain":5,"max_hp_loss":0,"event_name":"Big Fish","floor":2,"gold_loss":0},{"damage_healed":0,"gold_gain":0,"player_choice":"Entered Light","damage_taken":24,"max_hp_gain":0,"max_hp_loss":0,"event_name":"Shining Light","floor":4,"gold_loss":0,"cards_upgraded":["Strike_R","Defend_R"]}],"is_beta":false,"boss_relics":[{"not_picked":["Busted Crown","Pandora\u0027s Box"],"picked":"Runic Cube"}],"items_purged_floors":[5,7,20],"is_endless":false,"potions_floor_spawned":[3,6,14,16,19,22],"killed_by":"Gremlin Leader","ascension_level":16}