{"path_per_floor":["M","M","?","?","?","E","?","?","T","M","M","M","M","M","R","B",null,"M","M"],"character_chosen":"IRONCLAD","items_purchased":[],"gold_per_floor":[117,135,135,135,135,171,346,346,419,435,460,478,471,494,494,615,615,634,652],"floor_reached":20,"campfire_rested":1,"playtime":1543,"current_hp_per_floor":[67,72,72,65,65,44,50,50,50,56,48,40,34,32,55,53,78,59,18],"items_purged":[],"gold":652,"play_id":"197e1d31-f099-4a7a-94c5-30997d741f6a","is_prod":false,"is_daily":false,"campfire_rituals":0,"campfire_upgraded":0,"is_hardmode":false,"path_taken":["M","M","?","?","?","E","?","?","T","M","M","M","M","M","R","BOSS","M","M","M"],"build_version":"2018-01-11-PROD2","purchased_purges":0,"victory":false,"master_deck":["Strike_R","Strike_R","Strike_R","Strike_R","Strike_R","Defend_R","Defend_R","Defend_R","Defend_R","Bash","Demon Form","Anger","Shrug It Off","Disarm","Heavy Blade","Hemokinesis","Dual Wield","Shrug It Off","Dropkick","Double Tap","Flex","Intimidate"],"max_hp_per_floor":[72,72,72,72,72,72,78,78,78,78,78,78,78,78,78,78,78,78,78],"relics":["Burning Blood","Golden Idol","Darkstone Periapt","Centennial Puzzle","Eternal Feather"],"campfire_meditates":0,"card_choices":[{"not_picked":["Berserk","Barricade"],"picked":"Demon Form"},{"not_picked":["Body Slam","Second Wind"],"picked":"Anger"},{"not_picked":["Feel No Pain","Bludgeon"],"picked":"Shrug It Off"},{"not_picked":["Seeing Red","Thunderclap"],"picked":"Disarm"},{"not_picked":["Rage","Reckless Charge"],"picked":"Heavy Blade"},{"not_picked":["Corruption","Flame Barrier"],"picked":"Hemokinesis"},{"not_picked":["Rage","Havoc"],"picked":"Dual Wield"},{"not_picked":["Feel No Pain","Havoc"],"picked":"Shrug It Off"},{"not_picked":["Spot Weakness","Brutality"],"picked":"Dropkick"},{"not_picked":["Barricade","Brutality"],"picked":"Double Tap"},{"not_picked":["Cleave","Body Slam"],"picked":"Flex"},{"not_picked":["Spot Weakness","Hemokinesis"],"picked":"Intimidate"}],"player_experience":33627,"potions_floor_usage":[6,6,10,13,14,16,19],"damage_taken":[{"damage":11,"enemies":"Jaw Worm","floor":1,"turns":4},{"damage":0,"enemies":"Cultist","floor":2,"turns":4},{"damage":27,"enemies":"Lagavulin","floor":6,"turns":7},{"damage":0,"enemies":"Small Slimes","floor":10,"turns":1},{"damage":14,"enemies":"2 Fungi Beasts","floor":11,"turns":5},{"damage":14,"enemies":"Red Slaver","floor":12,"turns":2},{"damage":12,"enemies":"Exordium Thugs","floor":13,"turns":4},{"damage":8,"enemies":"Large Slime","floor":14,"turns":8},{"damage":8,"enemies":"Hexaghost","floor":16,"turns":9},{"damage":25,"enemies":"Shell Parasite","floor":18,"turns":8},{"damage":47,"enemies":"Spheric Guardian","floor":19,"turns":6},{"damage":33,"enemies":"Chosen and Byrds","floor":20,"turns":6}],"event_choices":[{"event_name":"Golden Idol","player_choice":"Take Wound","floor":3,"damage_taken":0},{"event_name":"Golden Wing","player_choice":"Card Removal","floor":4,"damage_taken":0},{"event_name":"The Lab","player_choice":"Got Potions","floor":5,"damage_taken":0},{"event_name":"Liars Game","player_choice":"agreed","floor":7,"damage_taken":0},{"event_name":"Living Wall","player_choice":"Forget","floor":8,"damage_taken":0}],"boss_relics":[{"not_picked":["Snecko Eye","Tiny House"],"picked":"Eternal Feather"}],"potions_floor_spawned":[2,6,13,14,18],"seed_played":"-5045216524694882302","killed_by":"Chosen and Byrds","is_trial":false}