{"path_per_floor":["M","?","$","M","?","R","?","M","T","M","?","$","R","M","R","B",null,"M","?","M","M","M","?","M","M","T","$","M","R","M","M","R"],"character_chosen":"IRONCLAD","items_purchased":["Heavy Blade","Heavy Blade","Strength Potion"],"gold_per_floor":[110,110,62,74,74,74,74,84,84,101,127,52,52,66,66,165,165,180,180,199,212,232,232,244,260,260,63,80,80,97,113,113,113],"floor_reached":33,"campfire_rested":1,"playtime":1651,"current_hp_per_floor":[78,66,66,74,74,74,67,75,75,78,49,49,49,57,57,51,73,65,65,52,52,53,38,28,35,35,35,27,27,18,10,35,0],"items_purged":["Strike_R","Perfected Strike"],"gold":113,"score":316,"play_id":"fec0383c-60e1-44e2-96be-80c878cbdd4d","local_time":"20180421202304","is_prod":false,"is_daily":false,"chose_seed":false,"is_ascension_mode":true,"campfire_upgraded":4,"timestamp":1524356584,"path_taken":["M","?","$","M","?","R","?","M","T","M","?","$","R","M","R","BOSS","M","?","M","M","?","?","M","M","T","?","M","R","M","M","R","BOSS"],"build_version":"2018-04-19","seed_source_timestamp":0,"purchased_purges":2,"victory":false,"master_deck":["Defend_R+1","Defend_R","Defend_R+1","Defend_R","Bash","Shrug It Off+1","Heavy Blade+1","Shrug It Off","Shrug It Off+1","Flex+1","Immolate+1","Body Slam+1","Heavy Blade+1","Pummel+1","Heavy Blade+1","Flex+1","Feed+1","Seeing Red"],"max_hp_per_floor":[80,80,80,80,80,80,80,80,80,80,80,80,80,80,80,80,80,80,80,80,80,80,85,85,85,85,85,85,85,85,85,85,85],"relics":["Burning Blood","War Paint","Blood Vial","Molten Egg 2","Odd Mushroom","Nloth\u0027s Gift","Peace Pipe"],"card_choices":[{"not_picked":["Combust","Headbutt"],"picked":"Shrug It Off","floor":1.0},{"not_picked":["Battle Trance","Power Through"],"picked":"Shrug It Off","floor":8.0},{"not_picked":["Warcry","Clash"],"picked":"Shrug It Off","floor":10.0},{"not_picked":["Warcry","Havoc"],"picked":"Flex","floor":11.0},{"not_picked":["Shrug It Off","Body Slam"],"picked":"Heavy Blade","floor":22},{"not_picked":["Infernal Blade","Uppercut"],"picked":"Pummel","floor":25},{"not_picked":["Infernal Blade","Heavy Blade"],"picked":"Flex","floor":28},{"not_picked":["Iron Wave","Fire Breathing"],"picked":"Feed","floor":30},{"not_picked":["Pommel Strike","Iron Wave"],"picked":"Seeing Red","floor":31}],"player_experience":488303,"potions_floor_usage":[21,22,31,31,33,33],"damage_taken":[{"damage":0.0,"enemies":"Small Slimes","floor":1.0,"turns":3.0},{"damage":0.0,"enemies":"Jaw Worm","floor":4.0,"turns":4.0},{"damage":0.0,"enemies":"2 Louse","floor":8.0,"turns":2.0},{"damage":5.0,"enemies":"2 Fungi Beasts","floor":10.0,"turns":5.0},{"damage":37.0,"enemies":"The Mushroom Lair","floor":11.0,"turns":7.0},{"damage":0.0,"enemies":"Looter","floor":14.0,"turns":3.0},{"damage":14.0,"enemies":"The Guardian","floor":16.0,"turns":16.0},{"damage":16,"enemies":"Shell Parasite","floor":18,"turns":7},{"damage":21,"enemies":"Chosen","floor":20,"turns":4},{"damage":8,"enemies":"Snecko","floor":21,"turns":6},{"damage":7,"enemies":"Snake Plant","floor":22,"turns":4},{"damage":18,"enemies":"Sentry and Sphere","floor":24,"turns":4},{"damage":1,"enemies":"3 Cultists","floor":25,"turns":3},{"damage":16,"enemies":"Snake Plant","floor":28,"turns":4},{"damage":17,"enemies":"Centurion and Healer","floor":30,"turns":6},{"damage":16,"enemies":"Snecko","floor":31,"turns":5},{"damage":46,"enemies":"Champ","floor":33,"turns":6}],"event_choices":[{"event_name":"Scrap Ooze","player_choice":"success","floor":2.0,"damage_taken":12.0},{"event_name":"Living Wall","player_choice":"Grow","floor":5.0,"damage_taken":0.0},{"event_name":"Golden Wing","player_choice":"Card Removal","floor":7.0,"damage_taken":0.0},{"event_name":"Mushrooms","player_choice":"Fought Mushrooms","floor":11.0,"damage_taken":0.0},{"event_name":"N\u0027loth","player_choice":"Traded a Astrolabe","floor":19,"damage_taken":0},{"event_name":"Forgotten Altar","player_choice":"Shed Blood","floor":23,"damage_taken":0}],"boss_relics":[{"not_picked":["Mark of Pain","Pandora\u0027s Box"],"picked":"Astrolabe"}],"potions_floor_spawned":[1,4,11,18,20,30,31],"seed_played":"-3357408048737528796","killed_by":"Champ","ascension_level":6,"is_trial":false}