{"gold_per_floor":[118,118,47,60,79,97,116,46,46,60,60,71,96,47,47,151,151,169,180,195,195,31,31,31],"floor_reached":24,"playtime":1422,"items_purged":["Strike_G"],"score":190,"play_id":"e6524af7-39e4-41a5-b3df-b92313922afd","local_time":"20190129015203","is_ascension_mode":false,"campfire_choices":[{"data":"Deadly Poison","floor":11,"key":"SMITH"},{"data":"Infinite Blades","floor":15,"key":"SMITH"},{"data":"Envenom","floor":23,"key":"SMITH"}],"neow_cost":"NONE","seed_source_timestamp":1714886063839689,"circlet_count":0,"master_deck":["Defend_G","Defend_G","Defend_G","Defend_G","Defend_G","Survivor","Neutralize","Deadly Poison+1","Caltrops","Acrobatics","Infinite Blades+1","PiercingWail+1","Deadly Poison+1","Dodge and Roll+1","Envenom+1","Bouncing Flask+1","Cloak And Dagger+1","Escape Plan+1","Backstab","Cloak And Dagger+1"],"relics":["Ring of the Snake","Anchor","Toxic Egg 2","Blood Vial","Empty Cage"],"potions_floor_usage":[24],"damage_taken":[{"damage":6,"enemies":"Jaw Worm","floor":1,"turns":8},{"damage":0,"enemies":"Cultist","floor":4,"turns":3},{"damage":0,"enemies":"Small Slimes","floor":5,"turns":4},{"damage":7,"enemies":"Exordium Wildlife","floor":6,"turns":7},{"damage":2,"enemies":"Blue Slaver","floor":7,"turns":4},{"damage":0,"enemies":"Large Slime","floor":10,"turns":7},{"damage":0,"enemies":"Red Slaver","floor":12,"turns":4},{"damage":13,"enemies":"The Guardian","floor":16,"turns":9},{"damage":1,"enemies":"Shell Parasite","floor":18,"turns":6},{"damage":10,"enemies":"Spheric Guardian","floor":19,"turns":3},{"damage":16,"enemies":"Snake Plant","floor":20,"turns":5},{"damage":59,"enemies":"Gremlin Leader","floor":24,"turns":5}],"seed_played":"-379880045357124933","potions_obtained":[{"floor":1,"key":"Energy Potion"},{"floor":4,"key":"Regen Potion"},{"floor":5,"key":"Strength Potion"}],"is_trial":false,"path_per_floor":["M","?","$","M","M","M","M","$","T","M","R","M","T","$","R","B",null,"M","M","M","?","$","R","E"],"character_chosen":"THE_SILENT","items_purchased":["Caltrops","Infinite Blades","Dodge and Roll+1","Backstab","Cloak And Dagger+1"],"campfire_rested":0,"item_purchase_floors":[3,8,14,22,22],"current_hp_per_floor":[64,64,64,64,64,57,55,55,55,55,55,55,55,55,55,44,70,69,60,46,46,46,46,0],"gold":31,"neow_bonus":"RANDOM_COMMON_RELIC","is_prod":false,"is_daily":false,"chose_seed":false,"campfire_upgraded":3,"win_rate":0,"timestamp":1548744723,"path_taken":["M","?","$","M","M","?","M","$","T","?","R","M","?","?","R","BOSS","M","M","?","?","$","R","E"],"build_version":"2019-01-23","purchased_purges":1,"victory":false,"max_hp_per_floor":[70,70,70,70,70,70,70,70,70,70,70,70,70,70,70,70,70,70,70,70,70,70,70,70],"card_choices":[{"not_picked":["Concentrate","Distraction"],"picked":"Deadly Poison","floor":1},{"not_picked":["Finisher","Slice","Quick Slash"],"picked":"SKIP","floor":4},{"not_picked":["Choke","Skewer","Quick Slash"],"picked":"SKIP","floor":5},{"not_picked":["Slice","Dagger Throw","Terror"],"picked":"SKIP","floor":6},{"not_picked":["Eviscerate","Heel Hook"],"picked":"Acrobatics","floor":7},{"not_picked":["Eviscerate","Outmaneuver+1"],"picked":"PiercingWail+1","floor":10},{"not_picked":["Deflect+1","Backflip+1"],"picked":"Deadly Poison+1","floor":12},{"not_picked":["A Thousand Cuts","Tools of the Trade"],"picked":"Envenom","floor":16},{"not_picked":["Infinite Blades","Prepared+1"],"picked":"Bouncing Flask+1","floor":18},{"not_picked":["Deflect+1","All Out Attack+1"],"picked":"Cloak And Dagger+1","floor":19},{"not_picked":["Outmaneuver+1","Backflip+1"],"picked":"Escape Plan+1","floor":20}],"player_experience":958229,"relics_obtained":[{"floor":9,"key":"Toxic Egg 2"},{"floor":13,"key":"Blood Vial"}],"event_choices":[{"cards_removed":["Strike_G"],"damage_healed":0,"gold_gain":0,"player_choice":"Purged","damage_taken":0,"max_hp_gain":0,"max_hp_loss":0,"event_name":"Purifier","floor":2,"gold_loss":0},{"cards_removed":["Strike_G"],"damage_healed":0,"gold_gain":0,"player_choice":"Elegance","damage_taken":0,"max_hp_gain":0,"max_hp_loss":0,"event_name":"Back to Basics","floor":21,"gold_loss":0}],"is_beta":false,"boss_relics":[{"not_picked":["Lizard Tail","HoveringKite"],"picked":"Empty Cage"}],"items_purged_floors":[22],"is_endless":false,"potions_floor_spawned":[1,4,5,18],"killed_by":"Gremlin Leader","ascension_level":0}