{"gold_per_floor":[119,79,99,113,0,0,10,40,67,86,102,2,2,17,17,17],"floor_reached":16,"playtime":500,"items_purged":["Strike_G","Strike_G"],"score":104,"play_id":"91cd0794-bbe5-44e6-abd8-7065379617cf","local_time":"20190101213621","is_ascension_mode":false,"campfire_choices":[{"data":"Skewer","floor":6,"key":"SMITH"},{"data":"Outmaneuver","floor":13,"key":"SMITH"},{"data":"Well Laid Plans","floor":15,"key":"SMITH"}],"neow_cost":"NONE","seed_source_timestamp":17095894088624,"circlet_count":0,"master_deck":["Defend_G","Defend_G","Defend_G","Defend_G","Defend_G","Strike_G","Strike_G","Strike_G","Survivor","Neutralize+1","Skewer+1","Outmaneuver+1","Well Laid Plans+1","PiercingWail","Flying Knee","Escape Plan","Backstab"],"relics":["Ring of the Snake","Bag of Marbles","Centennial Puzzle"],"potions_floor_usage":[8],"damage_taken":[{"damage":0,"enemies":"Small Slimes","floor":1,"turns":4},{"damage":0,"enemies":"Cultist","floor":3,"turns":4},{"damage":6,"enemies":"Jaw Worm","floor":4,"turns":4},{"damage":10,"enemies":"Large Slime","floor":7,"turns":10},{"damage":3,"enemies":"Lagavulin","floor":8,"turns":4},{"damage":0,"enemies":"Red Slaver","floor":10,"turns":1},{"damage":0,"enemies":"2 Fungi Beasts","floor":11,"turns":3},{"damage":0,"enemies":"Exordium Thugs","floor":14,"turns":4},{"damage":52,"enemies":"Hexaghost","floor":16,"turns":14}],"seed_played":"-1070740319183709308","potions_obtained":[{"floor":2,"key":"GhostInAJar"},{"floor":2,"key":"SkillPotion"},{"floor":2,"key":"Energy Potion"},{"floor":8,"key":"Dexterity Potion"}],"is_trial":false,"path_per_floor":["M","?","M","M","$","R","M","E","T","M","M","$","R","M","R","B"],"character_chosen":"THE_SILENT","items_purchased":["Well Laid Plans"],"campfire_rested":0,"item_purchase_floors":[5],"current_hp_per_floor":[70,70,70,64,64,64,54,51,51,51,51,51,51,51,51,0],"gold":17,"neow_bonus":"UPGRADE_CARD","is_prod":false,"is_daily":false,"chose_seed":false,"campfire_upgraded":3,"win_rate":0,"timestamp":1546378581,"path_taken":["M","?","M","?","$","R","M","E","T","M","M","?","R","M","R","BOSS"],"build_version":"2018-12-20","purchased_purges":2,"victory":false,"max_hp_per_floor":[70,70,70,70,70,70,70,70,70,70,70,70,70,70,70,70],"card_choices":[{"not_picked":["Flying Knee","Sucker Punch"],"picked":"Skewer","floor":1},{"not_picked":["Masterful Stab","Deadly Poison"],"picked":"Outmaneuver","floor":3},{"not_picked":["Deadly Poison","Masterful Stab","Acrobatics"],"picked":"SKIP","floor":4},{"not_picked":["Terror","Skewer"],"picked":"PiercingWail","floor":7},{"not_picked":["Dagger Throw","Endless Agony","Flechettes"],"picked":"SKIP","floor":8},{"not_picked":["Finisher","Leg Sweep"],"picked":"Flying Knee","floor":10},{"not_picked":["Catalyst","Poisoned Stab"],"picked":"Escape Plan","floor":11},{"not_picked":["Finisher","Predator"],"picked":"Backstab","floor":14}],"player_experience":335149,"relics_obtained":[{"floor":8,"key":"Bag of Marbles"},{"floor":9,"key":"Centennial Puzzle"}],"event_choices":[{"damage_healed":0,"gold_gain":0,"player_choice":"Bought 3 Potions","damage_taken":0,"max_hp_gain":0,"max_hp_loss":0,"event_name":"The Woman in Blue","floor":2,"gold_loss":0}],"is_beta":false,"boss_relics":[],"items_purged_floors":[5,12],"is_endless":false,"potions_floor_spawned":[4,8,10,14],"killed_by":"Hexaghost","ascension_level":0}