{"gold_per_floor":[218,293,22,38,38,38,73,73,73,73,89,424,424,496,496,598,598,610,448,463,388,405,419,437,183,183,183,383,383,396,408,408,511,511,527,539,198,249,263,363,378,187,187,88,122,122,148,194,194,194],"floor_reached":51,"playtime":2999,"items_purged":["Strike_B","Defend_B","Gash+1"],"score":887,"play_id":"425d6d8b-cbf2-4530-975d-211efa5d58f5","local_time":"20190204063831","is_ascension_mode":true,"campfire_choices":[{"data":"Streamline","floor":6.0,"key":"SMITH"},{"floor":8.0,"key":"REST"},{"data":"Chaos","floor":10.0,"key":"SMITH"},{"data":"Zap","floor":15.0,"key":"SMITH"},{"data":"Defragment","floor":27.0,"key":"SMITH"},{"data":"Defragment","floor":29.0,"key":"SMITH"},{"data":"Dualcast","floor":32.0,"key":"SMITH"},{"data":"Rainbow","floor":46,"key":"SMITH"},{"data":"Force Field","floor":49,"key":"SMITH"}],"neow_cost":"NONE","seed_source_timestamp":319232744336537,"circlet_count":0,"master_deck":["Strike_B+1","Defend_B","Defend_B","Zap+1","Dualcast+1","Streamline+1","Capacitor","Conserve Battery+1","Self Repair","Chaos+1","Hologram","Chill+1","Amplify","Defragment+1","Redo","Steam","Leap+1","Defragment+1","Coolheaded+1","Rebound+1","Core Surge+1","Meteor Strike+1","Defragment+1","Force Field+1","Capacitor+1","Stack+1","Cold Snap+1","Glacier","Rainbow+1","Defragment+1","Creative AI+1","Redo+1","Fusion+1"],"special_seed":0,"relics":["Cracked Core","Membership Card","Regal Pillow","Symbiotic Virus","Old Coin","Calipers","Velvet Choker","Anchor","Frozen Egg 2","Mercury Hourglass","Astrolabe","Ice Cream","FossilizedHelix","DataDisk","Prayer Wheel","Cables","War Paint","Torii","Question Card","Thread and Needle"],"potions_floor_usage":[47],"damage_taken":[{"damage":2.0,"enemies":"Small Slimes","floor":1.0,"turns":3.0},{"damage":6.0,"enemies":"2 Louse","floor":4.0,"turns":3.0},{"damage":19.0,"enemies":"3 Sentries","floor":7.0,"turns":7.0},{"damage":2.0,"enemies":"Jaw Worm","floor":11.0,"turns":2.0},{"damage":16.0,"enemies":"Lagavulin","floor":12.0,"turns":5.0},{"damage":16.0,"enemies":"The Guardian","floor":16.0,"turns":10.0},{"damage":16.0,"enemies":"Spheric Guardian","floor":18.0,"turns":4.0},{"damage":20.0,"enemies":"Chosen","floor":20.0,"turns":5.0},{"damage":22.0,"enemies":"3 Cultists","floor":22.0,"turns":6.0},{"damage":10.0,"enemies":"Shelled Parasite and Fungi","floor":23.0,"turns":7.0},{"damage":16.0,"enemies":"Snake Plant","floor":24.0,"turns":4.0},{"damage":0.0,"enemies":"3 Cultists","floor":30.0,"turns":6.0},{"damage":1.0,"enemies":"Snecko","floor":31.0,"turns":4.0},{"damage":8.0,"enemies":"Collector","floor":33.0,"turns":11.0},{"damage":0.0,"enemies":"Orb Walker","floor":35.0,"turns":2.0},{"damage":1.0,"enemies":"3 Darklings","floor":36.0,"turns":6.0},{"damage":0,"enemies":"4 Shapes","floor":39,"turns":5},{"damage":0,"enemies":"Mind Bloom Boss Battle","floor":40,"turns":6},{"damage":0,"enemies":"Writhing Mass","floor":41,"turns":6},{"damage":17,"enemies":"Nemesis","floor":45,"turns":7},{"damage":0,"enemies":"Reptomancer","floor":47,"turns":7},{"damage":0,"enemies":"2 Orb Walkers","floor":48,"turns":5},{"damage":0,"enemies":"Donu and Deca","floor":50,"turns":9}],"seed_played":"5495139717580415983","potions_obtained":[{"floor":11.0,"key":"Strength Potion"},{"floor":16.0,"key":"SkillPotion"},{"floor":22.0,"key":"AttackPotion"},{"floor":24.0,"key":"PowerPotion"},{"floor":30.0,"key":"Strength Potion"},{"floor":31.0,"key":"FairyPotion"},{"floor":35.0,"key":"EssenceOfSteel"},{"floor":40,"key":"SkillPotion"},{"floor":45,"key":"Ancient Potion"},{"floor":47,"key":"SteroidPotion"}],"is_trial":false,"path_per_floor":["?","?","T","?","?","?","T","?","?"],"character_chosen":"DEFECT","items_purchased":["Membership Card","Capacitor","Conserve Battery","Defragment","Anchor","Redo","Defragment","Frozen Egg 2","FocusPotion","Ice Cream","FossilizedHelix","Capacitor+1","Stack","Rainbow","Cables","Defragment+1"],"campfire_rested":1,"item_purchase_floors":[3,3,3,19,19,19,25,25,25,37,37,37,37,42,42,44],"current_hp_per_floor":[73,62,62,56,41,41,29,66,66,66,71,55,55,55,55,39,75,73,73,60,60,52,49,40,40,40,40,40,40,47,53,53,52,75,75,75,75,75,75,75,75,75,75,75,58,58,65,72,72,75],"gold":194,"neow_bonus":"HUNDRED_GOLD","is_prod":false,"is_daily":false,"chose_seed":false,"campfire_upgraded":8,"win_rate":0,"timestamp":1549258711,"path_taken":["M","?","$","M","?","R","E","R","T","R","M","E","?","?","R","BOSS","M","$","M","?","M","M","M","$","T","R","?","R","M","M","R","BOSS","M","M","$","?","M","?","M","$","T","$","E","R","E","?","R","BOSS"],"build_version":"2019-01-23","purchased_purges":3,"victory":true,"max_hp_per_floor":[75,75,75,75,75,75,75,75,75,75,75,75,75,75,75,75,75,75,75,75,75,75,75,75,75,75,75,75,75,75,75,75,75,75,75,75,75,75,75,75,75,75,75,75,75,75,75,75,75,75],"card_choices":[{"not_picked":["Sweeping Beam","Hologram"],"picked":"Streamline","floor":1.0},{"not_picked":["Auto Shields","FTL"],"picked":"Self Repair","floor":4.0},{"not_picked":["Storm","BootSequence"],"picked":"Chaos","floor":7.0},{"not_picked":["Consume","Rebound"],"picked":"Hologram","floor":11.0},{"not_picked":["Steam Power","Ball Lightning"],"picked":"Chill","floor":12.0},{"not_picked":["Machine Learning","Core Surge"],"picked":"Amplify","floor":16.0},{"not_picked":["Hologram","Go for the Eyes"],"picked":"Turbo","floor":18.0},{"not_picked":["Blizzard","Self Repair"],"picked":"Steam","floor":20.0},{"not_picked":["Rebound","Cold Snap"],"picked":"Leap+1","floor":22.0},{"not_picked":["Blizzard","Conserve Battery","Turbo"],"picked":"SKIP","floor":23.0},{"not_picked":["Go for the Eyes","Loop","Redo"],"picked":"SKIP","floor":24.0},{"not_picked":["Compile Driver+1","Steam+1"],"picked":"Coolheaded+1","floor":30.0},{"not_picked":["Doom and Gloom","Ball Lightning"],"picked":"Rebound+1","floor":31.0},{"not_picked":["Streamline","Rip and Tear"],"picked":"Defragment+1","floor":35.0},{"not_picked":["Melter","Gash"],"picked":"Force Field","floor":36.0},{"not_picked":["Sweeping Beam","Defragment+1"],"picked":"Cold Snap+1","floor":39},{"not_picked":["Darkness+1","Doom and Gloom"],"picked":"Glacier","floor":41},{"not_picked":["Recycle","Gash","Ball Lightning+1"],"picked":"SKIP","floor":41},{"not_picked":["Rip and Tear+1","Steam+1"],"picked":"Creative AI+1","floor":45},{"not_picked":["Conserve Battery","Fission"],"picked":"Redo+1","floor":47},{"not_picked":["Compile Driver","Aggregate","Stack"],"picked":"Fusion+1","floor":48}],"player_experience":191686,"relics_obtained":[{"floor":7.0,"key":"Regal Pillow"},{"floor":9.0,"key":"Symbiotic Virus"},{"floor":12.0,"key":"Old Coin"},{"floor":13.0,"key":"Calipers"},{"floor":26.0,"key":"Mercury Hourglass"},{"floor":38.0,"key":"DataDisk"},{"floor":40,"key":"Prayer Wheel"},{"floor":43,"key":"War Paint"},{"floor":45,"key":"Torii"},{"floor":47,"key":"Question Card"},{"floor":48,"key":"Thread and Needle"}],"event_choices":[{"damage_healed":0.0,"max_hp_gain":0.0,"max_hp_loss":0.0,"gold_gain":75.0,"event_name":"World of Goop","player_choice":"Gather Gold","floor":2.0,"gold_loss":0.0,"damage_taken":11.0},{"damage_healed":0.0,"max_hp_gain":0.0,"max_hp_loss":0.0,"gold_gain":0.0,"event_name":"Shining Light","player_choice":"Entered Light","floor":5.0,"gold_loss":0.0,"damage_taken":15.0,"cards_upgraded":["Strike_B","Conserve Battery"]},{"damage_healed":0.0,"max_hp_gain":0.0,"max_hp_loss":0.0,"gold_gain":72.0,"event_name":"Golden Wing","player_choice":"Gained Gold","floor":14.0,"gold_loss":0.0,"damage_taken":0.0},{"cards_removed":["Defend_B"],"damage_healed":0.0,"max_hp_gain":0.0,"max_hp_loss":0.0,"gold_gain":0.0,"event_name":"Beggar","player_choice":"Gave Gold","floor":21.0,"gold_loss":75.0,"damage_taken":0.0},{"damage_healed":0.0,"max_hp_gain":0.0,"max_hp_loss":0.0,"gold_gain":250.0,"event_name":"The Joust","player_choice":"Bet on Owner","floor":28.0,"gold_loss":50.0,"damage_taken":0.0},{"damage_healed":0,"gold_gain":0,"player_choice":"Fight","damage_taken":0,"max_hp_gain":0,"max_hp_loss":0,"event_name":"MindBloom","floor":40,"gold_loss":0},{"damage_healed":0,"gold_gain":0,"player_choice":"Fight","damage_taken":0,"max_hp_gain":0,"max_hp_loss":0,"event_name":"Mysterious Sphere","floor":48,"gold_loss":0}],"is_beta":false,"boss_relics":[{"not_picked":["Coffee Dripper","Tiny House"],"picked":"Velvet Choker"},{"not_picked":["Calling Bell","Cursed Key"],"picked":"Astrolabe"}],"items_purged_floors":[19,25,44],"is_endless":false,"potions_floor_spawned":[11,16,22,24,30,31,35,40,45,47],"ascension_level":2}