{"gold_per_floor":[119,119,136,136,146,146,171,171,197,225,8,8],"floor_reached":12,"playtime":542,"items_purged":[],"score":138,"play_id":"349a243a-5619-4bb0-bab2-3a7c21a8de6a","local_time":"20180922151100","is_ascension_mode":true,"campfire_choices":[{"data":"Flame Barrier","floor":6,"key":"SMITH"},{"data":"Body Slam","floor":8,"key":"SMITH"}],"neow_cost":"NONE","seed_source_timestamp":22446479247715,"circlet_count":0,"master_deck":["Strike_R","Strike_R","Strike_R","Strike_R","Strike_R","Defend_R","Defend_R","Defend_R","Defend_R","Bash","AscendersBane","Brutality","Blood for Blood","Flame Barrier+1","Searing Blow","Body Slam+1","Blood for Blood","Rupture"],"relics":["Burning Blood","Bag of Preparation","Juzu Bracelet","Gambling Chip","Blood Vial"],"potions_floor_usage":[7,10,12],"damage_taken":[{"damage":0,"enemies":"Small Slimes","floor":1,"turns":4},{"damage":1,"enemies":"2 Louse","floor":3,"turns":3},{"damage":6,"enemies":"Jaw Worm","floor":5,"turns":3},{"damage":40,"enemies":"3 Sentries","floor":7,"turns":8},{"damage":43,"enemies":"Lagavulin","floor":10,"turns":8},{"damage":19,"enemies":"Gremlin Nob","floor":12,"turns":3}],"seed_played":"775753404556791966","potions_obtained":[{"floor":3,"key":"SpeedPotion"},{"floor":5,"key":"AttackPotion"},{"floor":10,"key":"Block Potion"}],"is_trial":false,"path_per_floor":["M","?","M","?","M","R","E","R","T","E","$"],"character_chosen":"IRONCLAD","items_purchased":["Rupture","Blood Vial"],"campfire_rested":0,"item_purchase_floors":[11,11],"current_hp_per_floor":[78,83,85,85,85,85,51,51,51,14,14,0],"gold":8,"neow_bonus":"ONE_RANDOM_RARE_CARD","is_prod":false,"is_daily":false,"chose_seed":false,"campfire_upgraded":2,"win_rate":0,"timestamp":1537647060,"path_taken":["M","?","M","?","M","R","E","R","T","E","$","E"],"build_version":"2018-09-20","purchased_purges":0,"victory":false,"max_hp_per_floor":[80,85,85,85,85,85,85,85,85,85,85,85],"card_choices":[{"not_picked":["Headbutt","Sword Boomerang"],"picked":"Blood for Blood","floor":1},{"not_picked":["Spot Weakness","Shrug It Off"],"picked":"Flame Barrier","floor":3},{"not_picked":["Sentinel","Dropkick"],"picked":"Searing Blow","floor":5},{"not_picked":["Pommel Strike","Sword Boomerang"],"picked":"Body Slam","floor":7},{"not_picked":["Flex","Evolve"],"picked":"Blood for Blood","floor":10}],"player_experience":360955,"relics_obtained":[{"floor":7,"key":"Bag of Preparation"},{"floor":9,"key":"Juzu Bracelet"},{"floor":10,"key":"Gambling Chip"}],"event_choices":[{"event_name":"Big Fish","player_choice":"Donut","floor":2,"damage_taken":0},{"event_name":"Liars Game","player_choice":"disagreed","floor":4,"damage_taken":0}],"is_beta":false,"boss_relics":[],"items_purged_floors":[],"is_endless":false,"potions_floor_spawned":[3,5,10],"killed_by":"Gremlin Nob","ascension_level":12}