{"gold_per_floor":[119,84,10,26,26,26,51,51,51,51,62,96,96,111,111,240,240,254,273,56,56],"floor_reached":21,"playtime":2553,"items_purged":[],"score":187,"play_id":"e6e1c8cf-0280-4920-bfaa-3ab488f2ae4f","local_time":"20180729023416","is_ascension_mode":false,"campfire_choices":[{"floor":6,"key":"REST"},{"floor":8,"key":"REST"},{"data":"Creative AI","floor":10,"key":"SMITH"},{"floor":15,"key":"REST"}],"neow_cost":"FIFTY_PERCENT_DAMAGE","seed_source_timestamp":946570326339850,"circlet_count":0,"master_deck":["Strike_B","Strike_B","Strike_B","Strike_B","Defend_B","Defend_B","Defend_B","Defend_B","Zap","Dualcast","Creative AI+1","Ball Lightning","Conserve Battery","Redo","Storm","Seek","Double Energy","Loop","Buffer","Self Repair"],"relics":["Cracked Core","Meat on the Bone","Strawberry","Molten Egg 2","Golden Idol","Black Star","Blood Vial"],"potions_floor_usage":[21,21,21],"damage_taken":[{"damage":13,"enemies":"Jaw Worm","floor":1,"turns":6},{"damage":0,"enemies":"2 Louse","floor":4,"turns":2},{"damage":42,"enemies":"3 Sentries","floor":7,"turns":6},{"damage":0,"enemies":"Cultist","floor":11,"turns":3},{"damage":44,"enemies":"Gremlin Nob","floor":12,"turns":5},{"damage":7,"enemies":"Exordium Thugs","floor":14,"turns":4},{"damage":22,"enemies":"Slime Boss","floor":16,"turns":8},{"damage":50,"enemies":"3 Byrds","floor":18,"turns":5},{"damage":10,"enemies":"Chosen","floor":19,"turns":3},{"damage":44,"enemies":"Slaver and Parasite","floor":21,"turns":4}],"seed_played":"396613469896093230","potions_obtained":[{"floor":11,"key":"SmokeBomb"},{"floor":14,"key":"Explosive Potion"},{"floor":16,"key":"Fire Potion"},{"floor":19,"key":"GamblersBrew"}],"is_trial":false,"path_per_floor":["M","?","$","M","$","R","E","R","T","R","M","E","?","M","R","B",null,"M","M","$"],"character_chosen":"DEFECT","items_purchased":["Ball Lightning","Conserve Battery","Blood Vial","Self Repair"],"campfire_rested":3,"item_purchase_floors":[3,3,20,20],"current_hp_per_floor":[25,43,43,43,43,65,23,45,52,52,52,20,20,25,47,37,76,38,40,40,0],"gold":56,"neow_bonus":"THREE_RARE_CARDS","is_prod":false,"is_daily":false,"chose_seed":false,"campfire_upgraded":1,"win_rate":0.0,"timestamp":1532849656,"path_taken":["M","?","?","?","$","R","E","R","T","R","M","E","?","?","R","BOSS","M","M","$","M"],"build_version":"2018-07-26","purchased_purges":0,"victory":false,"max_hp_per_floor":[75,75,75,75,75,75,75,75,82,82,82,82,76,76,76,76,76,76,76,76,76],"card_choices":[{"not_picked":["Rainbow","Thunder Strike"],"picked":"Creative AI","floor":0},{"not_picked":["Hologram","Blizzard","Beam Cell"],"picked":"SKIP","floor":1},{"not_picked":["Gash","Barrage"],"picked":"Redo","floor":4},{"not_picked":["Leap","Redo"],"picked":"Storm","floor":7},{"not_picked":["Sweeping Beam","Consume"],"picked":"Seek","floor":11},{"not_picked":["Conserve Battery","Ball Lightning"],"picked":"Double Energy","floor":12},{"not_picked":["Darkness","Compile Driver+1"],"picked":"Loop","floor":14},{"not_picked":["Reboot","Thunder Strike+1"],"picked":"Buffer","floor":16},{"not_picked":["Go for the Eyes+1","Coolheaded","Hologram"],"picked":"SKIP","floor":18},{"not_picked":["Beam Cell+1","Leap+1","Stack+1"],"picked":"SKIP","floor":19}],"player_experience":30646,"relics_obtained":[{"floor":7,"key":"Meat on the Bone"},{"floor":9,"key":"Strawberry"},{"floor":12,"key":"Molten Egg 2"}],"event_choices":[{"event_name":"The Cleric","player_choice":"Healed","floor":2,"damage_taken":0},{"event_name":"Golden Idol","player_choice":"Lose Max HP","floor":13,"damage_taken":0}],"is_beta":false,"boss_relics":[{"not_picked":["Ectoplasm","Eternal Feather"],"picked":"Black Star"}],"items_purged_floors":[],"is_endless":false,"potions_floor_spawned":[11,14,16,19],"killed_by":"Slaver and Parasite","ascension_level":0}