{"gold_per_floor":[112,112,112,112,127,170,170,193,193,193,14,37,51,70,70,159,159,178,134,58,58,77,77,77],"floor_reached":24,"playtime":699,"items_purged":[],"score":424,"play_id":"eb54b998-60d6-4b1a-994a-d9e066d59a81","local_time":"20190116230800","is_ascension_mode":true,"campfire_choices":[{"data":"Blur","floor":7,"key":"SMITH"},{"data":"Catalyst","floor":15,"key":"SMITH"}],"neow_cost":"NONE","seed_source_timestamp":16454545560773,"circlet_count":0,"master_deck":["AscendersBane","Defend_G","Defend_G","Defend_G","Defend_G","Defend_G","Survivor","Neutralize+1","Catalyst","Blur+1","Backflip","Catalyst+1","Poisoned Stab","Noxious Fumes","After Image","After Image","Footwork","Skewer","Dagger Spray"],"relics":["Ring of the Snake","NeowsBlessing","Golden Idol","FossilizedHelix","Singing Bowl","Empty Cage"],"potions_floor_usage":[13,18,19,24],"damage_taken":[{"damage":0,"enemies":"Jaw Worm","floor":1,"turns":1},{"damage":0,"enemies":"2 Louse","floor":5,"turns":1},{"damage":0,"enemies":"Lagavulin","floor":6,"turns":2},{"damage":0,"enemies":"Small Slimes","floor":8,"turns":5},{"damage":0,"enemies":"Exordium Wildlife","floor":12,"turns":4},{"damage":0,"enemies":"Exordium Thugs","floor":13,"turns":5},{"damage":24,"enemies":"Gremlin Gang","floor":14,"turns":7},{"damage":14,"enemies":"The Guardian","floor":16,"turns":10},{"damage":21,"enemies":"3 Byrds","floor":18,"turns":7},{"damage":16,"enemies":"2 Thieves","floor":19,"turns":5},{"damage":19,"enemies":"Snecko","floor":22,"turns":13},{"damage":14,"enemies":"Centurion and Healer","floor":24,"turns":3}],"seed_played":"1004729934509511663","potions_obtained":[{"floor":1,"key":"EssenceOfSteel"},{"floor":12,"key":"Dexterity Potion"},{"floor":13,"key":"Fruit Juice"},{"floor":14,"key":"AttackPotion"},{"floor":22,"key":"Swift Potion"}],"is_trial":false,"path_per_floor":["M","?","?","?","M","E","R","M","T","?","$","M","M","M","R","B",null,"M","M","$","?","M","?","M"],"character_chosen":"THE_SILENT","items_purchased":["Catalyst","Poisoned Stab","Noxious Fumes","Footwork"],"campfire_rested":0,"item_purchase_floors":[11,11,11,20],"current_hp_per_floor":[59,39,39,59,59,59,59,59,59,59,59,61,68,44,44,30,59,40,26,26,26,9,9,0],"gold":77,"neow_bonus":"THREE_ENEMY_KILL","is_prod":false,"is_daily":false,"chose_seed":false,"campfire_upgraded":2,"win_rate":0,"timestamp":1547680080,"path_taken":["M","?","?","?","M","E","R","M","T","?","$","?","M","M","R","BOSS","M","M","$","?","?","?","M"],"build_version":"2019-01-10","purchased_purges":0,"victory":false,"max_hp_per_floor":[66,66,60,60,60,60,60,60,60,60,60,62,69,69,69,69,69,71,73,73,73,75,75,75],"card_choices":[{"not_picked":["Escape Plan","Prepared"],"picked":"Catalyst","floor":1},{"not_picked":["Finisher","Flechettes"],"picked":"Blur","floor":5},{"not_picked":["Prepared","Setup","Choke"],"picked":"SKIP","floor":6},{"not_picked":["Slice","Prepared"],"picked":"Backflip","floor":8},{"not_picked":["All Out Attack","Sucker Punch","Flechettes"],"picked":"Singing Bowl","floor":12},{"not_picked":["Heel Hook","Concentrate","Deflect"],"picked":"Singing Bowl","floor":13},{"not_picked":["Slice","Well Laid Plans"],"picked":"After Image","floor":14},{"not_picked":["Corpse Explosion","Tools of the Trade"],"picked":"After Image","floor":16},{"not_picked":["Acrobatics","Quick Slash","Outmaneuver"],"picked":"Singing Bowl","floor":18},{"not_picked":["Prepared","Outmaneuver","Bouncing Flask"],"picked":"Singing Bowl","floor":19},{"not_picked":["Blade Dance","Predator","Flying Knee"],"picked":"Singing Bowl","floor":22}],"player_experience":398872,"relics_obtained":[{"floor":6,"key":"FossilizedHelix"},{"floor":9,"key":"Singing Bowl"}],"event_choices":[{"damage_healed":0,"gold_gain":0,"player_choice":"Entered Light","damage_taken":20,"max_hp_gain":0,"max_hp_loss":0,"event_name":"Shining Light","floor":2,"gold_loss":0,"cards_upgraded":["Neutralize","Strike_G"]},{"damage_healed":0,"gold_gain":0,"player_choice":"Lose Max HP","damage_taken":0,"relics_obtained":["Golden Idol"],"max_hp_gain":0,"max_hp_loss":6,"event_name":"Golden Idol","floor":3,"gold_loss":0},{"damage_healed":20,"gold_gain":0,"player_choice":"Banana","damage_taken":0,"max_hp_gain":0,"max_hp_loss":0,"event_name":"Big Fish","floor":4,"gold_loss":0},{"damage_healed":0,"gold_gain":0,"player_choice":"Ignored","damage_taken":0,"max_hp_gain":0,"max_hp_loss":0,"event_name":"Liars Game","floor":10,"gold_loss":0},{"cards_removed":["Strike_G"],"damage_healed":0,"gold_gain":0,"player_choice":"Purged","damage_taken":0,"max_hp_gain":0,"max_hp_loss":0,"event_name":"Purifier","floor":21,"gold_loss":0},{"damage_healed":0,"gold_gain":0,"cards_transformed":["Strike_G","Strike_G"],"player_choice":"Became Test Subject","damage_taken":0,"max_hp_gain":0,"max_hp_loss":0,"event_name":"Drug Dealer","floor":23,"gold_loss":0,"cards_obtained":["Skewer","Dagger Spray"]}],"is_beta":false,"boss_relics":[{"not_picked":["Lizard Tail","Ring of the Serpent"],"picked":"Empty Cage"}],"items_purged_floors":[],"is_endless":false,"potions_floor_spawned":[1,12,13,14,22],"killed_by":"Centurion and Healer","ascension_level":18}