{"gold_per_floor":[113,113,132,145,159,159,186,186,186,200,200,180,213,223,223,320,320,336,350,11,11,26,26,59,59,59,70,22,22],"floor_reached":29,"playtime":1646,"items_purged":[],"score":370,"play_id":"61ab2ff6-098f-4b57-b587-a51427e043a1","local_time":"20180909231440","is_ascension_mode":true,"campfire_choices":[{"data":"Body Slam","floor":6,"key":"SMITH"},{"floor":8,"key":"REST"},{"data":"Whirlwind","floor":11,"key":"SMITH"},{"floor":15,"key":"REST"},{"floor":23,"key":"REST"},{"floor":25,"key":"REST"}],"neow_cost":"PERCENT_DAMAGE","seed_source_timestamp":949828515665453,"circlet_count":0,"master_deck":["Strike_R+1","Strike_R","Strike_R","Strike_R","Defend_R","Defend_R","Defend_R","Defend_R","Bash","Thunderclap+1","Headbutt","Body Slam+1","Seeing Red","Whirlwind+1","Flex","Inflame","Flex","Barricade","Pommel Strike","Shrug It Off","Inflame+1","Dual Wield","Spot Weakness","Armaments"],"relics":["Burning Blood","Torii","Smiling Mask","Whetstone","Mummified Hand","Philosopher\u0027s Stone","Frozen Egg 2","Kunai","Oddly Smooth Stone","Molten Egg 2"],"potions_floor_usage":[13,18,19,22,27,29],"damage_taken":[{"damage":2,"enemies":"Cultist","floor":1,"turns":4},{"damage":1,"enemies":"2 Louse","floor":3,"turns":3},{"damage":12,"enemies":"Small Slimes","floor":4,"turns":3},{"damage":1,"enemies":"Red Slaver","floor":5,"turns":4},{"damage":32,"enemies":"3 Sentries","floor":7,"turns":12},{"damage":19,"enemies":"Exordium Wildlife","floor":10,"turns":3},{"damage":30,"enemies":"Lagavulin","floor":13,"turns":4},{"damage":2,"enemies":"3 Louse","floor":14,"turns":3},{"damage":24,"enemies":"Slime Boss","floor":16,"turns":9},{"damage":36,"enemies":"Chosen","floor":18,"turns":6},{"damage":13,"enemies":"2 Thieves","floor":19,"turns":2},{"damage":18,"enemies":"Centurion and Healer","floor":22,"turns":5},{"damage":25,"enemies":"Gremlin Leader","floor":24,"turns":5},{"damage":9,"enemies":"Cultist and Chosen","floor":27,"turns":4},{"damage":52,"enemies":"Book of Stabbing","floor":29,"turns":4}],"seed_played":"4247526663257333348","potions_obtained":[{"floor":3,"key":"LiquidBronze"},{"floor":4,"key":"SpeedPotion"},{"floor":10,"key":"Ancient Potion"},{"floor":12,"key":"FearPotion"},{"floor":16,"key":"Weak Potion"},{"floor":18,"key":"Energy Potion"},{"floor":19,"key":"Poison Potion"},{"floor":27,"key":"Strength Potion"}],"is_trial":false,"path_per_floor":["M","?","M","M","M","R","E","R","T","M","R","?","E","M","R","B",null,"M","M","$","?","M","R","E","R","T","M","$"],"character_chosen":"IRONCLAD","items_purchased":["Shrug It Off","Frozen Egg 2","Inflame+1","Armaments"],"campfire_rested":4,"item_purchase_floors":[20,20,20,28],"current_hp_per_floor":[55,55,60,54,59,59,33,57,57,44,44,44,20,24,48,30,68,38,31,31,31,19,43,24,48,48,45,45,0],"gold":22,"neow_bonus":"ONE_RARE_RELIC","is_prod":false,"is_daily":false,"chose_seed":false,"campfire_upgraded":2,"win_rate":0,"timestamp":1536552880,"path_taken":["M","?","M","M","M","R","E","R","T","M","R","?","E","M","R","BOSS","M","?","?","?","M","R","E","R","T","?","$","E"],"build_version":"2018-09-06","purchased_purges":0,"victory":false,"max_hp_per_floor":[80,80,80,80,80,80,80,80,80,80,80,80,80,80,80,80,80,80,80,80,80,80,80,80,80,80,80,80,80],"card_choices":[{"not_picked":["Anger","Flex"],"picked":"Thunderclap","floor":1},{"not_picked":["Spot Weakness","Ghostly Armor"],"picked":"Headbutt","floor":3},{"not_picked":["Warcry","Entrench"],"picked":"Body Slam","floor":4},{"not_picked":["Rupture","Offering"],"picked":"Seeing Red","floor":5},{"not_picked":["Cleave","Disarm"],"picked":"Whirlwind","floor":7},{"not_picked":["Havoc","Twin Strike"],"picked":"Flex","floor":10},{"not_picked":["Corruption","Thunderclap"],"picked":"Inflame","floor":13},{"not_picked":["Second Wind","Clothesline"],"picked":"Flex","floor":14},{"not_picked":["Offering","Exhume"],"picked":"Barricade","floor":16},{"not_picked":["Sever Soul+1","Searing Blow+1","Perfected Strike"],"picked":"SKIP","floor":18},{"not_picked":["Thunderclap","Reckless Charge"],"picked":"Pommel Strike","floor":19},{"not_picked":["Rampage","Hemokinesis","Blood for Blood+1"],"picked":"SKIP","floor":22},{"not_picked":["Perfected Strike","Wild Strike+1"],"picked":"Dual Wield","floor":24},{"not_picked":["Exhume","Infernal Blade"],"picked":"Spot Weakness","floor":27}],"player_experience":291477,"relics_obtained":[{"floor":7,"key":"Smiling Mask"},{"floor":9,"key":"Whetstone"},{"floor":13,"key":"Mummified Hand"},{"floor":24,"key":"Oddly Smooth Stone"},{"floor":26,"key":"Molten Egg 2"}],"event_choices":[{"event_name":"Bonfire Elementals","player_choice":"BASIC","floor":2,"damage_taken":0},{"event_name":"The Woman in Blue","player_choice":"Bought 1 Potion","floor":12,"damage_taken":0},{"event_name":"WeMeetAgain","player_choice":"Potion","floor":21,"damage_taken":0}],"is_beta":false,"boss_relics":[{"not_picked":["Runic Pyramid","Tiny House"],"picked":"Philosopher\u0027s Stone"}],"items_purged_floors":[],"is_endless":false,"potions_floor_spawned":[3,4,10,16,18,19,27],"killed_by":"Book of Stabbing","ascension_level":9}