{"gold_per_floor":[111,111,111,124,140,167,167,184,184,184,259,259,273,219,219,318,318,330,51,0,11,11],"floor_reached":22,"playtime":1794,"items_purged":[],"score":319,"play_id":"49c13356-c9c3-436c-a7c0-13a55f4f11d9","local_time":"20181024231354","is_ascension_mode":true,"campfire_choices":[{"data":"Flame Barrier","floor":7,"key":"SMITH"},{"data":"Pommel Strike","floor":10,"key":"SMITH"},{"data":"Flex","floor":12,"key":"SMITH"},{"data":"Iron Wave","floor":15,"key":"SMITH"}],"neow_cost":"NONE","seed_source_timestamp":2814914438110131,"circlet_count":0,"master_deck":["Strike_R","Strike_R","Strike_R","Strike_R","Strike_R","Defend_R","Defend_R","Defend_R","Defend_R","Bash","AscendersBane","Flex+1","Headbutt","Flame Barrier+1","Shockwave","Cleave","Shrug It Off","Pommel Strike+1","Iron Wave+1","Battle Trance","Shrug It Off","Demon Form","Flex","Spot Weakness","Demon Form","Seeing Red","Cleave"],"relics":["Black Blood","Prayer Wheel","Mango","Magic Flower","DollysMirror"],"potions_floor_usage":[18,21,22],"damage_taken":[{"damage":1,"enemies":"Cultist","floor":1,"turns":3},{"damage":2,"enemies":"2 Louse","floor":4,"turns":3},{"damage":8,"enemies":"Small Slimes","floor":5,"turns":5},{"damage":38,"enemies":"3 Sentries","floor":6,"turns":9},{"damage":10,"enemies":"Exordium Wildlife","floor":8,"turns":4},{"damage":4,"enemies":"2 Fungi Beasts","floor":13,"turns":3},{"damage":31,"enemies":"The Guardian","floor":16,"turns":14},{"damage":54,"enemies":"Chosen","floor":18,"turns":9},{"damage":15,"enemies":"3 Byrds","floor":21,"turns":3},{"damage":51,"enemies":"Snake Plant","floor":22,"turns":6}],"seed_played":"-7983408545141182373","potions_obtained":[{"floor":4,"key":"Energy Potion"},{"floor":13,"key":"GamblersBrew"},{"floor":21,"key":"Block Potion"}],"is_trial":false,"path_per_floor":["M","?","?","M","M","E","R","M","T","R","?","R","M","$","R","B",null,"M","$","?","M"],"character_chosen":"IRONCLAD","items_purchased":["Shrug It Off","DollysMirror","Seeing Red"],"campfire_rested":0,"item_purchase_floors":[14,19,19],"current_hp_per_floor":[77,77,82,85,83,65,65,61,61,61,50,50,55,55,55,33,83,44,44,44,44,0],"gold":11,"neow_bonus":"THREE_CARDS","is_prod":false,"is_daily":false,"chose_seed":false,"campfire_upgraded":4,"win_rate":0,"timestamp":1540440834,"path_taken":["M","?","?","M","M","E","R","M","T","R","?","R","M","$","R","BOSS","M","$","?","?","M"],"build_version":"2018-10-18","purchased_purges":0,"victory":false,"max_hp_per_floor":[80,80,85,85,85,99,99,99,99,99,99,99,99,99,99,99,99,99,99,99,99,99],"card_choices":[{"not_picked":["Havoc","Wild Strike"],"picked":"Flex","floor":0},{"not_picked":["Clash","Armaments"],"picked":"Headbutt","floor":1},{"not_picked":["Whirlwind","Rupture"],"picked":"Flame Barrier","floor":4},{"not_picked":["Rage","Entrench"],"picked":"Shockwave","floor":4},{"not_picked":["Sever Soul","Combust"],"picked":"Cleave","floor":5},{"not_picked":["Clash","Dual Wield","Rupture"],"picked":"SKIP","floor":5},{"not_picked":["Reckless Charge","Combust","Rage"],"picked":"SKIP","floor":6},{"not_picked":["Heavy Blade","Rage"],"picked":"Shrug It Off","floor":8},{"not_picked":["Bloodletting","Body Slam"],"picked":"Pommel Strike","floor":8},{"not_picked":["Shrug It Off","Feel No Pain"],"picked":"Iron Wave","floor":13},{"not_picked":["Body Slam","Havoc"],"picked":"Battle Trance","floor":13},{"not_picked":["Reaper","Immolate"],"picked":"Demon Form","floor":16},{"not_picked":["Combust","Havoc"],"picked":"Flex","floor":18},{"not_picked":["Clash","Cleave"],"picked":"Spot Weakness","floor":18},{"not_picked":["Perfected Strike","Uppercut"],"picked":"Cleave","floor":21},{"not_picked":["Battle Trance","Sever Soul+1","Anger"],"picked":"SKIP","floor":21}],"player_experience":408803,"relics_obtained":[{"floor":2,"key":"Prayer Wheel"},{"floor":6,"key":"Mango"},{"floor":9,"key":"Magic Flower"}],"event_choices":[{"damage_healed":0,"gold_gain":0,"player_choice":"Relic","damage_taken":0,"max_hp_gain":0,"max_hp_loss":0,"event_name":"Wheel of Change","floor":2,"gold_loss":0},{"damage_healed":0,"gold_gain":0,"player_choice":"Donut","damage_taken":0,"max_hp_gain":5,"max_hp_loss":0,"event_name":"Big Fish","floor":3,"gold_loss":0},{"damage_healed":0,"gold_gain":75,"player_choice":"Gather Gold","damage_taken":11,"max_hp_gain":0,"max_hp_loss":0,"event_name":"World of Goop","floor":11,"gold_loss":0},{"damage_healed":0,"gold_gain":0,"player_choice":"Paid Fearfully","damage_taken":0,"max_hp_gain":0,"max_hp_loss":0,"event_name":"Masked Bandits","floor":20,"gold_loss":51}],"is_beta":false,"boss_relics":[{"not_picked":["Runic Pyramid","Lizard Tail"],"picked":"Black Blood"}],"items_purged_floors":[],"is_endless":false,"potions_floor_spawned":[4,13,16,21],"killed_by":"Snake Plant","ascension_level":12}