{"gold_per_floor":[117,137,46,46,46,71,81,106,106,106,106,69,69,85,85,159,159,170,148,148,98,98,98,113,113,136,151,151,151],"floor_reached":29,"playtime":1645,"items_purged":["Writhe"],"score":486,"play_id":"62e8bedb-bd2d-46da-bde3-8ce48c3df48a","local_time":"20190121204631","is_ascension_mode":true,"campfire_choices":[{"floor":11,"key":"REST"},{"data":"Barricade","floor":13,"key":"SMITH"},{"data":"Metallicize","floor":15,"key":"SMITH"},{"data":"Offering","floor":23,"key":"SMITH"},{"floor":25,"key":"REST"}],"neow_cost":"NONE","seed_source_timestamp":960989100166835,"circlet_count":0,"master_deck":["AscendersBane","Strike_R","Strike_R+1","Strike_R+1","Defend_R","Defend_R","Defend_R","Bash","Bandage Up","Barricade+1","Shrug It Off","Metallicize+1","Iron Wave","Offering+1","Inflame","Iron Wave+1","Battle Trance","Shame"],"relics":["Burning Blood","NeowsBlessing","StoneCalendar","Nunchaku","Incense Burner","Cursed Key","Smiling Mask","Bag of Marbles","MutagenicStrength"],"potions_floor_usage":[8,8,18,27],"damage_taken":[{"damage":0,"enemies":"Jaw Worm","floor":1,"turns":1},{"damage":0,"enemies":"Small Slimes","floor":2,"turns":1},{"damage":0,"enemies":"Lagavulin","floor":6,"turns":1},{"damage":6,"enemies":"2 Louse","floor":7,"turns":3},{"damage":62,"enemies":"Gremlin Nob","floor":8,"turns":6},{"damage":13,"enemies":"Exordium Thugs","floor":14,"turns":5},{"damage":21,"enemies":"Slime Boss","floor":16,"turns":8},{"damage":31,"enemies":"3 Byrds","floor":18,"turns":7},{"damage":30,"enemies":"2 Thieves","floor":19,"turns":4},{"damage":22,"enemies":"Shelled Parasite and Fungi","floor":24,"turns":7},{"damage":18,"enemies":"Snecko","floor":27,"turns":7},{"damage":27,"enemies":"Centurion and Healer","floor":29,"turns":3}],"seed_played":"-7701224252249527597","potions_obtained":[{"floor":6,"key":"BloodPotion"},{"floor":7,"key":"LiquidBronze"},{"floor":16,"key":"EssenceOfSteel"},{"floor":18,"key":"Swift Potion"}],"is_trial":false,"path_per_floor":["M","M","$","?","?","E","M","E","T","?","R","$","R","M","R","B",null,"M","M","?","$","?","R","M","R","T","M","?","M"],"character_chosen":"IRONCLAD","items_purchased":["Bandage Up","Metallicize"],"campfire_rested":2,"item_purchase_floors":[3,12],"current_hp_per_floor":[74,75,75,52,45,55,59,10,10,10,32,32,32,29,29,18,61,40,20,20,20,20,20,8,30,30,22,22,0],"gold":151,"neow_bonus":"THREE_ENEMY_KILL","is_prod":false,"is_daily":false,"chose_seed":false,"campfire_upgraded":3,"win_rate":0,"timestamp":1548132391,"path_taken":["M","M","$","?","?","E","M","E","T","?","R","$","R","M","R","BOSS","M","M","?","$","?","R","?","R","T","M","?","M"],"build_version":"2019-01-17v2","purchased_purges":1,"victory":false,"max_hp_per_floor":[75,75,75,75,75,75,75,75,75,75,75,75,75,75,75,75,75,75,75,75,75,75,75,75,75,75,75,75,75],"card_choices":[{"not_picked":["Clash","Headbutt","Clothesline"],"picked":"SKIP","floor":1},{"not_picked":["True Grit","Burning Pact","Anger"],"picked":"SKIP","floor":2},{"not_picked":["Heavy Blade","Entrench","Pommel Strike"],"picked":"SKIP","floor":6},{"not_picked":["Armaments","Flex"],"picked":"Barricade","floor":7},{"not_picked":["Iron Wave","Carnage"],"picked":"Shrug It Off","floor":8},{"not_picked":["Clash","Searing Blow"],"picked":"Iron Wave","floor":14},{"not_picked":["Barricade","Bludgeon"],"picked":"Offering","floor":16},{"not_picked":["Perfected Strike","Anger"],"picked":"Inflame","floor":18},{"not_picked":["Rage","Pommel Strike"],"picked":"Iron Wave+1","floor":19},{"not_picked":["Cleave","Anger"],"picked":"Battle Trance","floor":24},{"not_picked":["Sword Boomerang","Seeing Red","Burning Pact"],"picked":"SKIP","floor":27}],"player_experience":460271,"relics_obtained":[{"floor":6,"key":"StoneCalendar"},{"floor":8,"key":"Nunchaku"},{"floor":9,"key":"Incense Burner"},{"floor":26,"key":"Bag of Marbles"}],"event_choices":[{"damage_healed":0,"gold_gain":0,"player_choice":"Entered Light","damage_taken":23,"max_hp_gain":0,"max_hp_loss":0,"event_name":"Shining Light","floor":4,"gold_loss":0,"cards_upgraded":["Strike_R","Strike_R"]},{"cards_removed":["Strike_R"],"damage_healed":0,"gold_gain":0,"player_choice":"Card Removal","damage_taken":7,"max_hp_gain":0,"max_hp_loss":0,"event_name":"Golden Wing","floor":5,"gold_loss":0},{"cards_removed":["Strike_R"],"damage_healed":0,"gold_gain":0,"player_choice":"Purged","damage_taken":0,"max_hp_gain":0,"max_hp_loss":0,"event_name":"Purifier","floor":10,"gold_loss":0},{"damage_healed":0,"gold_gain":0,"player_choice":"Opened","damage_taken":0,"relics_obtained":["Smiling Mask"],"max_hp_gain":0,"max_hp_loss":0,"event_name":"The Mausoleum","floor":20,"gold_loss":0,"cards_obtained":["Writhe"]},{"cards_removed":["Defend_R"],"damage_healed":0,"gold_gain":0,"player_choice":"Purged","damage_taken":0,"max_hp_gain":0,"max_hp_loss":0,"event_name":"Purifier","floor":22,"gold_loss":0},{"damage_healed":0,"gold_gain":0,"player_choice":"Inject Mutagens","damage_taken":0,"relics_obtained":["MutagenicStrength"],"max_hp_gain":0,"max_hp_loss":0,"event_name":"Drug Dealer","floor":28,"gold_loss":0}],"is_beta":false,"boss_relics":[{"not_picked":["Astrolabe","White Beast Statue"],"picked":"Cursed Key"}],"items_purged_floors":[21],"is_endless":false,"potions_floor_spawned":[6,7,16,18],"killed_by":"Centurion and Healer","ascension_level":18}