{"gold_per_floor":[113,63,74,74,74,74,85,116,116,76,96,96,108,122,122,198,198,211,236,267,267,25,25,35,35,35,35,60,79,49,49,49,123,123,137,137,137,237,248,248,259,259],"floor_reached":42,"playtime":1070,"items_purged":["Strike_R"],"score":704,"play_id":"2a4c5a90-c28f-4be4-8b97-a9eadd2f9eac","local_time":"20181222021441","is_ascension_mode":true,"campfire_choices":[{"data":"Armaments","floor":6,"key":"SMITH"},{"data":"True Grit","floor":12,"key":"SMITH"},{"floor":15,"key":"REST"},{"data":"Flame Barrier","floor":23,"key":"SMITH"},{"data":"Secret Weapon","floor":25,"key":"SMITH"},{"floor":27,"key":"REST"},{"floor":32,"key":"REST"},{"floor":40,"key":"REST"}],"neow_cost":"NONE","seed_source_timestamp":24444242916621,"circlet_count":0,"master_deck":["AscendersBane","Strike_R","Defend_R","Defend_R","Defend_R+1","Defend_R","Bash","Spot Weakness+1","Armaments+1","Headbutt","Sword Boomerang","True Grit+1","Flame Barrier+1","Secret Weapon+1","Sword Boomerang","Whirlwind","Feel No Pain","Brutality","Rupture+1","Secret Technique","True Grit+1","Battle Trance"],"relics":["Philosopher\u0027s Stone","Mercury Hourglass","Pocketwatch","Sozu","War Paint","Red Mask","FaceOfCleric","The Courier","Oddly Smooth Stone","Empty Cage","Incense Burner"],"potions_floor_usage":[8,16,20,33],"damage_taken":[{"damage":5,"enemies":"Jaw Worm","floor":1,"turns":4},{"damage":8,"enemies":"2 Louse","floor":3,"turns":3},{"damage":0,"enemies":"Cultist","floor":7,"turns":4},{"damage":27,"enemies":"3 Sentries","floor":8,"turns":9},{"damage":2,"enemies":"2 Fungi Beasts","floor":11,"turns":2},{"damage":0,"enemies":"3 Louse","floor":13,"turns":2},{"damage":4,"enemies":"Exordium Thugs","floor":14,"turns":3},{"damage":14,"enemies":"The Guardian","floor":16,"turns":7},{"damage":20,"enemies":"Shell Parasite","floor":18,"turns":6},{"damage":8,"enemies":"Masked Bandits","floor":20,"turns":3},{"damage":0,"enemies":"3 Byrds","floor":24,"turns":3},{"damage":48,"enemies":"Slavers","floor":28,"turns":5},{"damage":1,"enemies":"Cultist and Chosen","floor":29,"turns":4},{"damage":7,"enemies":"Automaton","floor":33,"turns":6},{"damage":41,"enemies":"3 Darklings","floor":35,"turns":4},{"damage":19,"enemies":"Mind Bloom Boss Battle","floor":38,"turns":6},{"damage":0,"enemies":"3 Shapes","floor":39,"turns":1},{"damage":28,"enemies":"Maw","floor":41,"turns":8},{"damage":12,"enemies":"Writhing Mass","floor":42,"turns":2}],"seed_played":"8279688166043304937","potions_obtained":[{"floor":1,"key":"SkillPotion"},{"floor":10,"key":"Explosive Potion"},{"floor":10,"key":"Strength Potion"},{"floor":16,"key":"GamblersBrew"}],"is_trial":false,"path_per_floor":["M","?","M","?","$","R","M","E","T","?","M","R","M","M","R","B",null,"M","T","?","?","$","R","M","R","T","R","E","M","$","?","R","B",null,"M","?","?","?","M","R","M","M"],"character_chosen":"IRONCLAD","items_purchased":["Secret Weapon","Feel No Pain"],"campfire_rested":4,"item_purchase_floors":[22,30],"current_hp_per_floor":[63,63,55,55,55,55,55,28,28,28,26,26,26,22,44,30,64,44,44,36,36,36,36,37,37,37,59,12,12,12,12,35,29,67,27,27,27,9,10,34,7,0],"gold":259,"neow_bonus":"BOSS_RELIC","is_prod":false,"is_daily":false,"chose_seed":false,"campfire_upgraded":4,"win_rate":0,"timestamp":1545444881,"path_taken":["M","?","M","?","$","R","M","E","T","?","M","R","M","M","R","BOSS","M","?","?","?","$","R","M","R","T","R","E","?","?","?","R","BOSS","M","?","?","?","M","R","M","M"],"build_version":"2018-12-20","purchased_purges":1,"victory":false,"max_hp_per_floor":[75,75,75,75,75,75,75,75,75,75,75,75,75,75,75,75,75,75,75,75,75,75,75,76,76,76,76,77,78,78,78,78,79,79,80,80,80,81,82,82,83,83],"card_choices":[{"not_picked":["Uppercut","Cleave"],"picked":"Spot Weakness","floor":1},{"not_picked":["Entrench","Dual Wield"],"picked":"Armaments","floor":3},{"not_picked":["Body Slam","Second Wind"],"picked":"Headbutt","floor":7},{"not_picked":["Barricade","Fire Breathing"],"picked":"Sword Boomerang","floor":8},{"not_picked":["Havoc","Clash"],"picked":"True Grit","floor":11},{"not_picked":["Perfected Strike","Pommel Strike","Shrug It Off"],"picked":"SKIP","floor":13},{"not_picked":["Shrug It Off","Body Slam"],"picked":"Flame Barrier","floor":14},{"not_picked":["Evolve","Shrug It Off","Sever Soul"],"picked":"SKIP","floor":18},{"not_picked":["Twin Strike","True Grit"],"picked":"Sword Boomerang","floor":24},{"not_picked":["Flame Barrier","Metallicize"],"picked":"Whirlwind","floor":28},{"not_picked":["Rupture","Flex","Armaments"],"picked":"SKIP","floor":29},{"not_picked":["Barricade","Double Tap"],"picked":"Brutality","floor":33},{"not_picked":["Armaments+1","Perfected Strike"],"picked":"Rupture+1","floor":35},{"not_picked":["Deep Breath","Panache"],"picked":"Secret Technique","floor":37},{"not_picked":["Uppercut","Blood for Blood+1"],"picked":"True Grit+1","floor":38},{"not_picked":["Clothesline","Perfected Strike","Flame Barrier"],"picked":"SKIP","floor":39},{"not_picked":["Shrug It Off","Immolate"],"picked":"Battle Trance","floor":41}],"player_experience":293170,"relics_obtained":[{"floor":8,"key":"Mercury Hourglass"},{"floor":9,"key":"Pocketwatch"},{"floor":19,"key":"War Paint"},{"floor":20,"key":"Red Mask"},{"floor":26,"key":"The Courier"},{"floor":28,"key":"Oddly Smooth Stone"},{"floor":38,"key":"Incense Burner"}],"event_choices":[{"cards_removed":["Strike_R"],"damage_healed":0,"gold_gain":0,"player_choice":"Card Removal","damage_taken":0,"max_hp_gain":0,"max_hp_loss":0,"event_name":"The Cleric","floor":2,"gold_loss":50},{"damage_healed":0,"gold_gain":0,"player_choice":"Fled","damage_taken":0,"max_hp_gain":0,"max_hp_loss":0,"event_name":"Scrap Ooze","floor":4,"gold_loss":0},{"damage_healed":0,"gold_gain":0,"player_choice":"Bought 3 Potions","damage_taken":0,"max_hp_gain":0,"max_hp_loss":0,"event_name":"The Woman in Blue","floor":10,"gold_loss":0},{"damage_healed":0,"gold_gain":0,"player_choice":"Fought Bandits","damage_taken":0,"max_hp_gain":0,"max_hp_loss":0,"event_name":"Masked Bandits","floor":20,"gold_loss":0},{"damage_healed":0,"gold_gain":0,"player_choice":"Trade","damage_taken":0,"relics_obtained":["FaceOfCleric"],"max_hp_gain":0,"max_hp_loss":0,"event_name":"FaceTrader","floor":21,"gold_loss":0},{"damage_healed":0,"gold_gain":0,"player_choice":"Ignored","damage_taken":0,"max_hp_gain":0,"max_hp_loss":0,"event_name":"Vampires","floor":31,"gold_loss":0},{"damage_healed":0,"gold_gain":0,"player_choice":"Ignored","damage_taken":0,"max_hp_gain":0,"max_hp_loss":0,"event_name":"Mysterious Sphere","floor":36,"gold_loss":0},{"damage_healed":0,"gold_gain":0,"player_choice":"Memory 1","damage_taken":0,"max_hp_gain":0,"max_hp_loss":0,"event_name":"SensoryStone","floor":37,"gold_loss":0},{"damage_healed":0,"gold_gain":0,"player_choice":"Fight","damage_taken":0,"max_hp_gain":0,"max_hp_loss":0,"event_name":"MindBloom","floor":38,"gold_loss":0}],"is_beta":false,"boss_relics":[{"not_picked":["Calling Bell","White Beast Statue"],"picked":"Sozu"},{"not_picked":["Busted Crown","Eternal Feather"],"picked":"Empty Cage"}],"items_purged_floors":[22],"is_endless":false,"potions_floor_spawned":[1,11,16,24,29,41],"killed_by":"Writhing Mass","ascension_level":14}