{"gold_per_floor":[118,43,218,218,242,242,276,276,276,286,302,377,377,389,389,491,491,504,522,133,133,148,148,173,173,173,186,199,199,199,211,211,306,306,321,335,345,357,35,35,51,69,140,160,124,143,161,175,175,175],"floor_reached":51,"playtime":3202,"items_purged":["Strike_B","Doubt","Writhe"],"score":650,"play_id":"3d59e733-7952-4a14-87eb-b49eb199157a","local_time":"20190125001229","is_ascension_mode":false,"campfire_choices":[{"data":"Zap","floor":6,"key":"SMITH"},{"data":"Dualcast","floor":8,"key":"SMITH"},{"data":"Sunder","floor":13,"key":"SMITH"},{"data":"Hologram","floor":15,"key":"SMITH"},{"data":"Blind","floor":23,"key":"SMITH"},{"floor":25,"key":"REST"},{"floor":29,"key":"REST"},{"floor":32,"key":"REST"},{"data":"Static Discharge","floor":40,"key":"SMITH"},{"data":"Thunder Strike","floor":49,"key":"SMITH"}],"neow_cost":"NONE","seed_source_timestamp":1219335175426310,"circlet_count":0,"master_deck":["Zap+1","Dualcast+1","Hologram+1","Auto Shields","Coolheaded","Sunder+1","Static Discharge+1","Glacier","Electrodynamics","Go for the Eyes","Loop","Blind+1","Magnetism","Storm","Self Repair","Compile Driver+1","Thunder Strike+1","Sweeping Beam","Glacier","Beam Cell","Go for the Eyes","Amplify","Lockon+1","Coolheaded+1","Cold Snap+1","Streamline+1","Consume","Double Energy","Redo+1","FTL"],"relics":["Cracked Core","PreservedInsect","Pantograph","Gremlin Horn","White Beast Statue","Mercury Hourglass","Bag of Preparation","Omamori","CultistMask","Pandora\u0027s Box","Lee\u0027s Waffle","Meat on the Bone"],"potions_floor_usage":[16,19,19,22,24,24,27,31,33,37,37,37,44,44,47,47,50,50],"damage_taken":[{"damage":1,"enemies":"Jaw Worm","floor":1,"turns":3},{"damage":15,"enemies":"Lagavulin","floor":7,"turns":6},{"damage":1,"enemies":"2 Louse","floor":10,"turns":3},{"damage":0,"enemies":"Cultist","floor":11,"turns":2},{"damage":0,"enemies":"Blue Slaver","floor":14,"turns":2},{"damage":35,"enemies":"Hexaghost","floor":16,"turns":12},{"damage":8,"enemies":"Spheric Guardian","floor":18,"turns":6},{"damage":10,"enemies":"Chosen","floor":19,"turns":6},{"damage":11,"enemies":"Sentry and Sphere","floor":22,"turns":4},{"damage":32,"enemies":"Gremlin Leader","floor":24,"turns":4},{"damage":6,"enemies":"Centurion and Healer","floor":27,"turns":5},{"damage":19,"enemies":"Snake Plant","floor":28,"turns":4},{"damage":14,"enemies":"Cultist and Chosen","floor":31,"turns":5},{"damage":35,"enemies":"Champ","floor":33,"turns":14},{"damage":25,"enemies":"3 Darklings","floor":35,"turns":3},{"damage":13,"enemies":"3 Shapes","floor":36,"turns":2},{"damage":22,"enemies":"Spire Growth","floor":37,"turns":6},{"damage":6,"enemies":"4 Shapes","floor":38,"turns":4},{"damage":35,"enemies":"Writhing Mass","floor":41,"turns":5},{"damage":26,"enemies":"Transient","floor":42,"turns":5},{"damage":7,"enemies":"Jaw Worm Horde","floor":44,"turns":4},{"damage":7,"enemies":"4 Shapes","floor":46,"turns":3},{"damage":6,"enemies":"Sphere and 2 Shapes","floor":47,"turns":3},{"damage":5,"enemies":"3 Darklings","floor":48,"turns":3},{"damage":48,"enemies":"Donu and Deca","floor":50,"turns":6}],"seed_played":"-6256982471902070467","potions_obtained":[{"floor":11,"key":"FearPotion"},{"floor":14,"key":"Weak Potion"},{"floor":16,"key":"Dexterity Potion"},{"floor":18,"key":"EssenceOfSteel"},{"floor":19,"key":"PowerPotion"},{"floor":22,"key":"GamblersBrew"},{"floor":24,"key":"Block Potion"},{"floor":27,"key":"FocusPotion"},{"floor":28,"key":"SkillPotion"},{"floor":31,"key":"FearPotion"},{"floor":33,"key":"SpeedPotion"},{"floor":35,"key":"Poison Potion"},{"floor":36,"key":"EssenceOfSteel"},{"floor":37,"key":"Dexterity Potion"},{"floor":38,"key":"Regen Potion"},{"floor":41,"key":"Weak Potion"},{"floor":42,"key":"SpeedPotion"},{"floor":44,"key":"Swift Potion"},{"floor":46,"key":"PowerPotion"},{"floor":47,"key":"PowerPotion"},{"floor":48,"key":"FearPotion"}],"is_trial":false,"path_per_floor":["M","$","?","?","T","R","E","R","T","M","M","?","R","M","R","B",null,"M","M","$","?","M","R","E","R","T","M","M","R","?","M","R","B",null,"M","M","M","M","$","R","M","M","T","M","$","M","M","M","R","B",null],"character_chosen":"DEFECT","items_purchased":["Blind","Magnetism","Lee\u0027s Waffle","Double Energy"],"campfire_rested":3,"item_purchase_floors":[20,20,39,45],"current_hp_per_floor":[74,74,74,74,74,74,59,59,59,58,58,47,47,47,47,37,75,67,57,57,57,46,46,14,36,36,37,25,47,47,33,55,47,75,57,44,22,23,82,82,47,21,21,45,45,50,44,51,51,40],"gold":175,"neow_bonus":"REMOVE_CARD","is_prod":false,"is_daily":false,"chose_seed":false,"campfire_upgraded":7,"win_rate":0.0,"timestamp":1548342749,"path_taken":["M","$","?","?","?","R","E","R","T","M","?","?","R","M","R","BOSS","M","M","$","?","M","R","E","R","T","M","M","R","?","M","R","BOSS","M","M","?","M","$","R","M","M","T","?","$","M","M","M","R","BOSS"],"build_version":"2019-01-23","purchased_purges":3,"victory":true,"max_hp_per_floor":[75,75,75,75,75,75,75,75,75,75,75,75,75,75,75,75,75,75,75,75,75,75,75,75,75,75,75,75,75,75,75,75,75,75,75,75,75,75,82,82,82,82,82,82,82,82,82,82,82,82],"card_choices":[{"not_picked":["Lockon","Barrage"],"picked":"Hologram","floor":1},{"not_picked":["Heatsinks","Double Energy"],"picked":"Coolheaded","floor":7},{"not_picked":["Self Repair","Sweeping Beam"],"picked":"Sunder","floor":10},{"not_picked":["Thunder Strike","Loop"],"picked":"Static Discharge","floor":11},{"not_picked":["Beam Cell","Gash"],"picked":"Glacier","floor":14},{"not_picked":["Thunder Strike","Reboot"],"picked":"Electrodynamics","floor":16},{"not_picked":["Turbo+1","Doom and Gloom"],"picked":"Go for the Eyes","floor":18},{"not_picked":["Force Field","Compile Driver"],"picked":"Loop","floor":19},{"not_picked":["Streamline","Gash+1"],"picked":"Storm","floor":22},{"not_picked":["Scrape","Compile Driver"],"picked":"Self Repair","floor":24},{"not_picked":["Double Energy","Rebound+1","Steam+1"],"picked":"SKIP","floor":27},{"not_picked":["Loop","Stack"],"picked":"Compile Driver+1","floor":28},{"not_picked":["Auto Shields","Aggregate","Sweeping Beam+1"],"picked":"SKIP","floor":31},{"not_picked":["Echo Form","Multi-Cast"],"picked":"Thunder Strike","floor":33},{"not_picked":["Cold Snap+1","BootSequence+1"],"picked":"Lockon+1","floor":35},{"not_picked":["Coolheaded","Fusion+1","Rebound+1"],"picked":"SKIP","floor":36},{"not_picked":["Conserve Battery","Skim+1"],"picked":"Coolheaded+1","floor":37},{"not_picked":["Go for the Eyes","Streamline"],"picked":"Cold Snap+1","floor":38},{"not_picked":["Sunder+1","Go for the Eyes+1"],"picked":"Streamline+1","floor":41},{"not_picked":["Stack","Hello World"],"picked":"Consume","floor":42},{"not_picked":["Coolheaded+1","Lockon","Chaos+1"],"picked":"SKIP","floor":44},{"not_picked":["Turbo","Sunder+1","Meteor Strike"],"picked":"SKIP","floor":46},{"not_picked":["Coolheaded+1","Turbo+1"],"picked":"Redo+1","floor":47},{"not_picked":["Turbo","Steam+1"],"picked":"FTL","floor":48}],"player_experience":49464,"relics_obtained":[{"floor":5,"key":"PreservedInsect"},{"floor":7,"key":"Pantograph"},{"floor":9,"key":"Gremlin Horn"},{"floor":24,"key":"Bag of Preparation"},{"floor":26,"key":"Omamori"},{"floor":43,"key":"Meat on the Bone"}],"event_choices":[{"damage_healed":0,"gold_gain":175,"player_choice":"AGREE","damage_taken":0,"max_hp_gain":0,"max_hp_loss":0,"event_name":"Liars Game","floor":3,"gold_loss":0,"cards_obtained":["Doubt"]},{"damage_healed":0,"gold_gain":0,"cards_transformed":["Defend_B"],"player_choice":"Change","damage_taken":0,"max_hp_gain":0,"max_hp_loss":0,"event_name":"Living Wall","floor":4,"gold_loss":0,"cards_obtained":["Auto Shields"]},{"damage_healed":0,"gold_gain":75,"player_choice":"Gather Gold","damage_taken":11,"max_hp_gain":0,"max_hp_loss":0,"event_name":"World of Goop","floor":12,"gold_loss":0},{"damage_healed":0,"gold_gain":0,"player_choice":"Opened","damage_taken":0,"relics_obtained":["Mercury Hourglass"],"max_hp_gain":0,"max_hp_loss":0,"event_name":"The Mausoleum","floor":21,"gold_loss":0,"cards_obtained":["Writhe"]},{"damage_healed":0,"gold_gain":0,"player_choice":"Trade","damage_taken":0,"relics_obtained":["CultistMask"],"max_hp_gain":0,"max_hp_loss":0,"event_name":"FaceTrader","floor":30,"gold_loss":0}],"is_beta":false,"boss_relics":[{"not_picked":["Astrolabe","Black Star"],"picked":"White Beast Statue"},{"not_picked":["Nuclear Battery","Orrery"],"picked":"Pandora\u0027s Box"}],"items_purged_floors":[2,20,39],"is_endless":false,"potions_floor_spawned":[11,14,16,18,19,22,24,27,28,31,33,35,36,37,38,41,42,44,46,47,48],"ascension_level":0}