{"gold_per_floor":[212,222,237,237,88,123,123,134,134,151,151],"floor_reached":11,"playtime":830,"items_purged":["Strike_R"],"score":75,"play_id":"f156cf56-9bf0-4fbc-9312-beef28e2b277","local_time":"20181227140249","is_ascension_mode":false,"campfire_choices":[{"data":"Whirlwind","floor":7,"key":"SMITH"}],"neow_cost":"NONE","seed_source_timestamp":511307605297964,"circlet_count":0,"master_deck":["Strike_R","Strike_R","Strike_R","Strike_R","Defend_R","Defend_R","Defend_R","Defend_R","Bash","Headbutt","Whirlwind+1","Body Slam","Inflame","Body Slam","Headbutt","Fire Breathing+1"],"relics":["Burning Blood","Juzu Bracelet","Frozen Egg 2","Centennial Puzzle"],"potions_floor_usage":[],"damage_taken":[{"damage":1,"enemies":"Cultist","floor":1,"turns":3},{"damage":0,"enemies":"Small Slimes","floor":2,"turns":3},{"damage":0,"enemies":"2 Louse","floor":3,"turns":2},{"damage":36,"enemies":"Lagavulin","floor":6,"turns":7},{"damage":18,"enemies":"Large Slime","floor":8,"turns":5},{"damage":16,"enemies":"Blue Slaver","floor":10,"turns":4},{"damage":27,"enemies":"Gremlin Nob","floor":11,"turns":3}],"seed_played":"2398621793503830345","potions_obtained":[{"floor":2,"key":"BloodPotion"},{"floor":3,"key":"LiquidBronze"},{"floor":6,"key":"Energy Potion"}],"is_trial":false,"path_per_floor":["M","M","M","?","$","E","R","M","T","M","E"],"character_chosen":"IRONCLAD","items_purchased":["Inflame"],"campfire_rested":0,"item_purchase_floors":[5],"current_hp_per_floor":[80,80,80,62,62,32,32,20,20,10,0],"gold":151,"neow_bonus":"HUNDRED_GOLD","is_prod":false,"is_daily":false,"chose_seed":false,"campfire_upgraded":1,"win_rate":0.0,"timestamp":1545948169,"path_taken":["M","M","M","?","$","E","R","M","T","M","E"],"build_version":"2018-12-20","purchased_purges":1,"victory":false,"max_hp_per_floor":[80,80,80,80,80,80,80,80,80,80,80],"card_choices":[{"not_picked":["Perfected Strike","Thunderclap"],"picked":"Headbutt","floor":1},{"not_picked":["Heavy Blade","Bloodletting"],"picked":"Whirlwind","floor":2},{"not_picked":["Clothesline","Warcry"],"picked":"Body Slam","floor":3},{"not_picked":["Power Through","Dual Wield"],"picked":"Body Slam","floor":6},{"not_picked":["Spot Weakness","Thunderclap"],"picked":"Headbutt","floor":8},{"not_picked":["Combust+1","Second Wind"],"picked":"Fire Breathing+1","floor":10}],"player_experience":12857,"relics_obtained":[{"floor":6,"key":"Frozen Egg 2"},{"floor":9,"key":"Centennial Puzzle"}],"event_choices":[{"damage_healed":0,"gold_gain":0,"player_choice":"Success","damage_taken":18,"relics_obtained":["Juzu Bracelet"],"max_hp_gain":0,"max_hp_loss":0,"event_name":"Scrap Ooze","floor":4,"gold_loss":0}],"is_beta":false,"boss_relics":[],"items_purged_floors":[5],"is_endless":false,"potions_floor_spawned":[2,3,6],"killed_by":"Gremlin Nob","ascension_level":0}