{"gold_per_floor":[12,31,31,46,46,46,79,79,104,29,29,45,45,45,45,45],"floor_reached":16,"playtime":707,"items_purged":["Strike_R"],"score":152,"play_id":"68d399e1-3543-41ed-a0d2-1ea18aff711d","local_time":"20180910213958","is_ascension_mode":true,"campfire_choices":[{"data":"Armaments","floor":6,"key":"SMITH"},{"data":"Armaments","floor":8,"key":"SMITH"},{"floor":11,"key":"REST"},{"data":"Cleave","floor":15,"key":"SMITH"}],"neow_cost":"NO_GOLD","seed_source_timestamp":1031487372061025,"circlet_count":0,"master_deck":["Strike_R","Strike_R","Strike_R","Defend_R","Defend_R","Defend_R","Defend_R","Bash","AscendersBane","Armaments+1","Armaments+1","Impervious","Cleave+1","Iron Wave","Battle Trance","Limit Break","Flex","Seeing Red"],"relics":["Burning Blood","Prayer Wheel","Bag of Preparation","Juzu Bracelet"],"potions_floor_usage":[16,16],"damage_taken":[{"damage":4,"enemies":"Small Slimes","floor":1,"turns":4},{"damage":5,"enemies":"Cultist","floor":2,"turns":4},{"damage":3,"enemies":"2 Louse","floor":4,"turns":4},{"damage":48,"enemies":"Gremlin Nob","floor":7,"turns":6},{"damage":6,"enemies":"Looter","floor":12,"turns":4},{"damage":71,"enemies":"Slime Boss","floor":16,"turns":13}],"seed_played":"4311924541704479028","potions_obtained":[{"floor":4,"key":"Dexterity Potion"},{"floor":7,"key":"Fruit Juice"}],"is_trial":false,"path_per_floor":["M","M","?","M","?","R","E","R","T","$","R","M","?","$","R"],"character_chosen":"IRONCLAD","items_purchased":[],"campfire_rested":1,"item_purchase_floors":[],"current_hp_per_floor":[74,75,80,80,73,73,31,31,31,31,55,55,55,55,55,0],"gold":45,"neow_bonus":"ONE_RARE_RELIC","is_prod":false,"is_daily":false,"chose_seed":false,"campfire_upgraded":3,"win_rate":0,"timestamp":1536633598,"path_taken":["M","M","?","M","?","R","E","R","T","$","R","M","?","?","R","BOSS"],"build_version":"2018-09-06","purchased_purges":1,"victory":false,"max_hp_per_floor":[80,80,80,80,80,80,80,80,80,80,80,80,80,80,80,85],"card_choices":[{"not_picked":["Wild Strike","Metallicize"],"picked":"Armaments","floor":1},{"not_picked":["Havoc","Clothesline"],"picked":"Armaments","floor":1},{"not_picked":["Thunderclap","Headbutt"],"picked":"Impervious","floor":2},{"not_picked":["Dual Wield","Armaments"],"picked":"Cleave","floor":2},{"not_picked":["Sever Soul","Carnage"],"picked":"Iron Wave","floor":4},{"not_picked":["Heavy Blade","Thunderclap"],"picked":"Battle Trance","floor":4},{"not_picked":["Brutality","Twin Strike"],"picked":"Limit Break","floor":7},{"not_picked":["Warcry","Clash"],"picked":"Flex","floor":12},{"not_picked":["Perfected Strike","Intimidate"],"picked":"Seeing Red","floor":12}],"player_experience":312366,"relics_obtained":[{"floor":7,"key":"Bag of Preparation"},{"floor":9,"key":"Juzu Bracelet"}],"event_choices":[{"event_name":"Wheel of Change","player_choice":"Full Heal","floor":3,"damage_taken":0},{"event_name":"Golden Wing","player_choice":"Card Removal","floor":5,"damage_taken":0},{"event_name":"Liars Game","player_choice":"disagreed","floor":13,"damage_taken":0}],"is_beta":false,"boss_relics":[],"items_purged_floors":[10],"is_endless":false,"potions_floor_spawned":[4,7],"killed_by":"Slime Boss","ascension_level":11}