{"gold_per_floor":[115,115,135,148,165,165,179,179,179,179,208,227,78,93,93,191,191,180,180,95,108,108,108,128,128,128,38,38,38,58,76,76,177,177,194,243,243,260,279,279,9,9,56,56],"floor_reached":44,"playtime":2946,"items_purged":["Parasite"],"score":492,"play_id":"1511ed63-bb7e-45ab-95e8-0a0a6c26b51c","local_time":"20190204032256","is_ascension_mode":true,"campfire_choices":[{"data":"Rampage","floor":6.0,"key":"SMITH"},{"data":"Armaments","floor":10.0,"key":"SMITH"},{"data":"Bash","floor":15.0,"key":"SMITH"},{"data":"Reaper","floor":23.0,"key":"SMITH"},{"data":"Flame Barrier","floor":25.0,"key":"SMITH"},{"data":"Pommel Strike","floor":29.0,"key":"SMITH"},{"floor":32.0,"key":"REST"},{"data":"Warcry","floor":40.0,"key":"SMITH"},{"data":"Warcry","floor":42,"key":"SMITH"}],"neow_cost":"NONE","seed_source_timestamp":307121842499205,"circlet_count":0,"master_deck":["Strike_R","Defend_R","Defend_R","Defend_R","Defend_R","Bash+1","Rampage+1","Headbutt+1","Flex","Impervious","Armaments+1","Warcry+1","Burning Pact+1","Flex","Inflame","Headbutt","Reaper+1","Intimidate+1","Pommel Strike+1","Inflame+1","Flame Barrier+1","Shrug It Off","Impervious","Sentinel+1","Warcry+1","Sadistic Nature","Flame Barrier+1","Warcry+1","Shrug It Off"],"special_seed":0,"relics":["Burning Blood","Bag of Marbles","Potion Belt","Velvet Choker","Sundial","Shuriken","Empty Cage","Incense Burner","Membership Card","PreservedInsect"],"potions_floor_usage":[],"damage_taken":[{"damage":2.0,"enemies":"2 Louse","floor":1.0,"turns":3.0},{"damage":5.0,"enemies":"Small Slimes","floor":3.0,"turns":3.0},{"damage":1.0,"enemies":"Cultist","floor":4.0,"turns":3.0},{"damage":11.0,"enemies":"2 Fungi Beasts","floor":5.0,"turns":3.0},{"damage":20.0,"enemies":"Gremlin Gang","floor":7.0,"turns":7.0},{"damage":12.0,"enemies":"Gremlin Nob","floor":11.0,"turns":3.0},{"damage":2.0,"enemies":"Exordium Wildlife","floor":12.0,"turns":3.0},{"damage":3.0,"enemies":"2 Fungi Beasts","floor":14.0,"turns":4.0},{"damage":30.0,"enemies":"Slime Boss","floor":16.0,"turns":8.0},{"damage":6.0,"enemies":"2 Thieves","floor":18.0,"turns":4.0},{"damage":29.0,"enemies":"Shell Parasite","floor":21.0,"turns":5.0},{"damage":20.0,"enemies":"Centurion and Healer","floor":24.0,"turns":6.0},{"damage":31.0,"enemies":"Snake Plant","floor":30.0,"turns":5.0},{"damage":28.0,"enemies":"Chosen and Byrds","floor":31.0,"turns":4.0},{"damage":30.0,"enemies":"Automaton","floor":33.0,"turns":10.0},{"damage":28.0,"enemies":"3 Shapes","floor":35.0,"turns":6.0},{"damage":43.0,"enemies":"2 Orb Walkers","floor":36.0,"turns":6.0},{"damage":42.0,"enemies":"3 Darklings","floor":38.0,"turns":5.0},{"damage":0.0,"enemies":"Writhing Mass","floor":39.0,"turns":7.0},{"damage":61,"enemies":"Reptomancer","floor":44,"turns":5}],"seed_played":"1788193604077910631","potions_obtained":[{"floor":4.0,"key":"Fire Potion"},{"floor":5.0,"key":"Weak Potion"},{"floor":12.0,"key":"Weak Potion"},{"floor":30.0,"key":"Energy Potion"},{"floor":31.0,"key":"Weak Potion"},{"floor":35.0,"key":"BloodPotion"},{"floor":36.0,"key":"SpeedPotion"}],"is_trial":false,"path_per_floor":["?","?","?","?","?","M","?","M","?","?"],"character_chosen":"IRONCLAD","items_purchased":["Flex","Strength Potion","Inflame","Membership Card","Shrug It Off"],"campfire_rested":1,"item_purchase_floors":[13,13,13,41,41],"current_hp_per_floor":[80,85,85,85,80,80,66,49,49,49,43,47,47,50,50,26,85,85,85,85,71,63,63,71,71,71,71,71,71,53,49,74,66,85,79,50,50,47,59,59,59,59,59,0],"gold":56,"neow_bonus":"THREE_CARDS","is_prod":false,"is_daily":false,"chose_seed":false,"campfire_upgraded":8,"win_rate":0,"timestamp":1549246976,"path_taken":["M","?","M","M","M","R","M","?","T","R","E","M","$","M","R","BOSS","M","?","?","M","?","R","?","R","T","?","$","R","M","?","R","BOSS","M","?","?","M","M","R","$","R","T","E"],"build_version":"2019-01-23","purchased_purges":1,"victory":false,"max_hp_per_floor":[80,85,85,85,85,85,85,85,85,85,85,85,85,85,85,85,85,85,85,85,85,85,85,85,85,85,85,85,85,85,85,85,85,85,85,85,85,85,85,85,82,82,82,82],"card_choices":[{"not_picked":["Ghostly Armor","Fire Breathing"],"picked":"Rampage","floor":0.0},{"not_picked":["Sword Boomerang","Metallicize"],"picked":"Headbutt","floor":1.0},{"not_picked":["Perfected Strike","Clothesline"],"picked":"Flex","floor":3.0},{"not_picked":["Sword Boomerang","Rupture"],"picked":"Impervious","floor":4.0},{"not_picked":["Carnage","Perfected Strike"],"picked":"Armaments","floor":5.0},{"not_picked":["Clash","Blood for Blood"],"picked":"Warcry","floor":7.0},{"not_picked":["True Grit","Fire Breathing"],"picked":"Burning Pact","floor":11.0},{"not_picked":["Corruption","Cleave","Armaments"],"picked":"SKIP","floor":12.0},{"not_picked":["Feel No Pain","Armaments"],"picked":"Headbutt","floor":14.0},{"not_picked":["Berserk","Immolate"],"picked":"Reaper","floor":16.0},{"not_picked":["Infernal Blade","Pummel+1"],"picked":"Intimidate+1","floor":18.0},{"not_picked":["Combust","Twin Strike"],"picked":"Inflame+1","floor":21.0},{"not_picked":["Perfected Strike+1","Flex"],"picked":"Flame Barrier","floor":24.0},{"not_picked":["Wild Strike","Twin Strike","Thunderclap+1"],"picked":"SKIP","floor":30.0},{"not_picked":["Wild Strike","Reckless Charge"],"picked":"Shrug It Off","floor":31.0},{"not_picked":["Juggernaut","Immolate"],"picked":"Impervious","floor":33.0},{"not_picked":["Anger","Body Slam"],"picked":"Sentinel+1","floor":35.0},{"not_picked":["Sword Boomerang","Cleave+1"],"picked":"Warcry","floor":36.0},{"not_picked":["Jack Of All Trades","Purity"],"picked":"Sadistic Nature","floor":37.0},{"not_picked":["Clothesline+1","Flex+1"],"picked":"Flame Barrier+1","floor":38.0},{"not_picked":["Sentinel","Havoc"],"picked":"Warcry","floor":39.0}],"player_experience":181015,"relics_obtained":[{"floor":9.0,"key":"Bag of Marbles"},{"floor":11.0,"key":"Potion Belt"},{"floor":26.0,"key":"Shuriken"},{"floor":36.0,"key":"Incense Burner"},{"floor":43,"key":"PreservedInsect"}],"event_choices":[{"damage_healed":0.0,"max_hp_gain":5.0,"max_hp_loss":0.0,"gold_gain":0.0,"event_name":"Big Fish","player_choice":"Donut","floor":2.0,"gold_loss":0.0,"damage_taken":0.0},{"damage_healed":0.0,"max_hp_gain":0.0,"max_hp_loss":0.0,"gold_gain":0.0,"event_name":"Shining Light","player_choice":"Entered Light","floor":8.0,"gold_loss":0.0,"damage_taken":17.0,"cards_upgraded":["Warcry","Headbutt"]},{"damage_healed":0.0,"max_hp_gain":0.0,"max_hp_loss":0.0,"gold_gain":0.0,"cards_transformed":["Strike_R","Strike_R"],"event_name":"Drug Dealer","player_choice":"Became Test Subject","floor":19.0,"gold_loss":0.0,"damage_taken":0.0,"cards_obtained":["Pommel Strike","Perfected Strike"]},{"damage_healed":0.0,"max_hp_gain":0.0,"max_hp_loss":0.0,"gold_gain":0.0,"event_name":"Addict","player_choice":"Obtained Relic","floor":20.0,"gold_loss":85.0,"damage_taken":0.0,"relics_obtained":["Sundial"]},{"damage_healed":0.0,"max_hp_gain":0.0,"max_hp_loss":0.0,"gold_gain":0.0,"event_name":"Knowing Skull","player_choice":"","floor":22.0,"potions_obtained":[],"gold_loss":0.0,"damage_taken":8.0,"cards_obtained":[]},{"cards_removed":["Perfected Strike"],"damage_healed":0.0,"max_hp_gain":0.0,"max_hp_loss":0.0,"gold_gain":0.0,"event_name":"Designer","player_choice":"Upgrade and Remove","floor":27.0,"gold_loss":90.0,"damage_taken":0.0,"cards_upgraded":["Burning Pact"]},{"damage_healed":0.0,"max_hp_gain":0.0,"max_hp_loss":0.0,"gold_gain":0.0,"event_name":"Mysterious Sphere","player_choice":"Fight","floor":36.0,"gold_loss":0.0,"damage_taken":0.0},{"damage_healed":0.0,"max_hp_gain":0.0,"max_hp_loss":0.0,"gold_gain":0.0,"event_name":"SensoryStone","player_choice":"Memory 1","floor":37.0,"gold_loss":0.0,"damage_taken":0.0}],"is_beta":false,"boss_relics":[{"not_picked":["Black Star","Ectoplasm"],"picked":"Velvet Choker"},{"not_picked":["Snecko Eye","Coffee Dripper"],"picked":"Empty Cage"}],"items_purged_floors":[41],"is_endless":false,"potions_floor_spawned":[4,5,12,30,31,35,36],"killed_by":"Reptomancer","ascension_level":4}