{"gold_per_floor":[117,128,143,143,143,163,163,67,67,79,89,102,102,113,113,214,214,229,139,149,1,13,48,48,68,68,18,18,18],"floor_reached":29,"playtime":2534,"items_purged":["Defend_G"],"score":239,"play_id":"b3f77b7a-b911-4bba-8241-df4e2b09893d","local_time":"20190131043235","is_ascension_mode":false,"campfire_choices":[{"data":"Neutralize","floor":7,"key":"SMITH"},{"floor":15,"key":"REST"},{"floor":24,"key":"REST"}],"neow_cost":"NONE","seed_source_timestamp":320675299550833,"circlet_count":0,"master_deck":["Defend_G","Defend_G","Strike_G","Strike_G","Strike_G","Survivor","Neutralize+1","Calculated Gamble","Outmaneuver","Poisoned Stab","Bane","Calculated Gamble","Heel Hook+1","Backflip","Well Laid Plans","Poisoned Stab","Backflip","Glass Knife","Finisher","Riddle With Holes","Poisoned Stab","Deadly Poison","Outmaneuver+1","Catalyst+1","Burst","Distraction+1","Bullet Time","Iron Wave"],"special_seed":0,"relics":["Ring of the Snake","Ninja Scroll","Orrery","Bottled Lightning","Strawberry"],"potions_floor_usage":[16,16,16,23,29,29],"damage_taken":[{"damage":1.0,"enemies":"2 Louse","floor":1.0,"turns":3.0},{"damage":9,"enemies":"Small Slimes","floor":2,"turns":4},{"damage":4,"enemies":"Cultist","floor":3,"turns":4},{"damage":2,"enemies":"Blue Slaver","floor":6,"turns":3},{"damage":12,"enemies":"Gremlin Gang","floor":10,"turns":7},{"damage":3,"enemies":"Exordium Wildlife","floor":11,"turns":4},{"damage":1,"enemies":"Red Slaver","floor":12,"turns":2},{"damage":4,"enemies":"Blue Slaver","floor":14,"turns":3},{"damage":19,"enemies":"Hexaghost","floor":16,"turns":9},{"damage":15,"enemies":"3 Byrds","floor":18,"turns":5},{"damage":2,"enemies":"Chosen","floor":20,"turns":4},{"damage":21,"enemies":"Snake Plant","floor":22,"turns":3},{"damage":28,"enemies":"Slavers","floor":23,"turns":6},{"damage":20,"enemies":"Centurion and Healer","floor":25,"turns":7},{"damage":19,"enemies":"Cultist and Chosen","floor":29,"turns":4}],"seed_played":"-9203412802909874398","potions_obtained":[{"floor":6,"key":"PowerPotion"},{"floor":11,"key":"Fire Potion"},{"floor":14,"key":"SteroidPotion"},{"floor":22,"key":"EssenceOfSteel"},{"floor":25,"key":"Strength Potion"}],"is_trial":false,"path_per_floor":["?","?","?","M","?","M"],"character_chosen":"THE_SILENT","items_purchased":["Backflip","Well Laid Plans","Burst","Explosive Potion"],"campfire_rested":2,"item_purchase_floors":[8,8,21,27],"current_hp_per_floor":[69,60,56,56,56,54,54,54,54,42,39,38,38,34,55,36,70,55,55,53,53,32,4,25,5,12,12,12,0],"gold":18,"neow_bonus":"TRANSFORM_CARD","is_prod":false,"is_daily":false,"chose_seed":false,"campfire_upgraded":1,"win_rate":0.0,"timestamp":1548905555,"path_taken":["M","M","M","?","?","M","R","$","T","M","M","M","$","M","R","BOSS","M","?","?","$","M","E","R","M","T","$","?","?"],"build_version":"2019-01-23","purchased_purges":1,"victory":false,"max_hp_per_floor":[70,70,70,70,70,70,70,70,70,70,70,70,70,70,70,70,70,70,70,70,70,70,70,70,70,77,77,77,77],"card_choices":[{"not_picked":["Prepared","Acrobatics"],"picked":"Outmaneuver","floor":1},{"not_picked":["Sucker Punch","Deflect"],"picked":"Poisoned Stab","floor":2},{"not_picked":["Backstab","Dagger Spray"],"picked":"Bane","floor":3},{"not_picked":["Sucker Punch","Dagger Throw"],"picked":"Heel Hook","floor":6},{"not_picked":["Calculated Gamble","Dagger Spray"],"picked":"Poisoned Stab","floor":10},{"not_picked":["Underhanded Strike","Acrobatics","Outmaneuver"],"picked":"SKIP","floor":11},{"not_picked":["A Thousand Cuts","Choke"],"picked":"Backflip","floor":12},{"not_picked":["Flechettes","Outmaneuver","Acrobatics"],"picked":"SKIP","floor":14},{"not_picked":["Night Terror","Unload"],"picked":"Glass Knife","floor":16},{"not_picked":["Quick Slash","Poisoned Stab"],"picked":"Finisher","floor":17},{"not_picked":["Dodge and Roll","Acrobatics"],"picked":"Riddle With Holes","floor":17},{"not_picked":["Footwork","Expertise"],"picked":"Poisoned Stab","floor":17},{"not_picked":["Footwork","Outmaneuver"],"picked":"Deadly Poison","floor":17},{"not_picked":["Heel Hook","Flying Knee+1"],"picked":"Outmaneuver+1","floor":18},{"not_picked":["Noxious Fumes","Dagger Spray+1"],"picked":"Catalyst+1","floor":20},{"not_picked":["All Out Attack+1","Slice"],"picked":"Distraction+1","floor":22},{"not_picked":["Dagger Throw+1","Distraction"],"picked":"Bullet Time","floor":23},{"not_picked":["Outmaneuver","Blade Dance","Reflex"],"picked":"SKIP","floor":25}],"player_experience":63768,"relics_obtained":[{"floor":9,"key":"Ninja Scroll"},{"floor":23,"key":"Bottled Lightning"},{"floor":26,"key":"Strawberry"}],"event_choices":[{"damage_healed":0,"gold_gain":0,"player_choice":"Ignored","damage_taken":0,"max_hp_gain":0,"max_hp_loss":0,"event_name":"Golden Wing","floor":4,"gold_loss":0},{"damage_healed":0,"gold_gain":0,"cards_transformed":["Strike_G"],"player_choice":"Change","damage_taken":0,"max_hp_gain":0,"max_hp_loss":0,"event_name":"Living Wall","floor":5,"gold_loss":0,"cards_obtained":["Calculated Gamble"]},{"cards_removed":["Defend_G"],"damage_healed":0,"gold_gain":0,"player_choice":"Upgrade and Remove","damage_taken":0,"max_hp_gain":0,"max_hp_loss":0,"event_name":"Designer","floor":19,"gold_loss":90,"cards_upgraded":["Heel Hook"]},{"cards_removed":["Strike_G"],"damage_healed":0,"gold_gain":0,"player_choice":"Took Card","damage_taken":0,"max_hp_gain":0,"max_hp_loss":0,"event_name":"NoteForYourself","floor":28,"gold_loss":0,"cards_obtained":["Iron Wave"]}],"is_beta":false,"boss_relics":[{"not_picked":["Busted Crown","Coffee Dripper"],"picked":"Orrery"}],"items_purged_floors":[21],"is_endless":false,"potions_floor_spawned":[6,11,14,22,25],"killed_by":"Cultist and Chosen","ascension_level":0}