{"gold_per_floor":[113,188,208,133,147,147,181,181,181,192,192,268,288,315,327,339],"floor_reached":16,"playtime":304,"items_purged":[],"score":209,"play_id":"83bd2431-3daf-48fb-82cf-8cf122e7ab52","local_time":"20190115223035","is_ascension_mode":true,"campfire_choices":[{"data":"Skewer","floor":6,"key":"SMITH"},{"data":"Deadly Poison","floor":8,"key":"SMITH"},{"data":"Catalyst","floor":11,"key":"SMITH"},{"floor":15,"key":"REST"}],"neow_cost":"NONE","seed_source_timestamp":16355932532143,"circlet_count":0,"master_deck":["AscendersBane","Defend_G","Defend_G","Defend_G","Defend_G","Defend_G","Strike_G","Strike_G","Strike_G","Strike_G","Survivor","Neutralize","PiercingWail","Bouncing Flask","Skewer+1","Deadly Poison+1","Catalyst+1","Footwork"],"relics":["Ring of the Snake","NeowsBlessing","Letter Opener","Question Card","Pear","MawBank"],"potions_floor_usage":[7,13,16],"damage_taken":[{"damage":0,"enemies":"Jaw Worm","floor":1,"turns":1},{"damage":0,"enemies":"Cultist","floor":3,"turns":1},{"damage":0,"enemies":"Small Slimes","floor":5,"turns":1},{"damage":6,"enemies":"Gremlin Nob","floor":7,"turns":3},{"damage":13,"enemies":"Gremlin Gang","floor":10,"turns":6},{"damage":15,"enemies":"Exordium Thugs","floor":13,"turns":4},{"damage":6,"enemies":"Lagavulin","floor":14,"turns":7},{"damage":47,"enemies":"Slime Boss","floor":16,"turns":7}],"seed_played":"-5986459670378163581","potions_obtained":[{"floor":5,"key":"FearPotion"},{"floor":10,"key":"GamblersBrew"},{"floor":13,"key":"LiquidBronze"},{"floor":14,"key":"Explosive Potion"}],"is_trial":false,"path_per_floor":["M","?","M","?","M","R","E","R","T","M","R","T","M","E","R","B"],"character_chosen":"THE_SILENT","items_purchased":[],"campfire_rested":1,"item_purchase_floors":[],"current_hp_per_floor":[59,48,48,48,48,48,42,42,42,29,29,39,24,18,40,0],"gold":339,"neow_bonus":"THREE_ENEMY_KILL","is_prod":false,"is_daily":false,"chose_seed":false,"campfire_upgraded":3,"win_rate":0,"timestamp":1547591435,"path_taken":["M","?","M","?","M","R","E","R","T","M","R","?","?","E","R","BOSS"],"build_version":"2019-01-10","purchased_purges":0,"victory":false,"max_hp_per_floor":[66,66,66,66,66,66,66,66,66,66,66,76,76,76,76,76],"card_choices":[{"not_picked":["Underhanded Strike","Dodge and Roll"],"picked":"PiercingWail","floor":1},{"not_picked":["Reflex","PiercingWail"],"picked":"Bouncing Flask","floor":3},{"not_picked":["Flying Knee","Acrobatics"],"picked":"Skewer","floor":5},{"not_picked":["PiercingWail","Unload"],"picked":"Deadly Poison","floor":7},{"not_picked":["Predator","Setup","Cloak And Dagger"],"picked":"Catalyst","floor":10},{"not_picked":["Blade Dance","Finisher","Crippling Poison"],"picked":"Footwork","floor":13},{"not_picked":["Outmaneuver","PiercingWail","Flechettes","Terror"],"picked":"SKIP","floor":14}],"player_experience":396425,"relics_obtained":[{"floor":7,"key":"Letter Opener"},{"floor":9,"key":"Question Card"},{"floor":12,"key":"Pear"},{"floor":14,"key":"MawBank"}],"event_choices":[{"damage_healed":0,"gold_gain":75,"player_choice":"Gather Gold","damage_taken":11,"max_hp_gain":0,"max_hp_loss":0,"event_name":"World of Goop","floor":2,"gold_loss":0},{"cards_removed":["Strike_G"],"damage_healed":0,"gold_gain":0,"player_choice":"Card Removal","damage_taken":0,"max_hp_gain":0,"max_hp_loss":0,"event_name":"The Cleric","floor":4,"gold_loss":75}],"is_beta":false,"boss_relics":[],"items_purged_floors":[],"is_endless":false,"potions_floor_spawned":[5,10,13,14],"killed_by":"Slime Boss","ascension_level":18}