{"gold_per_floor":[116,116,134,149,149,174,174,186,234,268,239,239,27,27,27,130,130,144,144,160,177,192,192,202,220,220,220,232,432,432,462,462,462],"floor_reached":33,"playtime":2969,"items_purged":[],"score":332,"play_id":"ad3d8989-b625-4f16-a778-009736c1d3ed","local_time":"20180822224916","is_ascension_mode":true,"campfire_choices":[{"floor":7,"key":"REST"},{"floor":12,"key":"REST"},{"floor":15,"key":"REST"},{"floor":23,"key":"REST"},{"floor":27,"key":"REST"},{"floor":30,"key":"REST"},{"floor":32,"key":"REST"}],"neow_cost":"NONE","seed_source_timestamp":74180308486724,"circlet_count":0,"master_deck":["Defend_G","Defend_G","Defend_G","Defend_G","Defend_G+1","Strike_G","Strike_G","Strike_G","Strike_G","Strike_G","Survivor","Neutralize","Infinite Blades+1","Acrobatics","Well Laid Plans","Unload+1","Acrobatics","Leg Sweep","Noxious Fumes","Accuracy+1","Quick Slash","Blade Dance","Dash","Quick Slash","Catalyst","Accuracy","Dodge and Roll+1"],"relics":["Philosopher\u0027s Stone","The Courier","Centennial Puzzle","Potion Belt","TwistedFunnel","Lizard Tail","Letter Opener","Paper Crane"],"potions_floor_usage":[6,6,16,28,31,33],"damage_taken":[{"damage":9,"enemies":"2 Louse","floor":1,"turns":3},{"damage":0,"enemies":"Small Slimes","floor":3,"turns":3},{"damage":0,"enemies":"Cultist","floor":4,"turns":3},{"damage":40,"enemies":"Gremlin Nob","floor":6,"turns":5},{"damage":15,"enemies":"Large Slime","floor":8,"turns":6},{"damage":16,"enemies":"3 Sentries","floor":10,"turns":8},{"damage":19,"enemies":"The Guardian","floor":16,"turns":10},{"damage":31,"enemies":"3 Byrds","floor":18,"turns":4},{"damage":16,"enemies":"Chosen","floor":20,"turns":5},{"damage":12,"enemies":"Snecko","floor":21,"turns":4},{"damage":56,"enemies":"Shelled Parasite and Fungi","floor":22,"turns":6},{"damage":18,"enemies":"Centurion and Healer","floor":24,"turns":7},{"damage":7,"enemies":"Snecko","floor":25,"turns":5},{"damage":42,"enemies":"3 Cultists","floor":28,"turns":5},{"damage":44,"enemies":"Book of Stabbing","floor":31,"turns":5},{"damage":26,"enemies":"Collector","floor":33,"turns":3}],"seed_played":"-1017582147863354360","potions_obtained":[{"floor":1,"key":"Fire Potion"},{"floor":3,"key":"Weak Potion"},{"floor":10,"key":"LiquidBronze"},{"floor":20,"key":"PowerPotion"},{"floor":25,"key":"Ancient Potion"},{"floor":28,"key":"Swift Potion"}],"is_trial":false,"path_per_floor":["M","?","M","M","?","E","R","M","T","E","?","R","$","?","R","B",null,"M","?","M","M","M","R","M","M","T","R","M","?","R","E","R"],"character_chosen":"THE_SILENT","items_purchased":["TwistedFunnel","Noxious Fumes"],"campfire_rested":7,"item_purchase_floors":[13,13],"current_hp_per_floor":[61,61,61,61,61,21,42,27,27,11,11,32,32,18,39,20,70,39,80,64,52,40,64,46,39,39,63,21,21,45,1,25,0],"gold":462,"neow_bonus":"BOSS_RELIC","is_prod":false,"is_daily":false,"chose_seed":false,"campfire_upgraded":0,"win_rate":0,"timestamp":1534996156,"path_taken":["M","?","M","?","?","E","R","M","T","E","?","R","$","?","R","BOSS","M","?","M","?","M","R","M","M","T","R","M","?","R","E","R","BOSS"],"build_version":"2018-08-16","purchased_purges":0,"victory":false,"max_hp_per_floor":[70,70,70,70,70,70,70,70,70,70,70,70,70,70,70,70,70,70,80,80,80,80,80,80,80,80,80,80,80,80,80,80,80],"card_choices":[{"not_picked":["Dash","Flechettes"],"picked":"Infinite Blades","floor":1},{"not_picked":["Sucker Punch","Dagger Throw"],"picked":"Acrobatics","floor":3},{"not_picked":["Underhanded Strike","Dodge and Roll"],"picked":"Well Laid Plans","floor":4},{"not_picked":["Distraction","Backflip"],"picked":"Unload","floor":6},{"not_picked":["Choke","Expertise"],"picked":"Acrobatics","floor":8},{"not_picked":["Acrobatics","Deflect"],"picked":"Leg Sweep","floor":10},{"not_picked":["Wraith Form v2","Unload"],"picked":"Adrenaline","floor":16},{"not_picked":["Predator","Quick Slash"],"picked":"Accuracy+1","floor":18},{"not_picked":["Predator","Riddle With Holes"],"picked":"Quick Slash","floor":20},{"not_picked":["Terror+1","Expertise"],"picked":"Blade Dance","floor":21},{"not_picked":["Dagger Spray+1","Reflex"],"picked":"Dash","floor":22},{"not_picked":["Backflip","Flechettes"],"picked":"Quick Slash","floor":24},{"not_picked":["Endless Agony","Dagger Throw"],"picked":"Catalyst","floor":25},{"not_picked":["Cloak And Dagger","Doppelganger"],"picked":"Accuracy","floor":28},{"not_picked":["Phantasmal Killer","Bane"],"picked":"Dodge and Roll+1","floor":31}],"player_experience":203702,"relics_obtained":[{"floor":6,"key":"The Courier"},{"floor":9,"key":"Centennial Puzzle"},{"floor":10,"key":"Potion Belt"},{"floor":26,"key":"Letter Opener"},{"floor":31,"key":"Paper Crane"}],"event_choices":[{"event_name":"Golden Wing","player_choice":"Ignored","floor":2,"damage_taken":0},{"event_name":"Living Wall","player_choice":"Grow","floor":5,"damage_taken":0},{"event_name":"World of Goop","player_choice":"Left","floor":11,"damage_taken":0},{"event_name":"Shining Light","player_choice":"Entered Light","floor":14,"damage_taken":0},{"event_name":"Bonfire Elementals","player_choice":"RARE","floor":19,"damage_taken":0},{"event_name":"The Joust","player_choice":"Bet on Owner","floor":29,"damage_taken":0}],"is_beta":false,"boss_relics":[{"not_picked":["Empty Cage","Runic Dome"],"picked":"Lizard Tail"}],"items_purged_floors":[],"is_endless":false,"potions_floor_spawned":[1,3,10,20,25,28],"killed_by":"Collector","ascension_level":4}