{"gold_per_floor":[109,184,184,202,14,14,50,70,118,21,21,44,44,77,77,207,207,226,226,241,255,10,44,44,75,143,58,58,58,78,99,99,228,228,248,269,289,228,2,41,41,41,41,56,56,56,80,80,80,80],"floor_reached":51,"playtime":4154,"items_purged":["Defend_R","Strike_R"],"score":849,"play_id":"13c80cc7-eb75-46f0-90d1-8f019fab4272","local_time":"20180816232528","is_ascension_mode":true,"campfire_choices":[{"floor":6,"key":"REST"},{"floor":11,"key":"REST"},{"data":"Metamorphosis","floor":15,"key":"SMITH"},{"floor":24,"key":"REST"},{"floor":28,"key":"REST"},{"floor":32,"key":"REST"},{"floor":42,"key":"REST"},{"floor":45,"key":"REST"},{"floor":49,"key":"REST"}],"neow_cost":"TEN_PERCENT_HP_LOSS","seed_source_timestamp":947349437353733,"circlet_count":0,"master_deck":["Strike_R","Strike_R","Strike_R","Defend_R","Defend_R","Defend_R","Bash","Perfected Strike","Anger","Metamorphosis+1","Metallicize","Pummel","Pommel Strike","Metallicize","Havoc","Juggernaut","Iron Wave","RitualDagger","Perfected Strike+1","Iron Wave","Metallicize","Rage","Entrench","Armaments+1","Iron Wave","Ghostly Armor+1","Carnage+1","Double Tap+1","True Grit+1","Iron Wave+1","Feel No Pain+1","Pommel Strike","Burning Pact+1","Flame Barrier+1","Burning Pact+1","Warcry+1","Shrug It Off+1","Metallicize+1","Corruption","Barricade","Pommel Strike+1"],"relics":["Burning Blood","StoneCalendar","Golden Idol","Red Skull","Juzu Bracelet","Pear","Sozu","Lee\u0027s Waffle","Gambling Chip","Bird Faced Urn","Toxic Egg 2","Prayer Wheel","Fusion Hammer","Darkstone Periapt","Letter Opener","Dodecahedron"],"potions_floor_usage":[16,16,40],"damage_taken":[{"damage":2,"enemies":"Jaw Worm","floor":1,"turns":3},{"damage":7,"enemies":"Small Slimes","floor":4,"turns":3},{"damage":32,"enemies":"Gremlin Nob","floor":7,"turns":4},{"damage":1,"enemies":"Cultist","floor":8,"turns":3},{"damage":7,"enemies":"Exordium Wildlife","floor":12,"turns":3},{"damage":26,"enemies":"3 Sentries","floor":14,"turns":6},{"damage":17,"enemies":"Slime Boss","floor":16,"turns":7},{"damage":33,"enemies":"Shell Parasite","floor":18,"turns":5},{"damage":22,"enemies":"2 Thieves","floor":20,"turns":3},{"damage":6,"enemies":"3 Cultists","floor":21,"turns":4},{"damage":55,"enemies":"Gremlin Leader","floor":23,"turns":7},{"damage":36,"enemies":"Book of Stabbing","floor":25,"turns":5},{"damage":13,"enemies":"Snake Plant","floor":30,"turns":3},{"damage":17,"enemies":"Shelled Parasite and Fungi","floor":31,"turns":3},{"damage":71,"enemies":"Collector","floor":33,"turns":8},{"damage":0,"enemies":"Orb Walker","floor":35,"turns":3},{"damage":20,"enemies":"Flame Bruiser 1 Orb","floor":36,"turns":4},{"damage":6,"enemies":"Sphere and 2 Shapes","floor":37,"turns":5},{"damage":83,"enemies":"Nemesis","floor":40,"turns":7},{"damage":1,"enemies":"Maw","floor":44,"turns":6},{"damage":29,"enemies":"Flame Bruiser 2 Orb","floor":47,"turns":6},{"damage":38,"enemies":"Time Eater","floor":50,"turns":9}],"seed_played":"-1626112217667157725","potions_obtained":[{"floor":12,"key":"Block Potion"},{"floor":14,"key":"SkillPotion"},{"floor":16,"key":"Fire Potion"}],"is_trial":false,"path_per_floor":["M","?","?","M","$","R","E","M","T","$","R","M","$","E","R","B",null,"M","?","M","M","$","E","R","E","T","?","R","?","M","M","R","B",null,"M","M","M","?","$","E","$","R","T","M","R","?","M","?","R","B"],"character_chosen":"IRONCLAD","items_purchased":["Metamorphosis","Pommel Strike","Lee\u0027s Waffle","Metallicize","Burning Pact+1","Warcry+1"],"campfire_rested":8,"item_purchase_floors":[5,10,22,22,39,39],"current_hp_per_floor":[72,61,43,42,42,63,37,42,42,42,63,62,62,52,52,41,82,59,53,37,37,89,46,72,42,42,42,68,68,61,54,80,23,89,89,75,83,83,83,14,14,40,40,51,77,77,64,64,89,71],"gold":80,"neow_bonus":"ONE_RARE_RELIC","is_prod":false,"is_daily":false,"chose_seed":false,"campfire_upgraded":1,"win_rate":0,"timestamp":1534479928,"path_taken":["M","?","?","M","?","R","E","M","T","$","R","M","$","E","R","BOSS","M","?","M","M","?","E","R","E","T","?","R","?","M","M","R","BOSS","M","M","M","?","$","E","$","R","T","M","R","?","M","?","R","BOSS"],"build_version":"2018-08-16","purchased_purges":2,"victory":true,"max_hp_per_floor":[72,72,72,72,72,72,72,72,72,72,72,72,72,82,82,82,82,82,82,82,82,89,89,89,89,89,89,89,89,89,89,89,89,89,89,89,89,89,89,89,89,89,89,89,89,89,89,89,89,89],"card_choices":[{"not_picked":["Cleave","Havoc"],"picked":"Perfected Strike","floor":1},{"not_picked":["Body Slam","Clash"],"picked":"Anger","floor":4},{"not_picked":["Heavy Blade","Rage"],"picked":"Metallicize","floor":7},{"not_picked":["Sword Boomerang","Burning Pact"],"picked":"Pummel","floor":8},{"not_picked":["Clothesline","Power Through"],"picked":"Metallicize","floor":12},{"not_picked":["Rupture","Wild Strike"],"picked":"Havoc","floor":14},{"not_picked":["Limit Break","Dark Embrace"],"picked":"Juggernaut","floor":16},{"not_picked":["Warcry","Armaments"],"picked":"Iron Wave","floor":18},{"not_picked":["Bloodletting","Wild Strike"],"picked":"Perfected Strike+1","floor":20},{"not_picked":["Armaments","Clash"],"picked":"Iron Wave","floor":21},{"not_picked":["True Grit+1","Sword Boomerang"],"picked":"Rage","floor":23},{"not_picked":["Uppercut+1","Pummel"],"picked":"Entrench","floor":25},{"not_picked":["Clothesline","Twin Strike"],"picked":"Armaments+1","floor":30},{"not_picked":["Fire Breathing","Pommel Strike"],"picked":"Iron Wave","floor":30},{"not_picked":["Clash","Iron Wave"],"picked":"Ghostly Armor+1","floor":31},{"not_picked":["Twin Strike+1","Battle Trance+1"],"picked":"Carnage+1","floor":31},{"not_picked":["Immolate","Bludgeon"],"picked":"Double Tap+1","floor":33},{"not_picked":["Evolve","Flex+1"],"picked":"True Grit+1","floor":35},{"not_picked":["Heavy Blade+1","Disarm+1"],"picked":"Iron Wave+1","floor":35},{"not_picked":["Iron Wave+1","Clothesline"],"picked":"Feel No Pain+1","floor":36},{"not_picked":["Combust","Heavy Blade"],"picked":"Pommel Strike","floor":36},{"not_picked":["Heavy Blade","Intimidate+1"],"picked":"Burning Pact+1","floor":37},{"not_picked":["Clothesline+1","Flex+1"],"picked":"Flame Barrier+1","floor":37},{"not_picked":["Pummel","Body Slam+1"],"picked":"Shrug It Off+1","floor":40},{"not_picked":["Flex+1","Clothesline"],"picked":"Metallicize+1","floor":44},{"not_picked":["Body Slam","Whirlwind+1"],"picked":"Corruption","floor":44},{"not_picked":["Cleave","Rampage+1"],"picked":"Barricade","floor":47},{"not_picked":["Thunderclap+1","Inflame"],"picked":"Pommel Strike+1","floor":47}],"player_experience":96419,"relics_obtained":[{"floor":7,"key":"Red Skull"},{"floor":9,"key":"Juzu Bracelet"},{"floor":14,"key":"Pear"},{"floor":23,"key":"Gambling Chip"},{"floor":25,"key":"Bird Faced Urn"},{"floor":26,"key":"Toxic Egg 2"},{"floor":40,"key":"Letter Opener"},{"floor":43,"key":"Dodecahedron"}],"event_choices":[{"event_name":"World of Goop","player_choice":"Gather Gold","floor":2,"damage_taken":0},{"event_name":"Golden Idol","player_choice":"Take Damage","floor":3,"damage_taken":0},{"event_name":"Nest","player_choice":"Joined the Cult","floor":19,"damage_taken":0},{"event_name":"Addict","player_choice":"Obtained Relic","floor":27,"damage_taken":0},{"event_name":"Beggar","player_choice":"Ignored","floor":29,"damage_taken":0},{"event_name":"WeMeetAgain","player_choice":"Gold","floor":38,"damage_taken":0},{"event_name":"SecretPortal","player_choice":"Rejected Portal.","floor":46,"damage_taken":0},{"event_name":"Falling","player_choice":"Removed Attack","floor":48,"damage_taken":0}],"is_beta":false,"boss_relics":[{"not_picked":["Lizard Tail","Mark of Pain"],"picked":"Sozu"},{"not_picked":["Black Star","Snecko Eye"],"picked":"Fusion Hammer"}],"items_purged_floors":[10,39],"is_endless":false,"potions_floor_spawned":[12,14,16,18,21,25,36,47],"ascension_level":3}