{"gold_per_floor":[16,16,28,28,45,45,59,59,82,232,250,250,269,301,301,301],"floor_reached":16,"playtime":963,"items_purged":[],"score":194,"play_id":"453757e7-1620-4a45-9582-924620756f60","local_time":"20190121095438","is_ascension_mode":true,"campfire_choices":[{"data":"Bash","floor":6,"key":"SMITH"},{"data":"Flame Barrier","floor":8,"key":"SMITH"},{"data":"Uppercut","floor":12,"key":"SMITH"},{"data":"Double Tap","floor":15,"key":"SMITH"}],"neow_cost":"NO_GOLD","seed_source_timestamp":922557429230081,"circlet_count":0,"master_deck":["AscendersBane","Strike_R","Strike_R+1","Strike_R","Defend_R","Defend_R+1","Defend_R","Defend_R","Bash+1","Warcry","Bloodletting","Power Through","True Grit+1","Reckless Charge","Flame Barrier+1","Doubt","Uppercut+1","Double Tap+1"],"relics":["Burning Blood","Blood Vial","Happy Flower"],"potions_floor_usage":[14,14],"damage_taken":[{"damage":4,"enemies":"Small Slimes","floor":1,"turns":5},{"damage":12,"enemies":"2 Louse","floor":3,"turns":4},{"damage":7,"enemies":"Cultist","floor":5,"turns":6},{"damage":1,"enemies":"2 Fungi Beasts","floor":7,"turns":6},{"damage":7,"enemies":"Blue Slaver","floor":11,"turns":4},{"damage":5,"enemies":"Exordium Wildlife","floor":13,"turns":6},{"damage":6,"enemies":"Lagavulin","floor":14,"turns":6},{"damage":54,"enemies":"Slime Boss","floor":16,"turns":9}],"seed_played":"-7103337369725116120","potions_obtained":[{"floor":3,"key":"LiquidBronze"},{"floor":5,"key":"Strength Potion"},{"floor":13,"key":"Swift Potion"}],"is_trial":false,"path_per_floor":["M","?","M","?","M","R","M","R","T","?","M","R","M","E","R","B"],"character_chosen":"IRONCLAD","items_purchased":[],"campfire_rested":0,"item_purchase_floors":[],"current_hp_per_floor":[70,47,41,41,40,40,45,45,45,45,46,46,49,51,51,0],"gold":301,"neow_bonus":"TRANSFORM_TWO_CARDS","is_prod":false,"is_daily":false,"chose_seed":false,"campfire_upgraded":4,"win_rate":0,"timestamp":1548093278,"path_taken":["M","?","M","?","M","R","?","R","T","?","M","R","M","E","R","BOSS"],"build_version":"2019-01-17v2","purchased_purges":0,"victory":false,"max_hp_per_floor":[75,75,75,75,75,75,75,75,75,75,75,75,75,75,75,75],"card_choices":[{"not_picked":["Thunderclap","Clothesline"],"picked":"Power Through","floor":1},{"not_picked":["Clash","Flex"],"picked":"True Grit","floor":3},{"not_picked":["Clash","Anger"],"picked":"Reckless Charge","floor":5},{"not_picked":["Battle Trance","Clothesline"],"picked":"Flame Barrier","floor":7},{"not_picked":["Body Slam","Clothesline"],"picked":"Uppercut","floor":11},{"not_picked":["Headbutt","Brutality","Flex"],"picked":"SKIP","floor":13},{"not_picked":["Battle Trance","Flex"],"picked":"Double Tap","floor":14}],"player_experience":442964,"relics_obtained":[{"floor":9,"key":"Blood Vial"},{"floor":14,"key":"Happy Flower"}],"event_choices":[{"damage_healed":0,"gold_gain":0,"player_choice":"Entered Light","damage_taken":23,"max_hp_gain":0,"max_hp_loss":0,"event_name":"Shining Light","floor":2,"gold_loss":0,"cards_upgraded":["Strike_R","Defend_R"]},{"damage_healed":0,"gold_gain":0,"player_choice":"Upgraded","damage_taken":0,"max_hp_gain":0,"max_hp_loss":0,"event_name":"Upgrade Shrine","floor":4,"gold_loss":0,"cards_upgraded":["True Grit"]},{"damage_healed":0,"gold_gain":150,"player_choice":"AGREE","damage_taken":0,"max_hp_gain":0,"max_hp_loss":0,"event_name":"Liars Game","floor":10,"gold_loss":0,"cards_obtained":["Doubt"]}],"is_beta":false,"boss_relics":[],"items_purged_floors":[],"is_endless":false,"potions_floor_spawned":[3,5,13],"killed_by":"Slime Boss","ascension_level":18}