{"gold_per_floor":[112,112,112,36,36,36,69,142,166,196,196,215,235,248,248,352,352,366,366],"floor_reached":19,"playtime":448,"items_purged":[],"score":304,"play_id":"cdc9b32b-090b-4287-ba37-24667f64c5a6","local_time":"20181102212424","is_ascension_mode":true,"campfire_choices":[{"data":"Consume","floor":6,"key":"SMITH"},{"data":"Dualcast","floor":15,"key":"SMITH"}],"neow_cost":"NONE","seed_source_timestamp":3839510402084,"circlet_count":0,"master_deck":["AscendersBane","Strike_B","Strike_B","Strike_B","Strike_B","Defend_B+1","Defend_B","Defend_B+1","Defend_B","Zap+1","Dualcast+1","Coolheaded","Consume+1","Leap+1","FTL+1","Conserve Battery","Self Repair","Reinforced Body","Creative AI","Capacitor+1"],"relics":["Cracked Core","NeowsBlessing","Juzu Bracelet","Dodecahedron","War Paint","Odd Mushroom","Fusion Hammer"],"potions_floor_usage":[16,16,19],"damage_taken":[{"damage":0,"enemies":"2 Louse","floor":1,"turns":1},{"damage":0,"enemies":"Lagavulin","floor":7,"turns":2},{"damage":0,"enemies":"The Mushroom Lair","floor":10,"turns":1},{"damage":0,"enemies":"Jaw Worm","floor":12,"turns":3},{"damage":0,"enemies":"Cultist","floor":13,"turns":3},{"damage":19,"enemies":"3 Louse","floor":14,"turns":4},{"damage":43,"enemies":"The Guardian","floor":16,"turns":16},{"damage":26,"enemies":"Chosen","floor":18,"turns":6},{"damage":56,"enemies":"3 Byrds","floor":19,"turns":4}],"seed_played":"6634289073622968364","potions_obtained":[{"floor":7,"key":"LiquidBronze"},{"floor":12,"key":"PowerPotion"},{"floor":13,"key":"SkillPotion"},{"floor":16,"key":"SteroidPotion"},{"floor":18,"key":"SkillPotion"}],"is_trial":false,"path_per_floor":["M","?","?","$","?","R","E","T","T","?","?","M","M","M","R","B",null,"M","M"],"character_chosen":"DEFECT","items_purchased":["Consume"],"campfire_rested":0,"item_purchase_floors":[4],"current_hp_per_floor":[68,68,68,68,73,73,73,73,73,73,57,57,57,45,45,9,62,43,0],"gold":366,"neow_bonus":"THREE_ENEMY_KILL","is_prod":false,"is_daily":false,"chose_seed":false,"campfire_upgraded":2,"win_rate":0,"timestamp":1541193864,"path_taken":["M","?","?","$","?","R","E","?","T","?","?","M","M","M","R","BOSS","M","M"],"build_version":"2018-11-01","purchased_purges":0,"victory":false,"max_hp_per_floor":[75,75,75,75,80,80,80,80,80,80,80,80,80,80,80,80,80,80,80],"card_choices":[{"not_picked":["Redo","Barrage"],"picked":"Coolheaded","floor":1},{"not_picked":["Blizzard","Stack"],"picked":"Leap","floor":7},{"not_picked":["Rebound","Conserve Battery"],"picked":"FTL","floor":10},{"not_picked":["Fusion","Go for the Eyes"],"picked":"Conserve Battery","floor":12},{"not_picked":["Beam Cell","Compile Driver"],"picked":"Self Repair","floor":13},{"not_picked":["Stack","Conserve Battery"],"picked":"Reinforced Body","floor":14},{"not_picked":["Reboot","Biased Cognition"],"picked":"Creative AI","floor":16},{"not_picked":["Tempest","Storm"],"picked":"Capacitor+1","floor":18}],"player_experience":99866,"relics_obtained":[{"floor":7,"key":"Juzu Bracelet"},{"floor":8,"key":"Dodecahedron"},{"floor":9,"key":"War Paint"},{"floor":10,"key":"Odd Mushroom"}],"event_choices":[{"damage_healed":0,"gold_gain":0,"player_choice":"Ignored","damage_taken":0,"max_hp_gain":0,"max_hp_loss":0,"event_name":"Liars Game","floor":2,"gold_loss":0},{"damage_healed":0,"gold_gain":0,"player_choice":"Grow","damage_taken":0,"max_hp_gain":0,"max_hp_loss":0,"event_name":"Living Wall","floor":3,"gold_loss":0,"cards_upgraded":["Zap"]},{"damage_healed":0,"gold_gain":0,"player_choice":"Donut","damage_taken":0,"max_hp_gain":5,"max_hp_loss":0,"event_name":"Big Fish","floor":5,"gold_loss":0},{"damage_healed":0,"gold_gain":0,"player_choice":"Fought Mushrooms","damage_taken":0,"max_hp_gain":0,"max_hp_loss":0,"event_name":"Mushrooms","floor":10,"gold_loss":0},{"damage_healed":0,"gold_gain":0,"player_choice":"Entered Light","damage_taken":16,"max_hp_gain":0,"max_hp_loss":0,"event_name":"Shining Light","floor":11,"gold_loss":0,"cards_upgraded":["FTL","Defend_B"]}],"is_beta":false,"boss_relics":[{"not_picked":["Orrery","Runic Dome"],"picked":"Fusion Hammer"}],"items_purged_floors":[],"is_endless":false,"potions_floor_spawned":[7,12,13,16,18],"killed_by":"3 Byrds","ascension_level":12}