{"gold_per_floor":[113,125,141,153,164,164,189,208,208,227,237,237,269,279,279,382,382,399,410,410,142,142,142,156,156,156,189,205,52,52,69,69,166,166,180,193,193,193,95,95,111,111,111,111,136,86,133,151,151,151],"floor_reached":50,"playtime":6100,"items_purged":["Defend_R","Defend_R"],"score":780,"play_id":"df2eb70f-ebd8-43b6-84bd-8c77d7b60a67","local_time":"20190109011315","is_ascension_mode":true,"campfire_choices":[{"data":"Armaments","floor":6,"key":"SMITH"},{"data":"Body Slam","floor":12,"key":"SMITH"},{"data":"Warcry","floor":15,"key":"SMITH"},{"data":"Limit Break","floor":23,"key":"SMITH"},{"data":"Warcry","floor":25,"key":"SMITH"},{"data":"Evolve","floor":32,"key":"SMITH"},{"data":"Double Tap","floor":40,"key":"SMITH"},{"data":"Inflame","floor":42,"key":"SMITH"},{"data":"Metallicize","floor":44,"key":"SMITH"},{"floor":49,"key":"RECALL"}],"neow_cost":"NONE","seed_source_timestamp":3744490562455936,"circlet_count":0,"master_deck":["Defend_R","Bash","Feel No Pain","Iron Wave","Flame Barrier","Armaments+1","Warcry+1","Battle Trance","Metallicize+1","Inflame+1","Flame Barrier","Body Slam+1","Warcry+1","Limit Break+1","Bite","Bite","Bite+1","Bite","Bite","Evolve+1","Thunderclap","Power Through+1","Headbutt+1","Double Tap+1","Heavy Blade+1","Madness","Madness","Headbutt"],"relics":["Black Blood","Bottled Tornado","Ginger","Happy Flower","Busted Crown","Brimstone","Matryoshka","Gambling Chip","PreservedInsect","Bird Faced Urn","Whetstone","Smiling Mask","Meat on the Bone","Strawberry","Shovel"],"potions_floor_usage":[13,16,19,33,41,50],"damage_taken":[{"damage":5,"enemies":"2 Louse","floor":1,"turns":3},{"damage":1,"enemies":"Cultist","floor":2,"turns":4},{"damage":8,"enemies":"Jaw Worm","floor":3,"turns":6},{"damage":20,"enemies":"Lots of Slimes","floor":4,"turns":6},{"damage":0,"enemies":"Blue Slaver","floor":5,"turns":7},{"damage":21,"enemies":"3 Sentries","floor":7,"turns":15},{"damage":13,"enemies":"Large Slime","floor":8,"turns":10},{"damage":0,"enemies":"2 Fungi Beasts","floor":10,"turns":6},{"damage":3,"enemies":"Looter","floor":11,"turns":4},{"damage":4,"enemies":"Lagavulin","floor":13,"turns":7},{"damage":4,"enemies":"Blue Slaver","floor":14,"turns":4},{"damage":13,"enemies":"Hexaghost","floor":16,"turns":8},{"damage":0,"enemies":"3 Byrds","floor":18,"turns":2},{"damage":27,"enemies":"Chosen","floor":19,"turns":7},{"damage":19,"enemies":"Snecko","floor":24,"turns":4},{"damage":22,"enemies":"Book of Stabbing","floor":27,"turns":4},{"damage":19,"enemies":"3 Cultists","floor":28,"turns":4},{"damage":2,"enemies":"Snake Plant","floor":31,"turns":3},{"damage":0,"enemies":"Champ","floor":33,"turns":5},{"damage":6,"enemies":"3 Shapes","floor":35,"turns":4},{"damage":50,"enemies":"3 Darklings","floor":36,"turns":4},{"damage":0,"enemies":"Spire Growth","floor":41,"turns":2},{"damage":36,"enemies":"Reptomancer","floor":45,"turns":4},{"damage":29,"enemies":"2 Orb Walkers","floor":47,"turns":3},{"damage":36,"enemies":"Jaw Worm Horde","floor":48,"turns":3},{"damage":91,"enemies":"Time Eater","floor":50,"turns":4}],"seed_played":"-7856934048455529471","potions_obtained":[{"floor":2,"key":"Energy Potion"},{"floor":4,"key":"SneckoOil"},{"floor":8,"key":"PowerPotion"},{"floor":11,"key":"FairyPotion"},{"floor":13,"key":"Dexterity Potion"},{"floor":14,"key":"BloodPotion"},{"floor":16,"key":"Strength Potion"},{"floor":28,"key":"Energy Potion"},{"floor":33,"key":"Fire Potion"},{"floor":35,"key":"Poison Potion"},{"floor":36,"key":"BloodPotion"},{"floor":45,"key":"SpeedPotion"}],"is_trial":false,"path_per_floor":["M","M","M","M","M","R","E","M","T","M","M","R","E","M","R","B",null,"M","M","?","$","?","R","M","R","T","E","M","$","?","M","R","B",null,"M","M","?","T","$","R","M","R","T","R","E","$","?","M","R","B"],"character_chosen":"IRONCLAD","items_purchased":["Brimstone","Evolve","PreservedInsect","Headbutt"],"campfire_rested":0,"item_purchase_floors":[21,21,29,39],"current_hp_per_floor":[73,78,76,62,68,68,53,46,46,52,55,55,57,59,59,52,73,79,66,56,56,56,56,48,48,48,40,36,36,36,56,56,56,56,56,24,17,17,17,17,38,38,38,38,43,43,44,44,44,0],"gold":151,"neow_bonus":"THREE_CARDS","is_prod":false,"is_daily":false,"chose_seed":false,"campfire_upgraded":9,"win_rate":0,"timestamp":1547025195,"path_taken":["M","M","M","M","M","R","E","M","T","M","M","R","E","M","R","BOSS","M","M","?","$","?","R","M","R","T","E","?","$","?","M","R","BOSS","M","M","?","?","$","R","?","R","T","R","E","?","?","M","R","BOSS"],"build_version":"2019-01-03v4","purchased_purges":2,"victory":false,"max_hp_per_floor":[80,80,80,80,80,80,80,80,80,80,80,80,80,80,80,80,80,80,80,56,56,56,56,56,56,56,56,56,56,56,56,56,56,56,56,56,56,56,56,56,56,56,56,56,63,63,63,63,63,63],"card_choices":[{"not_picked":["Reckless Charge","Clothesline"],"picked":"Feel No Pain","floor":0},{"not_picked":["Rage","Rupture"],"picked":"Iron Wave","floor":1},{"not_picked":["Whirlwind","Second Wind"],"picked":"Flame Barrier","floor":2},{"not_picked":["Heavy Blade","Perfected Strike"],"picked":"Armaments","floor":3},{"not_picked":["Rampage","Fire Breathing"],"picked":"Warcry","floor":4},{"not_picked":["Anger","Cleave"],"picked":"Battle Trance","floor":5},{"not_picked":["Sever Soul","Hemokinesis"],"picked":"Metallicize","floor":7},{"not_picked":["Battle Trance","Armaments"],"picked":"Inflame","floor":8},{"not_picked":["Bludgeon","Power Through"],"picked":"Flame Barrier","floor":10},{"not_picked":["Heavy Blade","Intimidate"],"picked":"Body Slam","floor":11},{"not_picked":["Heavy Blade","Spot Weakness"],"picked":"Warcry","floor":13},{"not_picked":["Clash","Wild Strike","Flex"],"picked":"SKIP","floor":14},{"not_picked":["Bludgeon","Reaper"],"picked":"Limit Break","floor":16},{"not_picked":["Dropkick"],"picked":"SKIP","floor":18},{"not_picked":["Dropkick"],"picked":"SKIP","floor":19},{"not_picked":[],"picked":"Thunderclap","floor":24},{"not_picked":[],"picked":"Power Through+1","floor":27},{"not_picked":["Burning Pact+1"],"picked":"SKIP","floor":28},{"not_picked":[],"picked":"Headbutt","floor":31},{"not_picked":[],"picked":"Double Tap","floor":33},{"not_picked":["True Grit+1"],"picked":"SKIP","floor":35},{"not_picked":[],"picked":"Heavy Blade+1","floor":36},{"not_picked":["Pommel Strike"],"picked":"SKIP","floor":41},{"not_picked":["Clash+1"],"picked":"SKIP","floor":45},{"not_picked":["Body Slam"],"picked":"SKIP","floor":48}],"player_experience":242272,"relics_obtained":[{"floor":7,"key":"Bottled Tornado"},{"floor":9,"key":"Ginger"},{"floor":13,"key":"Happy Flower"},{"floor":26,"key":"Matryoshka"},{"floor":27,"key":"Gambling Chip"},{"floor":38,"key":"Whetstone"},{"floor":43,"key":"Smiling Mask"},{"floor":43,"key":"Meat on the Bone"},{"floor":45,"key":"Strawberry"},{"floor":47,"key":"Shovel"}],"event_choices":[{"damage_healed":0,"gold_gain":0,"player_choice":"Became a vampire","damage_taken":0,"max_hp_gain":0,"max_hp_loss":24,"event_name":"Vampires","floor":20,"gold_loss":0,"cards_obtained":["Bite","Bite","Bite","Bite","Bite"]},{"cards_removed":["Defend_R"],"damage_healed":0,"gold_gain":0,"player_choice":"Purged","damage_taken":0,"max_hp_gain":0,"max_hp_loss":0,"event_name":"Purifier","floor":22,"gold_loss":0},{"damage_healed":0,"gold_gain":0,"player_choice":"Gave Potion","damage_taken":0,"relics_obtained":["Bird Faced Urn"],"max_hp_gain":0,"max_hp_loss":0,"event_name":"WeMeetAgain","floor":30,"gold_loss":0},{"damage_healed":0,"gold_gain":0,"player_choice":"Embrace Madness","damage_taken":7,"max_hp_gain":0,"max_hp_loss":0,"event_name":"Winding Halls","floor":37,"gold_loss":0,"cards_obtained":["Madness","Madness"]},{"damage_healed":0,"gold_gain":0,"player_choice":"Fight","damage_taken":0,"max_hp_gain":0,"max_hp_loss":0,"event_name":"Mysterious Sphere","floor":47,"gold_loss":0}],"is_beta":false,"boss_relics":[{"not_picked":["Empty Cage","Fusion Hammer"],"picked":"Busted Crown"},{"not_picked":["Orrery","Pandora\u0027s Box"],"picked":"Black Blood"}],"items_purged_floors":[39,46],"is_endless":false,"potions_floor_spawned":[2,4,8,11,13,14,16,18,28,33,35,36,45],"killed_by":"Time Eater","ascension_level":6}