{"gold_per_floor":[111,125,144,157,157,200,216,17,17,36,36,76,76,89,89,220,220,240,240,264,285,303,303,341,341,341,359,374,398,6,30,30,153,153,177,97,116,16,30,30,30,53,53,71,71,71,92,92,92,92],"floor_reached":50,"playtime":4435,"items_purged":["Strike_B","FTL+1","Defend_B"],"score":507,"play_id":"7dcabfcc-2f65-42ad-9900-1504fead4aab","local_time":"20190129014619","is_ascension_mode":false,"campfire_choices":[{"floor":11,"key":"REST"},{"floor":13,"key":"REST"},{"data":"Dualcast","floor":15,"key":"SMITH"},{"floor":23,"key":"REST"},{"data":"Hologram","floor":25,"key":"SMITH"},{"floor":32,"key":"REST"},{"floor":40,"key":"REST"},{"floor":46,"key":"REST"},{"floor":49,"key":"REST"}],"neow_cost":"NONE","seed_source_timestamp":24201214687970,"circlet_count":0,"master_deck":["Strike_B","Strike_B","Strike_B","Defend_B","Defend_B","Defend_B","Zap+1","Dualcast+1","Stack","Hologram+1","Cold Snap","Compile Driver","Conserve Battery","Gash","Go for the Eyes","Sweeping Beam","Gash","Beam Cell+1","Leap+1","Rebound","Stack","Steam+1","Go for the Eyes+1","Hologram+1","Go for the Eyes+1","Streamline+1","Stack+1","Streamline+1","Hologram+1"],"relics":["Cracked Core","NeowsBlessing","Golden Idol","DataDisk","Blood Vial","Anchor","Vajra","Black Star","Mummified Hand","The Courier","Bag of Marbles","Molten Egg 2","Lantern","White Beast Statue","Dream Catcher"],"potions_floor_usage":[4,10,12,29,29,31,33,37,39,39,47,50,50],"damage_taken":[{"damage":0,"enemies":"Jaw Worm","floor":1,"turns":1},{"damage":0,"enemies":"Cultist","floor":2,"turns":1},{"damage":0,"enemies":"2 Louse","floor":3,"turns":1},{"damage":12,"enemies":"Exordium Thugs","floor":4,"turns":4},{"damage":28,"enemies":"3 Sentries","floor":6,"turns":9},{"damage":1,"enemies":"Blue Slaver","floor":7,"turns":3},{"damage":0,"enemies":"Exordium Wildlife","floor":10,"turns":3},{"damage":0,"enemies":"Lagavulin","floor":12,"turns":7},{"damage":7,"enemies":"Exordium Thugs","floor":14,"turns":3},{"damage":19,"enemies":"The Guardian","floor":16,"turns":11},{"damage":10,"enemies":"2 Thieves","floor":18,"turns":3},{"damage":16,"enemies":"Shell Parasite","floor":20,"turns":6},{"damage":3,"enemies":"Centurion and Healer","floor":21,"turns":8},{"damage":2,"enemies":"Cultist and Chosen","floor":22,"turns":5},{"damage":26,"enemies":"Book of Stabbing","floor":24,"turns":7},{"damage":17,"enemies":"Snecko","floor":27,"turns":6},{"damage":0,"enemies":"Centurion and Healer","floor":28,"turns":5},{"damage":7,"enemies":"3 Cultists","floor":29,"turns":5},{"damage":13,"enemies":"Cultist and Chosen","floor":31,"turns":6},{"damage":60,"enemies":"Champ","floor":33,"turns":14},{"damage":0,"enemies":"Orb Walker","floor":35,"turns":3},{"damage":40,"enemies":"3 Darklings","floor":37,"turns":8},{"damage":17,"enemies":"Transient","floor":39,"turns":5},{"damage":6,"enemies":"Sphere and 2 Shapes","floor":42,"turns":6},{"damage":15,"enemies":"Jaw Worm Horde","floor":44,"turns":4},{"damage":29,"enemies":"Spire Growth","floor":47,"turns":5},{"damage":55,"enemies":"Time Eater","floor":50,"turns":8}],"seed_played":"-6203680287899296659","potions_obtained":[{"floor":3,"key":"Fire Potion"},{"floor":4,"key":"Poison Potion"},{"floor":7,"key":"PowerPotion"},{"floor":12,"key":"Regen Potion"},{"floor":20,"key":"Strength Potion"},{"floor":27,"key":"Regen Potion"},{"floor":29,"key":"Block Potion"},{"floor":31,"key":"SteroidPotion"},{"floor":33,"key":"Dexterity Potion"},{"floor":35,"key":"Explosive Potion"},{"floor":37,"key":"Explosive Potion"},{"floor":39,"key":"FearPotion"},{"floor":42,"key":"PowerPotion"},{"floor":44,"key":"GamblersBrew"},{"floor":47,"key":"Block Potion"}],"is_trial":false,"path_per_floor":["M","M","M","M","?","E","M","$","T","M","R","E","R","M","R","B",null,"M","?","M","M","M","R","E","R","T","M","M","M","$","M","R","B",null,"M","$","M","$","M","R","?","M","T","M","$","R","M","?","R","B"],"character_chosen":"DEFECT","items_purchased":["Gash","Blood Vial","Molten Egg 2","Lantern"],"campfire_rested":7,"item_purchase_floors":[8,8,30,30],"current_hp_per_floor":[75,75,75,63,45,17,16,16,16,18,40,42,64,59,59,42,75,65,65,51,50,50,72,48,48,48,33,35,44,44,48,70,12,75,75,75,35,35,20,42,42,38,38,25,25,47,20,20,41,0],"gold":92,"neow_bonus":"THREE_ENEMY_KILL","is_prod":false,"is_daily":false,"chose_seed":false,"campfire_upgraded":2,"win_rate":0,"timestamp":1548755179,"path_taken":["M","M","M","M","?","E","M","$","T","M","R","E","R","M","R","BOSS","M","?","M","?","M","R","E","R","T","M","M","M","$","M","R","BOSS","M","$","M","$","M","R","?","M","T","M","?","R","M","?","R","BOSS"],"build_version":"2019-01-23","purchased_purges":3,"victory":false,"max_hp_per_floor":[75,75,75,75,75,75,75,75,75,75,75,75,75,75,75,75,75,75,75,75,75,75,75,75,75,75,75,75,75,75,75,75,75,75,75,75,75,75,75,75,75,75,75,75,75,75,75,71,71,71],"card_choices":[{"not_picked":["Glacier","Aggregate"],"picked":"Stack","floor":1},{"not_picked":["FTL","BootSequence"],"picked":"Hologram","floor":2},{"not_picked":["Turbo","Compile Driver"],"picked":"Cold Snap","floor":3},{"not_picked":["Turbo","Cold Snap"],"picked":"Compile Driver","floor":4},{"not_picked":["Scrape","Steam"],"picked":"Conserve Battery","floor":6},{"not_picked":["Tempest","Biased Cognition","Loop"],"picked":"SKIP","floor":7},{"not_picked":["Steam","Ball Lightning"],"picked":"Go for the Eyes","floor":10},{"not_picked":["Rebound","Thunder Strike"],"picked":"Sweeping Beam","floor":12},{"not_picked":["Ball Lightning","Coolheaded"],"picked":"Gash","floor":14},{"not_picked":["White Noise","Compile Driver"],"picked":"Beam Cell","floor":18},{"not_picked":["FTL","Ball Lightning"],"picked":"Leap+1","floor":20},{"not_picked":["Redo+1","Fission"],"picked":"Rebound","floor":21},{"not_picked":["Sweeping Beam","Storm+1"],"picked":"Stack","floor":22},{"not_picked":["Genetic Algorithm","Thunder Strike","Tempest+1"],"picked":"SKIP","floor":24},{"not_picked":["Hologram","Rip and Tear+1"],"picked":"Steam+1","floor":27},{"not_picked":["Sweeping Beam","Steam Power","Steam"],"picked":"SKIP","floor":28},{"not_picked":["Loop","Storm+1","Steam Power+1"],"picked":"SKIP","floor":29},{"not_picked":["Rebound+1","Chill"],"picked":"Go for the Eyes+1","floor":31},{"not_picked":["Stack","Recycle"],"picked":"FTL+1","floor":35},{"not_picked":["Chaos+1","Rip and Tear+1"],"picked":"Hologram+1","floor":37},{"not_picked":["Sunder+1","Force Field"],"picked":"Go for the Eyes+1","floor":39},{"not_picked":["Consume","Stack+1"],"picked":"Streamline+1","floor":42},{"not_picked":["Scrape+1","Steam"],"picked":"Stack+1","floor":44},{"not_picked":["Beam Cell+1","Rebound+1"],"picked":"Streamline+1","floor":46},{"not_picked":["Blizzard+1","Stack","Sweeping Beam+1"],"picked":"SKIP","floor":47},{"not_picked":["Barrage+1","Go for the Eyes+1"],"picked":"Hologram+1","floor":49}],"player_experience":354188,"relics_obtained":[{"floor":6,"key":"DataDisk"},{"floor":9,"key":"Anchor"},{"floor":12,"key":"Vajra"},{"floor":24,"key":"Mummified Hand"},{"floor":24,"key":"The Courier"},{"floor":26,"key":"Bag of Marbles"},{"floor":43,"key":"Dream Catcher"}],"event_choices":[{"damage_healed":0,"gold_gain":0,"player_choice":"Take Damage","damage_taken":18,"relics_obtained":["Golden Idol"],"max_hp_gain":0,"max_hp_loss":0,"event_name":"Golden Idol","floor":5,"gold_loss":0},{"damage_healed":0,"gold_gain":0,"player_choice":"Upgraded","damage_taken":0,"max_hp_gain":0,"max_hp_loss":0,"event_name":"Upgrade Shrine","floor":19,"gold_loss":0,"cards_upgraded":["Beam Cell"]},{"damage_healed":0,"gold_gain":0,"player_choice":"Forge","damage_taken":0,"max_hp_gain":0,"max_hp_loss":0,"event_name":"Accursed Blacksmith","floor":41,"gold_loss":0,"cards_upgraded":["Zap"]},{"damage_healed":0,"gold_gain":0,"player_choice":"Max HP","damage_taken":0,"max_hp_gain":0,"max_hp_loss":4,"event_name":"Winding Halls","floor":48,"gold_loss":0}],"is_beta":false,"boss_relics":[{"not_picked":["Runic Pyramid","Ectoplasm"],"picked":"Black Star"},{"not_picked":["Velvet Choker","Calling Bell"],"picked":"White Beast Statue"}],"items_purged_floors":[30,36,38],"is_endless":false,"potions_floor_spawned":[3,4,7,12,20,27,29,31,33,35,37,39,42,44,47],"killed_by":"Time Eater","ascension_level":0}