{"gold_per_floor":[119,44,60,70,88,88,118,118,118,118,138,152,152,152,152,247,247,263,538,538,6,0,33,33,49,49,49,49,63,91,91,91,91],"floor_reached":33,"playtime":1894,"items_purged":["Doubt","Regret"],"score":325,"play_id":"4c4358ac-10a1-4f83-a279-25916f8c5b66","local_time":"20180826153108","is_ascension_mode":true,"campfire_choices":[{"data":"Storm","floor":6,"key":"SMITH"},{"floor":8,"key":"REST"},{"data":"Cold Snap","floor":10,"key":"SMITH"},{"floor":13,"key":"REST"},{"data":"Static Discharge","floor":15,"key":"SMITH"},{"data":"Creative AI","floor":24,"key":"SMITH"},{"data":"Self Repair","floor":28,"key":"SMITH"},{"data":"Defragment","floor":32,"key":"SMITH"}],"neow_cost":"CURSE","seed_source_timestamp":394561940576736,"circlet_count":0,"master_deck":["Strike_B","Strike_B","Strike_B","Strike_B","Defend_B+1","Defend_B","Defend_B+1","Defend_B","Zap","Dualcast","Auto Shields","Storm+1","Static Discharge+1","Cold Snap+1","Chill","Ball Lightning","Electrodynamics","Self Repair+1","Mayhem","Coolheaded","Creative AI+1","Defragment+1","Hologram+1","Injury"],"relics":["Cracked Core","War Paint","Bottled Flame","Cursed Key","Chemical X","Ginger","Mercury Hourglass","Meat on the Bone","Potion Belt"],"potions_floor_usage":[5,16,23,23,30,33],"damage_taken":[{"damage":11,"enemies":"2 Louse","floor":1,"turns":3},{"damage":1,"enemies":"Jaw Worm","floor":3,"turns":3},{"damage":0,"enemies":"Small Slimes","floor":4,"turns":4},{"damage":17,"enemies":"Exordium Thugs","floor":5,"turns":4},{"damage":21,"enemies":"Lagavulin","floor":7,"turns":6},{"damage":11,"enemies":"Lots of Slimes","floor":11,"turns":5},{"damage":21,"enemies":"Large Slime","floor":12,"turns":4},{"damage":39,"enemies":"Hexaghost","floor":16,"turns":9},{"damage":0,"enemies":"Spheric Guardian","floor":18,"turns":3},{"damage":5,"enemies":"Gremlin Leader","floor":23,"turns":5},{"damage":16,"enemies":"Shell Parasite","floor":25,"turns":4},{"damage":1,"enemies":"3 Cultists","floor":29,"turns":3},{"damage":23,"enemies":"Book of Stabbing","floor":30,"turns":4},{"damage":76,"enemies":"Automaton","floor":33,"turns":6}],"seed_played":"-7688554843915030094","potions_obtained":[{"floor":1,"key":"FocusPotion"},{"floor":4,"key":"AttackPotion"},{"floor":12,"key":"Explosive Potion"},{"floor":16,"key":"Poison Potion"},{"floor":18,"key":"FearPotion"},{"floor":20,"key":"Dexterity Potion"},{"floor":20,"key":"AttackPotion"},{"floor":25,"key":"SkillPotion"},{"floor":30,"key":"SmokeBomb"}],"is_trial":false,"path_per_floor":["M","$","M","M","M","R","E","R","T","R","M","M","R","?","R","B",null,"M","?","?","$","?","E","R","M","T","?","R","M","E","T","R"],"character_chosen":"DEFECT","items_purchased":["Mayhem","Chemical X","Coolheaded"],"campfire_rested":2,"item_purchase_floors":[21,21,21],"current_hp_per_floor":[78,78,77,77,60,60,39,65,65,65,54,33,59,88,88,49,89,89,89,89,89,89,89,89,80,80,80,80,79,66,66,66,0],"gold":91,"neow_bonus":"TWENTY_PERCENT_HP_BONUS","is_prod":false,"is_daily":false,"chose_seed":false,"campfire_upgraded":6,"win_rate":0,"timestamp":1535315468,"path_taken":["M","$","M","M","M","R","E","R","T","R","M","M","R","?","R","BOSS","M","?","?","$","?","E","R","?","T","?","R","M","E","?","R","BOSS"],"build_version":"2018-08-23v2","purchased_purges":2,"victory":false,"max_hp_per_floor":[89,89,89,89,89,89,89,89,89,89,89,89,89,89,89,89,89,89,89,89,89,89,89,89,89,89,89,89,89,89,89,89,89],"card_choices":[{"not_picked":["Go for the Eyes","Turbo"],"picked":"Auto Shields","floor":1},{"not_picked":["Rebound","Defragment"],"picked":"Storm","floor":3},{"not_picked":["Turbo","Beam Cell"],"picked":"Static Discharge","floor":4},{"not_picked":["Gash","Hologram"],"picked":"Cold Snap","floor":5},{"not_picked":["BootSequence","Fission"],"picked":"Chill","floor":7},{"not_picked":["Hologram","Steam"],"picked":"Ball Lightning","floor":11},{"not_picked":["Melter","Reprogram","Compile Driver"],"picked":"SKIP","floor":12},{"not_picked":["Amplify","Reboot"],"picked":"Electrodynamics","floor":16},{"not_picked":["Lockon","Chill"],"picked":"Self Repair","floor":18},{"not_picked":["Leap+1","Blizzard+1"],"picked":"Creative AI","floor":23},{"not_picked":["Steam+1","Gash","Leap+1"],"picked":"SKIP","floor":25},{"not_picked":["Turbo","Sunder"],"picked":"Defragment","floor":29},{"not_picked":["Reboot","Stack+1"],"picked":"Hologram+1","floor":30}],"player_experience":228882,"relics_obtained":[{"floor":7,"key":"War Paint"},{"floor":9,"key":"Bottled Flame"},{"floor":23,"key":"Ginger"},{"floor":26,"key":"Mercury Hourglass"},{"floor":30,"key":"Meat on the Bone"},{"floor":31,"key":"Potion Belt"}],"event_choices":[{"event_name":"Big Fish","player_choice":"Banana","floor":14,"damage_taken":0},{"event_name":"Golden Shrine","player_choice":"Desecrate","floor":19,"damage_taken":0},{"event_name":"The Lab","player_choice":"Got Potions","floor":20,"damage_taken":0},{"event_name":"Masked Bandits","player_choice":"Paid Fearfully","floor":22,"damage_taken":0},{"event_name":"Back to Basics","player_choice":"Elegance","floor":27,"damage_taken":0}],"is_beta":false,"boss_relics":[{"not_picked":["Velvet Choker","FrozenCore"],"picked":"Cursed Key"}],"items_purged_floors":[2,21],"is_endless":false,"potions_floor_spawned":[1,4,12,16,18,25,30],"killed_by":"Automaton","ascension_level":3}