{"gold_per_floor":[119,137,150,150,162,162,195,213,213,243,16,16,16,16,16,118,118,138,153,169,188,188,188,200,200,200,200,219,219,235,13,13,109,109,123,141,141,151,167,200,200,200,225,258,335,40,40,59,59,59],"floor_reached":51,"playtime":2029,"items_purged":["Defend_R","Havoc","Defend_R"],"score":933,"play_id":"398b0ea7-1b45-4578-bd01-2a129c608914","local_time":"20190204040957","is_ascension_mode":true,"campfire_choices":[{"data":"Perfected Strike","floor":6.0,"key":"SMITH"},{"data":"Perfected Strike","floor":13.0,"key":"SMITH"},{"floor":15.0,"key":"REST"},{"data":"Perfected Strike","floor":23.0,"key":"SMITH"},{"data":"Perfected Strike","floor":25.0,"key":"SMITH"},{"data":"Perfected Strike","floor":27.0,"key":"SMITH"},{"data":"Seeing Red","floor":32.0,"key":"SMITH"},{"data":"Pommel Strike","floor":41,"key":"SMITH"},{"data":"Shockwave","floor":47,"key":"SMITH"},{"floor":49,"key":"REST"}],"neow_cost":"NONE","seed_source_timestamp":0,"circlet_count":0,"master_deck":["Strike_R","Strike_R","Strike_R","Strike_R","Strike_R+1","Defend_R+1","Bash","Perfected Strike+1","Perfected Strike+1","Pommel Strike","Perfected Strike+1","Headbutt","Feed","Twin Strike","Wild Strike","Shockwave+1","Perfected Strike+1","Headbutt","Seeing Red+1","Perfected Strike+1","Pommel Strike+1","Battle Trance","Wild Strike+1","Warcry+1","Pommel Strike"],"special_seed":0,"relics":["Burning Blood","NeowsBlessing","Sundial","Red Skull","Potion Belt","Orrery","FossilizedHelix","Du-Vu Doll","Singing Bowl","Busted Crown","Pear","Anchor","Darkstone Periapt","Frozen Egg 2"],"potions_floor_usage":[40,50,50,50,50],"damage_taken":[{"damage":0.0,"enemies":"Jaw Worm","floor":1.0,"turns":1.0},{"damage":0.0,"enemies":"2 Louse","floor":2.0,"turns":1.0},{"damage":0.0,"enemies":"Cultist","floor":3.0,"turns":1.0},{"damage":15.0,"enemies":"Large Slime","floor":5.0,"turns":6.0},{"damage":35.0,"enemies":"3 Sentries","floor":7.0,"turns":5.0},{"damage":12.0,"enemies":"Exordium Thugs","floor":8.0,"turns":5.0},{"damage":8.0,"enemies":"Gremlin Nob","floor":10.0,"turns":3.0},{"damage":49.0,"enemies":"Hexaghost","floor":16.0,"turns":6.0},{"damage":17.0,"enemies":"Shell Parasite","floor":18.0,"turns":3.0},{"damage":4.0,"enemies":"Chosen","floor":19.0,"turns":3.0},{"damage":8.0,"enemies":"Centurion and Healer","floor":20.0,"turns":4.0},{"damage":24.0,"enemies":"Snake Plant","floor":21.0,"turns":2.0},{"damage":22.0,"enemies":"Shelled Parasite and Fungi","floor":24.0,"turns":4.0},{"damage":0.0,"enemies":"Sentry and Sphere","floor":28.0,"turns":3.0},{"damage":15.0,"enemies":"Chosen and Byrds","floor":30.0,"turns":4.0},{"damage":52.0,"enemies":"Champ","floor":33.0,"turns":6.0},{"damage":23.0,"enemies":"3 Darklings","floor":35.0,"turns":4.0},{"damage":0.0,"enemies":"3 Shapes","floor":36.0,"turns":3.0},{"damage":10.0,"enemies":"3 Darklings","floor":38.0,"turns":2.0},{"damage":0.0,"enemies":"Transient","floor":39.0,"turns":5.0},{"damage":17,"enemies":"Nemesis","floor":40,"turns":3},{"damage":0,"enemies":"Reptomancer","floor":44,"turns":2},{"damage":27,"enemies":"Writhing Mass","floor":48,"turns":3},{"damage":99,"enemies":"Time Eater","floor":50,"turns":7}],"seed_played":"5665916207885958560","potions_obtained":[{"floor":2.0,"key":"BloodPotion"},{"floor":7.0,"key":"SkillPotion"},{"floor":10.0,"key":"BloodPotion"},{"floor":16.0,"key":"BloodPotion"},{"floor":21.0,"key":"Regen Potion"},{"floor":28.0,"key":"Dexterity Potion"},{"floor":30.0,"key":"Block Potion"},{"floor":38.0,"key":"GamblersBrew"},{"floor":39.0,"key":"SteroidPotion"}],"is_trial":false,"path_per_floor":["?","?","T","?","M","$","?","?","T"],"character_chosen":"IRONCLAD","items_purchased":["BloodPotion","BloodPotion","Battle Trance","FearPotion","Pommel Strike","SpeedPotion","AttackPotion","Dexterity Potion"],"campfire_rested":2,"item_purchase_floors":[11,11,31,31,46,46,46,46],"current_hp_per_floor":[80,80,80,64,55,55,34,28,28,26,26,26,26,26,50,23,80,69,71,69,51,51,51,51,51,51,51,57,57,50,50,50,20,84,67,76,76,74,82,83,83,83,83,91,91,91,91,72,104,11],"gold":59,"neow_bonus":"THREE_ENEMY_KILL","is_prod":false,"is_daily":false,"chose_seed":false,"campfire_upgraded":8,"win_rate":0,"timestamp":1549249797,"path_taken":["M","M","M","?","M","R","E","M","T","E","$","?","R","$","R","BOSS","M","M","M","M","?","R","M","R","T","R","M","?","?","?","R","BOSS","M","M","?","M","M","E","R","?","T","E","?","$","R","M","R","BOSS"],"build_version":"2019-01-23","purchased_purges":3,"victory":true,"max_hp_per_floor":[80,80,80,80,80,80,80,80,80,80,80,80,80,80,80,80,80,80,80,80,80,80,80,80,80,80,80,80,80,82,82,82,84,84,84,87,87,89,91,103,103,103,103,105,105,105,105,107,107,107],"card_choices":[{"not_picked":["Armaments","Cleave"],"picked":"Perfected Strike","floor":1.0},{"not_picked":["Sword Boomerang","Combust"],"picked":"Perfected Strike","floor":2.0},{"not_picked":["Headbutt","Hemokinesis"],"picked":"Pommel Strike","floor":3.0},{"not_picked":["Rage","Pommel Strike"],"picked":"Perfected Strike","floor":5.0},{"not_picked":["Clash","Cleave","Barricade"],"picked":"SKIP","floor":7.0},{"not_picked":["Anger","Combust"],"picked":"Ghostly Armor","floor":8.0},{"not_picked":["Clothesline","Heavy Blade"],"picked":"Headbutt","floor":10.0},{"not_picked":["Dark Embrace","Bludgeon"],"picked":"Feed","floor":16.0},{"not_picked":["Wild Strike","Cleave"],"picked":"Twin Strike","floor":17.0},{"not_picked":["Ghostly Armor","Thunderclap"],"picked":"Wild Strike","floor":17.0},{"not_picked":["Thunderclap","Anger"],"picked":"Shockwave","floor":17.0},{"not_picked":["Combust","Shrug It Off"],"picked":"Perfected Strike","floor":17.0},{"not_picked":["Sword Boomerang","Thunderclap"],"picked":"Headbutt","floor":18.0},{"not_picked":["Evolve","Clothesline"],"picked":"Seeing Red","floor":19.0},{"not_picked":["Clash","True Grit","Headbutt"],"picked":"SKIP","floor":20.0},{"not_picked":["Shrug It Off","Combust"],"picked":"Perfected Strike","floor":21.0},{"not_picked":["Ghostly Armor","Shrug It Off","Havoc+1"],"picked":"SKIP","floor":24.0},{"not_picked":["Searing Blow","Sentinel+1"],"picked":"Pommel Strike","floor":28.0},{"not_picked":["Bludgeon","Iron Wave","Dropkick"],"picked":"Singing Bowl","floor":30.0},{"not_picked":["Fiend Fire","Bludgeon","Juggernaut"],"picked":"Singing Bowl","floor":33.0},{"not_picked":[],"picked":"Wild Strike+1","floor":35.0},{"not_picked":[],"picked":"Warcry+1","floor":36.0},{"not_picked":["Body Slam"],"picked":"Singing Bowl","floor":38.0},{"not_picked":["Armaments+1"],"picked":"Singing Bowl","floor":39.0},{"not_picked":["Clash+1"],"picked":"Singing Bowl","floor":40},{"not_picked":["Hemokinesis"],"picked":"Singing Bowl","floor":44},{"not_picked":["Iron Wave"],"picked":"Singing Bowl","floor":48}],"player_experience":184309,"relics_obtained":[{"floor":7.0,"key":"Sundial"},{"floor":9.0,"key":"Red Skull"},{"floor":10.0,"key":"Potion Belt"},{"floor":22.0,"key":"FossilizedHelix"},{"floor":26.0,"key":"Du-Vu Doll"},{"floor":40,"key":"Pear"},{"floor":43,"key":"Anchor"},{"floor":44,"key":"Darkstone Periapt"},{"floor":45,"key":"Frozen Egg 2"}],"event_choices":[{"damage_healed":0.0,"max_hp_gain":0.0,"max_hp_loss":0.0,"gold_gain":0.0,"event_name":"Shining Light","player_choice":"Entered Light","floor":4.0,"gold_loss":0.0,"damage_taken":16.0,"cards_upgraded":["Defend_R","Strike_R"]},{"damage_healed":0.0,"max_hp_gain":0.0,"max_hp_loss":0.0,"gold_gain":0.0,"cards_transformed":["Defend_R"],"event_name":"Transmorgrifier","player_choice":"Transformed","floor":12.0,"gold_loss":0.0,"damage_taken":0.0,"cards_obtained":["Havoc"]},{"damage_healed":0.0,"max_hp_gain":0.0,"max_hp_loss":0.0,"gold_gain":0.0,"event_name":"The Mausoleum","player_choice":"Opened","floor":29.0,"gold_loss":0.0,"damage_taken":0.0,"relics_obtained":["Singing Bowl"]},{"damage_healed":0.0,"max_hp_gain":0.0,"max_hp_loss":0.0,"gold_gain":0.0,"event_name":"Tomb of Lord Red Mask","player_choice":"Ignored","floor":37.0,"gold_loss":0.0,"damage_taken":0.0},{"cards_removed":["Ghostly Armor"],"damage_healed":0,"gold_gain":0,"player_choice":"Removed Skill","damage_taken":0,"max_hp_gain":0,"max_hp_loss":0,"event_name":"Falling","floor":42,"gold_loss":0}],"is_beta":false,"boss_relics":[{"not_picked":["Black Star","Calling Bell"],"picked":"Orrery"},{"not_picked":["Astrolabe","Empty Cage"],"picked":"Busted Crown"}],"items_purged_floors":[11,31,46],"is_endless":false,"potions_floor_spawned":[2,7,10,16,21,28,30,38,39,48],"ascension_level":4}