{"gold_per_floor":[112,127,142,152,227,260,260,273,273,301,301,301,332,18,18,116,116,127,127,147,172,189,214,224,258,281,300,300,328,343,369,369,470,470,486,171,181,206,219,246,277,289,301,346,358,388,428,540,552,564,576,588,281,309,309],"floor_reached":55,"playtime":6642,"items_purged":["Parasite"],"score":1323,"play_id":"d7c3bab3-8f07-4711-9944-4c36594a5c61","local_time":"20190203140304","is_ascension_mode":true,"campfire_choices":[{"floor":7,"key":"REST"},{"floor":15,"key":"REST"},{"data":"Defend_G","floor":28,"key":"PURGE"},{"floor":32,"key":"RECALL"},{"data":"Defend_G","floor":42,"key":"PURGE"},{"data":"Defend_G","floor":45,"key":"PURGE"},{"data":"Defend_G","floor":49,"key":"PURGE"},{"data":"Defend_G","floor":52,"key":"PURGE"}],"neow_cost":"NONE","seed_source_timestamp":1237589040723200,"circlet_count":0,"master_deck":["Survivor","Neutralize","Cloak And Dagger","Leg Sweep","Poisoned Stab","PiercingWail","Adrenaline","Bullet Time","Corpse Explosion+1","Apotheosis+1","Well Laid Plans","Deadly Poison+1","Venomology+1","Choke","Bite","Bite","Bite","Bite","Bite","Acrobatics+1","Terror+1","Predator","Catalyst+1","Dodge and Roll+1","Wraith Form v2","A Thousand Cuts","Leg Sweep+1","Outmaneuver+1","Acrobatics+1","Eviscerate+1","Blur+1","Skewer+1","Backflip+1","Dodge and Roll+1"],"relics":["Ring of the Snake","Bag of Preparation","Ornamental Fan","PreservedInsect","Dream Catcher","Toxic Egg 2","Snecko Eye","Potion Belt","Peace Pipe","Orichalcum","Bird Faced Urn","Art of War","Fusion Hammer","Sundial","Omamori","MawBank","Gremlin Horn","Juzu Bracelet","Lantern","Du-Vu Doll","Anchor","Snake Skull"],"potions_floor_usage":[6,13,13,23,23,24,24,27,27,29,33,33,40,40,46,47,48,50,50,50,54,55,55,55,55],"damage_taken":[{"damage":2,"enemies":"2 Louse","floor":1,"turns":2},{"damage":0,"enemies":"Jaw Worm","floor":2,"turns":4},{"damage":0,"enemies":"Small Slimes","floor":3,"turns":3},{"damage":15,"enemies":"Exordium Wildlife","floor":4,"turns":9},{"damage":14,"enemies":"Gremlin Nob","floor":6,"turns":4},{"damage":8,"enemies":"Lots of Slimes","floor":8,"turns":3},{"damage":29,"enemies":"Lagavulin","floor":10,"turns":8},{"damage":0,"enemies":"Gremlin Nob","floor":13,"turns":2},{"damage":0,"enemies":"The Guardian","floor":16,"turns":10},{"damage":0,"enemies":"2 Thieves","floor":18,"turns":2},{"damage":0,"enemies":"Chosen","floor":20,"turns":4},{"damage":0,"enemies":"3 Cultists","floor":22,"turns":2},{"damage":11,"enemies":"Gremlin Leader","floor":23,"turns":4},{"damage":0,"enemies":"Cultist and Chosen","floor":24,"turns":4},{"damage":24,"enemies":"Slavers","floor":25,"turns":3},{"damage":11,"enemies":"Shelled Parasite and Fungi","floor":27,"turns":4},{"damage":0,"enemies":"Gremlin Leader","floor":29,"turns":3},{"damage":0,"enemies":"Snake Plant","floor":30,"turns":3},{"damage":0,"enemies":"Slavers","floor":31,"turns":5},{"damage":0,"enemies":"Automaton","floor":33,"turns":10},{"damage":2,"enemies":"3 Darklings","floor":35,"turns":2},{"damage":0,"enemies":"Orb Walker","floor":37,"turns":4},{"damage":0,"enemies":"3 Darklings","floor":39,"turns":3},{"damage":0,"enemies":"Reptomancer","floor":40,"turns":4},{"damage":0,"enemies":"Jaw Worm Horde","floor":41,"turns":4},{"damage":0,"enemies":"Giant Head","floor":44,"turns":4},{"damage":0,"enemies":"Writhing Mass","floor":46,"turns":4},{"damage":0,"enemies":"Reptomancer","floor":47,"turns":4},{"damage":6,"enemies":"Mind Bloom Boss Battle","floor":48,"turns":5},{"damage":56,"enemies":"Time Eater","floor":50,"turns":10},{"damage":0,"enemies":"Shield and Spear","floor":54,"turns":3},{"damage":69,"enemies":"The Heart","floor":55,"turns":8}],"seed_played":"-7037341117554301857","potions_obtained":[{"floor":3,"key":"FearPotion"},{"floor":6,"key":"EssenceOfSteel"},{"floor":8,"key":"Fire Potion"},{"floor":13,"key":"Strength Potion"},{"floor":16,"key":"SteroidPotion"},{"floor":22,"key":"SkillPotion"},{"floor":23,"key":"AttackPotion"},{"floor":25,"key":"SpeedPotion"},{"floor":29,"key":"Swift Potion"},{"floor":35,"key":"SteroidPotion"},{"floor":46,"key":"Energy Potion"},{"floor":54,"key":"SpeedPotion"}],"is_trial":false,"path_per_floor":["M","M","M","M","?","E","R","M","T","E","?","?","E","$","R","B",null,"M","?","M","T","M","E","M","E","T","M","R","E","M","E","R","B",null,"M","$","M","T","M","E","M","R","T","E","R","M","E","?","R","B",null,"R","$","E","B"],"character_chosen":"THE_SILENT","items_purchased":["Apotheosis+1","Well Laid Plans","Sundial","Outmaneuver+1","Acrobatics+1","Anchor","Backflip+1","Dodge and Roll+1","PowerPotion","Energy Potion"],"campfire_rested":2,"item_purchase_floors":[14,14,36,36,36,53,53,53,53,53],"current_hp_per_floor":[68,68,68,53,42,28,49,41,41,12,12,29,29,29,49,49,67,67,46,46,46,46,38,46,28,28,32,32,40,46,46,46,46,46,46,46,46,46,46,46,46,46,46,46,46,46,46,46,46,14,46,46,46,46,0],"gold":309,"neow_bonus":"RANDOM_COMMON_RELIC","is_prod":false,"is_daily":false,"chose_seed":false,"campfire_upgraded":0,"win_rate":0,"timestamp":1549220584,"path_taken":["M","M","M","M","?","E","R","M","T","E","?","?","E","$","R","BOSS","M","?","M","?","M","E","M","E","T","M","R","E","M","E","R","BOSS","M","$","?","?","M","E","M","R","T","E","R","M","E","?","R","BOSS","R","$","E","BOSS"],"build_version":"2019-01-23","purchased_purges":1,"victory":false,"max_hp_per_floor":[70,70,70,70,70,70,70,70,70,70,70,70,70,67,67,67,67,67,46,46,46,46,46,46,46,46,46,46,46,46,46,46,46,46,46,46,46,46,46,46,46,46,46,46,46,46,46,46,46,46,46,46,46,46,46],"card_choices":[{"not_picked":["Dagger Throw","Crippling Poison"],"picked":"Cloak And Dagger","floor":1},{"not_picked":["Expertise","Reflex"],"picked":"Leg Sweep","floor":2},{"not_picked":["Expertise","Reflex"],"picked":"Poisoned Stab","floor":3},{"not_picked":["Blade Dance","Prepared"],"picked":"PiercingWail","floor":4},{"not_picked":["Cloak And Dagger","Dagger Spray"],"picked":"Adrenaline","floor":6},{"not_picked":["Quick Slash","Deflect","Outmaneuver"],"picked":"SKIP","floor":8},{"not_picked":["Underhanded Strike","Poisoned Stab"],"picked":"Bullet Time","floor":10},{"not_picked":["Flying Knee","Dagger Throw"],"picked":"Corpse Explosion","floor":13},{"not_picked":["Infinite Blades","Reflex+1"],"picked":"Deadly Poison+1","floor":15},{"not_picked":["Glass Knife","A Thousand Cuts"],"picked":"Venomology+1","floor":16},{"not_picked":["Outmaneuver+1","Well Laid Plans"],"picked":"Choke","floor":18},{"not_picked":["Dagger Throw","Backstab+1"],"picked":"Acrobatics+1","floor":20},{"not_picked":["PiercingWail+1","Endless Agony+1","Escape Plan+1"],"picked":"SKIP","floor":22},{"not_picked":["Reflex+1","Calculated Gamble+1"],"picked":"Terror+1","floor":23},{"not_picked":["Acrobatics+1","Flying Knee"],"picked":"Predator","floor":24},{"not_picked":["Caltrops","Sucker Punch"],"picked":"Catalyst+1","floor":25},{"not_picked":["Predator+1","Prepared+1","Dagger Spray"],"picked":"SKIP","floor":27},{"not_picked":["Cloak And Dagger+1","Blade Dance+1"],"picked":"Dodge and Roll+1","floor":29},{"not_picked":["Masterful Stab","Quick Slash+1"],"picked":"Wraith Form v2","floor":30},{"not_picked":["PiercingWail+1","Poisoned Stab","Accuracy"],"picked":"SKIP","floor":31},{"not_picked":["Die Die Die","Glass Knife"],"picked":"A Thousand Cuts","floor":33},{"not_picked":["Cloak And Dagger+1","Quick Slash"],"picked":"Leg Sweep+1","floor":35},{"not_picked":["Quick Slash","Flying Knee+1","Calculated Gamble+1"],"picked":"SKIP","floor":37},{"not_picked":["Blade Dance+1","Backflip+1"],"picked":"Eviscerate+1","floor":39},{"not_picked":["Heel Hook+1","Poisoned Stab","Accuracy"],"picked":"SKIP","floor":40},{"not_picked":["Blade Dance+1","Slice","Dodge and Roll+1"],"picked":"SKIP","floor":41},{"not_picked":["Blur+1","Distraction+1","All Out Attack"],"picked":"SKIP","floor":44},{"not_picked":["Distraction+1","All Out Attack"],"picked":"Blur+1","floor":44},{"not_picked":["Concentrate+1","Distraction+1","Backflip+1"],"picked":"SKIP","floor":46},{"not_picked":["Sucker Punch","Grand Finale","Dodge and Roll+1"],"picked":"SKIP","floor":47},{"not_picked":["Slice+1","Dodge and Roll+1"],"picked":"Skewer+1","floor":48},{"not_picked":["Distraction+1","Eviscerate+1","Heel Hook+1"],"picked":"SKIP","floor":54}],"player_experience":131543,"relics_obtained":[{"floor":6,"key":"Ornamental Fan"},{"floor":9,"key":"PreservedInsect"},{"floor":10,"key":"Dream Catcher"},{"floor":13,"key":"Toxic Egg 2"},{"floor":21,"key":"Potion Belt"},{"floor":23,"key":"Peace Pipe"},{"floor":25,"key":"Orichalcum"},{"floor":29,"key":"Bird Faced Urn"},{"floor":31,"key":"Art of War"},{"floor":38,"key":"Omamori"},{"floor":40,"key":"MawBank"},{"floor":43,"key":"Gremlin Horn"},{"floor":44,"key":"Juzu Bracelet"},{"floor":47,"key":"Lantern"},{"floor":48,"key":"Du-Vu Doll"},{"floor":54,"key":"Snake Skull"}],"event_choices":[{"damage_healed":0,"gold_gain":75,"player_choice":"Gather Gold","damage_taken":11,"max_hp_gain":0,"max_hp_loss":0,"event_name":"World of Goop","floor":5,"gold_loss":0},{"damage_healed":0,"gold_gain":0,"player_choice":"Ignored","damage_taken":0,"max_hp_gain":0,"max_hp_loss":0,"event_name":"Shining Light","floor":11,"gold_loss":0},{"damage_healed":17,"gold_gain":0,"player_choice":"Healed and dodged fight","damage_taken":0,"max_hp_gain":0,"max_hp_loss":0,"event_name":"Mushrooms","floor":12,"gold_loss":0,"cards_obtained":["Parasite"]},{"damage_healed":0,"gold_gain":0,"player_choice":"Became a vampire","damage_taken":0,"max_hp_gain":0,"max_hp_loss":21,"event_name":"Vampires","floor":19,"gold_loss":0,"cards_obtained":["Bite","Bite","Bite","Bite","Bite"]},{"damage_healed":0,"gold_gain":0,"player_choice":"Fight","damage_taken":0,"max_hp_gain":0,"max_hp_loss":0,"event_name":"MindBloom","floor":48,"gold_loss":0}],"is_beta":false,"boss_relics":[{"not_picked":["Black Star","Velvet Choker"],"picked":"Snecko Eye"},{"not_picked":["Cursed Key","Pandora\u0027s Box"],"picked":"Fusion Hammer"}],"items_purged_floors":[14],"is_endless":false,"potions_floor_spawned":[3,6,8,13,16,22,23,25,29,35,39,44,46,54],"killed_by":"The Heart","ascension_level":3}