{"gold_per_floor":[109,109,11,25,38,38,49,49,49,49,49,49,83,97,97,193,193,211,211,227,326,338,338],"floor_reached":23,"playtime":710,"items_purged":["Defend_G"],"score":191,"play_id":"ed901321-d174-4642-b624-4f8e9ce1e455","local_time":"20181216212328","is_ascension_mode":false,"campfire_choices":[{"data":"Prepared","floor":6,"key":"SMITH"},{"data":"A Thousand Cuts","floor":8,"key":"SMITH"},{"data":"Trip","floor":10,"key":"SMITH"},{"data":"Choke","floor":12,"key":"SMITH"},{"data":"Caltrops","floor":15,"key":"SMITH"}],"neow_cost":"NONE","seed_source_timestamp":21491561801769,"circlet_count":0,"master_deck":["Defend_G","Defend_G","Defend_G","Defend_G","Strike_G","Strike_G","Strike_G","Strike_G","Strike_G","Survivor","Neutralize","Finesse","Choke+1","Trip+1","Backflip","Prepared+1","Slice","A Thousand Cuts+1","Caltrops+1","Caltrops","Deflect"],"relics":["Ring of the Snake","Juzu Bracelet","Bottled Lightning","Singing Bowl","WristBlade"],"potions_floor_usage":[20,22,23],"damage_taken":[{"damage":0,"enemies":"Cultist","floor":1,"turns":5},{"damage":0,"enemies":"2 Louse","floor":4,"turns":2},{"damage":0,"enemies":"Small Slimes","floor":5,"turns":2},{"damage":0,"enemies":"Blue Slaver","floor":7,"turns":3},{"damage":9,"enemies":"3 Sentries","floor":13,"turns":4},{"damage":0,"enemies":"2 Fungi Beasts","floor":14,"turns":2},{"damage":34,"enemies":"The Guardian","floor":16,"turns":11},{"damage":13,"enemies":"3 Byrds","floor":18,"turns":4},{"damage":13,"enemies":"Shell Parasite","floor":20,"turns":6},{"damage":21,"enemies":"Centurion and Healer","floor":22,"turns":6},{"damage":31,"enemies":"Gremlin Leader","floor":23,"turns":6}],"seed_played":"6051349153340765694","potions_obtained":[{"floor":1,"key":"LiquidBronze"},{"floor":14,"key":"Block Potion"},{"floor":22,"key":"SteroidPotion"}],"is_trial":false,"path_per_floor":["M","?","$","M","M","R","M","R","T","R","T","R","E","M","R","B",null,"M","?","M","?","M","E"],"character_chosen":"THE_SILENT","items_purchased":["Backflip"],"campfire_rested":0,"item_purchase_floors":[3],"current_hp_per_floor":[70,70,70,70,70,70,70,70,70,70,70,70,63,63,63,31,74,61,61,50,50,29,0],"gold":338,"neow_bonus":"RANDOM_COLORLESS","is_prod":false,"is_daily":false,"chose_seed":false,"campfire_upgraded":5,"win_rate":0,"timestamp":1544995408,"path_taken":["M","?","$","?","M","R","M","R","T","R","?","R","E","M","R","BOSS","M","?","M","?","M","E"],"build_version":"2018-12-13","purchased_purges":1,"victory":false,"max_hp_per_floor":[70,70,70,70,70,70,70,70,70,70,70,70,72,72,72,74,74,74,74,76,76,76,76],"card_choices":[{"not_picked":["Deadly Poison","Prepared"],"picked":"Choke","floor":1},{"not_picked":["Quick Slash","Acrobatics"],"picked":"Prepared","floor":4},{"not_picked":["Endless Agony","Choke"],"picked":"Slice","floor":5},{"not_picked":["Calculated Gamble","Sucker Punch"],"picked":"A Thousand Cuts","floor":7},{"not_picked":["Sucker Punch","Dash","Deadly Poison"],"picked":"Singing Bowl","floor":13},{"not_picked":["Deadly Poison","Dodge and Roll"],"picked":"Caltrops","floor":14},{"not_picked":["Storm of Steel","Night Terror","A Thousand Cuts"],"picked":"Singing Bowl","floor":16},{"not_picked":["Riddle With Holes","Predator+1"],"picked":"Caltrops","floor":18},{"not_picked":["Terror","Expertise","Concentrate+1"],"picked":"Singing Bowl","floor":20},{"not_picked":["Blade Dance+1","Noxious Fumes"],"picked":"Deflect","floor":22}],"player_experience":279899,"relics_obtained":[{"floor":9,"key":"Juzu Bracelet"},{"floor":11,"key":"Bottled Lightning"},{"floor":13,"key":"Singing Bowl"}],"event_choices":[{"damage_healed":0,"gold_gain":0,"player_choice":"1 cards matched","damage_taken":0,"max_hp_gain":0,"max_hp_loss":0,"event_name":"Match and Keep!","floor":2,"gold_loss":0,"cards_obtained":["Trip"]},{"damage_healed":0,"gold_gain":0,"player_choice":"Ignored","damage_taken":0,"max_hp_gain":0,"max_hp_loss":0,"event_name":"Ghosts","floor":19,"gold_loss":0},{"damage_healed":0,"gold_gain":99,"player_choice":"Stole From Cult","damage_taken":0,"max_hp_gain":0,"max_hp_loss":0,"event_name":"Nest","floor":21,"gold_loss":0}],"is_beta":false,"boss_relics":[{"not_picked":["Calling Bell","Tiny House"],"picked":"WristBlade"}],"items_purged_floors":[3],"is_endless":false,"potions_floor_spawned":[1,14,22],"killed_by":"Gremlin Leader","ascension_level":0}