{"gold_per_floor":[118,118,118,118,133,133,167,167,167,31,31,48,63,82,82,159,159,143,158,158,7,207,207,226,239,239,239,251,251,67,94,106,118],"floor_reached":33,"playtime":952,"items_purged":["Strike_R","Strike_R"],"score":451,"play_id":"fc9a8bcf-0e1e-4b1b-8833-a93136ae5ca8","local_time":"20181221213825","is_ascension_mode":true,"campfire_choices":[{"data":"Iron Wave","floor":6,"key":"SMITH"},{"data":"Immolate","floor":8,"key":"SMITH"},{"data":"Uppercut","floor":11,"key":"SMITH"},{"data":"True Grit","floor":15,"key":"SMITH"},{"data":"Battle Trance","floor":23,"key":"SMITH"},{"data":"Body Slam","floor":27,"key":"SMITH"},{"data":"Body Slam","floor":29,"key":"SMITH"},{"data":"Barricade","floor":32,"key":"SMITH"}],"neow_cost":"TEN_PERCENT_HP_LOSS","seed_source_timestamp":7986318244068,"circlet_count":0,"master_deck":["AscendersBane","Strike_R","Strike_R","Defend_R","Defend_R+1","Defend_R+1","Defend_R","Bash","Shrug It Off","Iron Wave+1","Battle Trance+1","Iron Wave+1","Immolate+1","Uppercut+1","Madness","Burning Pact","Thunderclap","Evolve","True Grit+1","Barricade+1","Sentinel","Shrug It Off","Body Slam+1","Body Slam+1","Dark Shackles"],"relics":["Burning Blood","Prayer Wheel","Question Card","Meat on the Bone","Velvet Choker","Shuriken","MawBank"],"potions_floor_usage":[18,18,28,31,33],"damage_taken":[{"damage":8,"enemies":"2 Louse","floor":1,"turns":4},{"damage":0,"enemies":"Jaw Worm","floor":5,"turns":3},{"damage":5,"enemies":"3 Sentries","floor":7,"turns":12},{"damage":0,"enemies":"Small Slimes","floor":12,"turns":1},{"damage":5,"enemies":"Gremlin Gang","floor":13,"turns":2},{"damage":8,"enemies":"3 Louse","floor":14,"turns":4},{"damage":11,"enemies":"Hexaghost","floor":16,"turns":11},{"damage":0,"enemies":"2 Thieves","floor":18,"turns":4},{"damage":0,"enemies":"3 Byrds","floor":19,"turns":7},{"damage":8,"enemies":"3 Cultists","floor":24,"turns":4},{"damage":20,"enemies":"Shelled Parasite and Fungi","floor":25,"turns":6},{"damage":19,"enemies":"Snake Plant","floor":28,"turns":5},{"damage":2,"enemies":"Book of Stabbing","floor":31,"turns":6},{"damage":57,"enemies":"Automaton","floor":33,"turns":6}],"seed_played":"339244609335009145","potions_obtained":[{"floor":13,"key":"Block Potion"},{"floor":16,"key":"EntropicBrew"},{"floor":28,"key":"Swift Potion"}],"is_trial":false,"path_per_floor":["M","?","?","?","M","R","E","R","T","$","R","M","M","M","R","B",null,"M","M","?","$","?","R","M","M","T","R","M","R","$","E","R","B"],"character_chosen":"IRONCLAD","items_purchased":["Uppercut","Madness","Sentinel","Dark Shackles"],"campfire_rested":0,"item_purchase_floors":[10,10,21,30],"current_hp_per_floor":[66,66,52,52,58,58,59,59,59,59,59,65,66,64,64,59,66,68,68,68,68,68,68,66,52,52,52,51,51,51,55,55,0],"gold":118,"neow_bonus":"ONE_RARE_RELIC","is_prod":false,"is_daily":false,"chose_seed":false,"campfire_upgraded":8,"win_rate":0,"timestamp":1545428305,"path_taken":["M","?","?","?","M","R","E","R","T","$","R","M","M","?","R","BOSS","M","M","?","$","?","R","M","M","T","R","?","R","$","E","R","BOSS"],"build_version":"2018-12-20","purchased_purges":2,"victory":false,"max_hp_per_floor":[68,68,68,68,68,68,68,68,68,68,68,68,68,68,68,68,68,68,68,68,68,68,68,68,68,68,68,68,68,68,68,68,68],"card_choices":[{"not_picked":["Headbutt","Armaments"],"picked":"Shrug It Off","floor":1},{"not_picked":["True Grit","Pummel"],"picked":"Iron Wave","floor":1},{"not_picked":["Thunderclap","Metallicize"],"picked":"Iron Wave","floor":5},{"not_picked":["True Grit","Havoc","Armaments"],"picked":"SKIP","floor":5},{"not_picked":["Twin Strike","Pummel"],"picked":"Immolate","floor":7},{"not_picked":["Dropkick","Corruption","Iron Wave"],"picked":"Burning Pact","floor":12},{"not_picked":["Cleave","Flex","Power Through"],"picked":"Thunderclap","floor":12},{"not_picked":["Pommel Strike","Iron Wave","Berserk"],"picked":"Evolve","floor":13},{"not_picked":["Pummel","Pommel Strike","True Grit","Corruption"],"picked":"SKIP","floor":13},{"not_picked":["Whirlwind","Bloodletting","Ghostly Armor"],"picked":"True Grit","floor":14},{"not_picked":["Searing Blow","Twin Strike","Clash","Flex"],"picked":"SKIP","floor":14},{"not_picked":["Berserk","Limit Break","Reaper"],"picked":"Barricade","floor":16},{"not_picked":["True Grit","Armaments","Iron Wave","Spot Weakness"],"picked":"SKIP","floor":18},{"not_picked":["Cleave","True Grit","Heavy Blade","Power Through"],"picked":"SKIP","floor":18},{"not_picked":["Sword Boomerang","Seeing Red","Headbutt","Perfected Strike+1"],"picked":"SKIP","floor":19},{"not_picked":["Rampage","Anger","Evolve","Sword Boomerang"],"picked":"SKIP","floor":19},{"not_picked":["Flex","Clash","Twin Strike"],"picked":"Shrug It Off","floor":24},{"not_picked":["Iron Wave","Fire Breathing","Armaments","Carnage"],"picked":"SKIP","floor":24},{"not_picked":["Power Through","Combust","Warcry"],"picked":"Body Slam","floor":25},{"not_picked":["Brutality","Cleave+1","Thunderclap","Clash"],"picked":"SKIP","floor":25},{"not_picked":["Barricade","Anger","Clothesline"],"picked":"Body Slam","floor":28},{"not_picked":["Uppercut","Intimidate","Whirlwind","Havoc"],"picked":"SKIP","floor":28},{"not_picked":["Shrug It Off","Clothesline","Rupture","Cleave"],"picked":"SKIP","floor":31}],"player_experience":289429,"relics_obtained":[{"floor":7,"key":"Question Card"},{"floor":9,"key":"Meat on the Bone"},{"floor":26,"key":"Shuriken"},{"floor":31,"key":"MawBank"}],"event_choices":[{"damage_healed":0,"gold_gain":0,"player_choice":"Grow","damage_taken":0,"max_hp_gain":0,"max_hp_loss":0,"event_name":"Living Wall","floor":2,"gold_loss":0,"cards_upgraded":["Iron Wave"]},{"damage_healed":0,"gold_gain":0,"player_choice":"Entered Light","damage_taken":14,"max_hp_gain":0,"max_hp_loss":0,"event_name":"Shining Light","floor":3,"gold_loss":0,"cards_upgraded":["Defend_R","Defend_R"]},{"damage_healed":0,"gold_gain":0,"cards_transformed":["Strike_R"],"player_choice":"Transformed","damage_taken":0,"max_hp_gain":0,"max_hp_loss":0,"event_name":"Transmorgrifier","floor":4,"gold_loss":0,"cards_obtained":["Battle Trance"]},{"damage_healed":0,"gold_gain":0,"player_choice":"Ignored","damage_taken":0,"max_hp_gain":0,"max_hp_loss":0,"event_name":"Ghosts","floor":20,"gold_loss":0},{"damage_healed":0,"gold_gain":200,"player_choice":"Gold","damage_taken":0,"max_hp_gain":0,"max_hp_loss":0,"event_name":"Wheel of Change","floor":22,"gold_loss":0}],"is_beta":false,"boss_relics":[{"not_picked":["Philosopher\u0027s Stone","Fusion Hammer"],"picked":"Velvet Choker"}],"items_purged_floors":[21,30],"is_endless":false,"potions_floor_spawned":[13,16,25,28],"killed_by":"Automaton","ascension_level":14}