{"gold_per_floor":[112,112,125,47,58,90,90,110,135,162,162,87,121,134,134,134],"floor_reached":16,"playtime":599,"items_purged":["Strike_R"],"score":162,"play_id":"137ccb2a-f83e-4b6e-9652-abc79f16297e","local_time":"20180826223151","is_ascension_mode":true,"campfire_choices":[{"floor":7,"key":"REST"},{"data":"Flame Barrier","floor":11,"key":"SMITH"},{"data":"True Grit","floor":15,"key":"SMITH"}],"neow_cost":"NONE","seed_source_timestamp":421102143358771,"circlet_count":0,"master_deck":["Strike_R","Strike_R","Strike_R","Defend_R","Defend_R","Defend_R","Defend_R","Bash","Sword Boomerang","Iron Wave","Shockwave","Perfected Strike","True Grit+1","Immolate","Flame Barrier+1","Iron Wave","Iron Wave"],"relics":["Burning Blood","Bronze Scales","Strawberry","Art of War","Red Skull","Darkstone Periapt"],"potions_floor_usage":[16],"damage_taken":[{"damage":5,"enemies":"Small Slimes","floor":1,"turns":3},{"damage":2,"enemies":"2 Louse","floor":3,"turns":3},{"damage":0,"enemies":"Cultist","floor":5,"turns":3},{"damage":46,"enemies":"Lagavulin","floor":6,"turns":6},{"damage":14,"enemies":"Red Slaver","floor":8,"turns":4},{"damage":13,"enemies":"3 Sentries","floor":10,"turns":4},{"damage":24,"enemies":"Gremlin Nob","floor":13,"turns":4},{"damage":5,"enemies":"Gremlin Gang","floor":14,"turns":2},{"damage":37,"enemies":"The Guardian","floor":16,"turns":8}],"seed_played":"4294604464870437021","potions_obtained":[{"floor":8,"key":"SneckoOil"},{"floor":14,"key":"EssenceOfSteel"}],"is_trial":false,"path_per_floor":["M","?","M","$","M","E","R","M","T","E","R","$","E","M","R"],"character_chosen":"IRONCLAD","items_purchased":["Shockwave"],"campfire_rested":1,"item_purchase_floors":[4],"current_hp_per_floor":[73,66,70,70,76,43,69,61,61,54,54,54,36,37,37,0],"gold":134,"neow_bonus":"RANDOM_COMMON_RELIC","is_prod":false,"is_daily":false,"chose_seed":false,"campfire_upgraded":2,"win_rate":0,"timestamp":1535340711,"path_taken":["M","?","M","$","M","E","R","?","T","E","R","?","E","?","R","BOSS"],"build_version":"2018-08-23v2","purchased_purges":1,"victory":false,"max_hp_per_floor":[80,80,80,80,80,87,87,87,87,87,87,87,87,87,87,87],"card_choices":[{"not_picked":["Twin Strike","Intimidate"],"picked":"Sword Boomerang","floor":1},{"not_picked":["Armaments","Pommel Strike"],"picked":"Iron Wave","floor":3},{"not_picked":["Anger","Hemokinesis"],"picked":"Perfected Strike","floor":5},{"not_picked":["Havoc","Disarm"],"picked":"True Grit","floor":6},{"not_picked":["Armaments","True Grit"],"picked":"Immolate","floor":8},{"not_picked":["Dual Wield","Dark Embrace"],"picked":"Flame Barrier","floor":10},{"not_picked":["Sword Boomerang","Burning Pact"],"picked":"Iron Wave","floor":13},{"not_picked":["Infernal Blade","Perfected Strike"],"picked":"Iron Wave","floor":14}],"player_experience":255208,"relics_obtained":[{"floor":6,"key":"Strawberry"},{"floor":9,"key":"Art of War"},{"floor":10,"key":"Red Skull"},{"floor":13,"key":"Darkstone Periapt"}],"event_choices":[{"event_name":"Golden Wing","player_choice":"Card Removal","floor":2,"damage_taken":0}],"is_beta":false,"boss_relics":[],"items_purged_floors":[12],"is_endless":false,"potions_floor_spawned":[8,14],"killed_by":"The Guardian","ascension_level":7}