{"gold_per_floor":[114,131,131,147,147,147,167,192,216,216,232,232,251,266,266,266],"floor_reached":16,"playtime":788,"items_purged":[],"score":198,"play_id":"af530b42-7952-43a4-9572-dae554945278","local_time":"20190121114914","is_ascension_mode":true,"campfire_choices":[{"floor":6,"key":"REST"},{"data":"Shrug It Off","floor":10,"key":"SMITH"},{"data":"Impervious","floor":12,"key":"SMITH"},{"data":"True Grit","floor":15,"key":"SMITH"}],"neow_cost":"PERCENT_DAMAGE","seed_source_timestamp":929608456449842,"circlet_count":0,"master_deck":["AscendersBane","Strike_R+1","Strike_R","Strike_R","Strike_R","Strike_R","Defend_R","Defend_R","Defend_R","Defend_R","Bash+1","Carnage+1","Shrug It Off+1","Impervious+1","True Grit+1"],"relics":["Burning Blood","Smiling Mask","Boot"],"potions_floor_usage":[7,8],"damage_taken":[{"damage":16,"enemies":"Jaw Worm","floor":1,"turns":5},{"damage":1,"enemies":"Small Slimes","floor":2,"turns":3},{"damage":0,"enemies":"Cultist","floor":4,"turns":3},{"damage":1,"enemies":"Lots of Slimes","floor":7,"turns":6},{"damage":24,"enemies":"3 Sentries","floor":8,"turns":9},{"damage":6,"enemies":"Looter","floor":11,"turns":2},{"damage":16,"enemies":"Exordium Thugs","floor":13,"turns":5},{"damage":0,"enemies":"2 Fungi Beasts","floor":14,"turns":3},{"damage":51,"enemies":"Slime Boss","floor":16,"turns":7}],"seed_played":"-7425207014545093627","potions_obtained":[{"floor":1,"key":"Fire Potion"},{"floor":2,"key":"SpeedPotion"},{"floor":4,"key":"Block Potion"}],"is_trial":false,"path_per_floor":["M","M","?","M","?","R","M","E","T","R","M","R","M","M","R","B"],"character_chosen":"IRONCLAD","items_purchased":[],"campfire_rested":1,"item_purchase_floors":[],"current_hp_per_floor":[54,59,32,38,38,64,69,51,51,51,51,51,41,47,47,0],"gold":266,"neow_bonus":"TWENTY_PERCENT_HP_BONUS","is_prod":false,"is_daily":false,"chose_seed":false,"campfire_upgraded":3,"win_rate":0,"timestamp":1548100154,"path_taken":["M","M","?","M","?","R","?","E","T","R","M","R","M","?","R","BOSS"],"build_version":"2019-01-17v2","purchased_purges":0,"victory":false,"max_hp_per_floor":[89,89,89,89,89,89,89,89,89,89,89,89,89,89,89,89],"card_choices":[{"not_picked":["Iron Wave","Headbutt"],"picked":"Carnage","floor":1},{"not_picked":["Pommel Strike","Armaments","Wild Strike"],"picked":"SKIP","floor":2},{"not_picked":["Warcry","Sword Boomerang"],"picked":"Shrug It Off","floor":4},{"not_picked":["Anger","Armaments"],"picked":"Impervious","floor":7},{"not_picked":["Corruption","Rupture","True Grit"],"picked":"SKIP","floor":8},{"not_picked":["Twin Strike","Hemokinesis","Havoc"],"picked":"SKIP","floor":11},{"not_picked":["Pommel Strike","Berserk","Thunderclap"],"picked":"SKIP","floor":13},{"not_picked":["Warcry","Dropkick"],"picked":"True Grit","floor":14}],"player_experience":446167,"relics_obtained":[{"floor":8,"key":"Smiling Mask"},{"floor":9,"key":"Boot"}],"event_choices":[{"damage_healed":0,"gold_gain":0,"player_choice":"Entered Light","damage_taken":27,"max_hp_gain":0,"max_hp_loss":0,"event_name":"Shining Light","floor":3,"gold_loss":0,"cards_upgraded":["Bash","Strike_R"]},{"damage_healed":0,"gold_gain":0,"player_choice":"Upgraded","damage_taken":0,"max_hp_gain":0,"max_hp_loss":0,"event_name":"Upgrade Shrine","floor":5,"gold_loss":0,"cards_upgraded":["Carnage"]}],"is_beta":false,"boss_relics":[],"items_purged_floors":[],"is_endless":false,"potions_floor_spawned":[1,2,4],"killed_by":"Slime Boss","ascension_level":18}