{"gold_per_floor":[113,124,135,210,228,228,254,254,254,282,282,42,71,126,126,222,222,234,247,69,86,86,86,86],"floor_reached":24,"playtime":2629,"items_purged":["Anger"],"score":235,"play_id":"ce8d7b6e-68c3-4078-b763-b4ea6b089c17","local_time":"20180811002046","is_ascension_mode":true,"campfire_choices":[{"data":"Hemokinesis","floor":6,"key":"SMITH"},{"data":"Shrug It Off","floor":8,"key":"SMITH"},{"floor":15,"key":"REST"},{"floor":23,"key":"REST"}],"neow_cost":"","seed_source_timestamp":433830353708487,"circlet_count":0,"master_deck":["Strike_R","Strike_R","Strike_R+1","Strike_R","Strike_R","Defend_R","Defend_R","Defend_R","Defend_R","Bash","Sever Soul+1","Shrug It Off+1","Perfected Strike","Hemokinesis+1","Dark Embrace","Secret Weapon","Perfected Strike","Shrug It Off","Clothesline","Barricade+1","Perfected Strike","Burning Pact+1","Intimidate","Corruption+1","Shrug It Off+1"],"relics":["Burning Blood","Lantern","Question Card","Magic Flower","Frozen Egg 2","Omamori","Velvet Choker","FaceOfCleric"],"potions_floor_usage":[13,13,14,16,21,24],"damage_taken":[{"damage":9,"enemies":"Cultist","floor":1,"turns":5},{"damage":6,"enemies":"2 Louse","floor":2,"turns":2},{"damage":7,"enemies":"Jaw Worm","floor":3,"turns":3},{"damage":7,"enemies":"Exordium Wildlife","floor":5,"turns":4},{"damage":8,"enemies":"Gremlin Nob","floor":7,"turns":3},{"damage":17,"enemies":"3 Sentries","floor":10,"turns":7},{"damage":4,"enemies":"Gremlin Nob","floor":13,"turns":3},{"damage":17,"enemies":"Lagavulin Event","floor":14,"turns":6},{"damage":52,"enemies":"Slime Boss","floor":16,"turns":11},{"damage":11,"enemies":"Shell Parasite","floor":18,"turns":2},{"damage":8,"enemies":"Chosen","floor":19,"turns":4},{"damage":53,"enemies":"Sentry and Sphere","floor":21,"turns":6},{"damage":61,"enemies":"Book of Stabbing","floor":24,"turns":6}],"seed_played":"7349498566769463637","potions_obtained":[{"floor":1,"key":"SpeedPotion"},{"floor":3,"key":"Block Potion"},{"floor":7,"key":"BloodPotion"},{"floor":14,"key":"Ancient Potion"},{"floor":16,"key":"PowerPotion"},{"floor":21,"key":"SpeedPotion"}],"is_trial":false,"path_per_floor":["M","M","M","?","M","R","E","R","T","E","?","$","E","?","R","B",null,"M","M","$","M","?","R"],"character_chosen":"IRONCLAD","items_purchased":["Secret Weapon","Perfected Strike","Intimidate","Corruption+1"],"campfire_rested":2,"item_purchase_floors":[12,12,20,20],"current_hp_per_floor":[77,77,76,65,64,64,62,62,62,51,35,35,52,44,68,25,80,78,79,79,35,35,59,0],"gold":86,"neow_bonus":"","is_prod":false,"is_daily":false,"chose_seed":false,"campfire_upgraded":2,"win_rate":0,"timestamp":1533964846,"path_taken":["M","M","?","?","M","R","E","R","T","E","?","?","E","?","R","BOSS","M","M","$","M","?","R","E"],"build_version":"2018-08-09","purchased_purges":1,"victory":false,"max_hp_per_floor":[80,80,80,80,80,80,80,80,80,80,80,80,80,80,80,80,80,80,80,80,80,80,80,80],"card_choices":[{"not_picked":["Disarm","Wild Strike"],"picked":"Sever Soul","floor":1},{"not_picked":["True Grit","Wild Strike"],"picked":"Shrug It Off","floor":2},{"not_picked":["Clothesline","Cleave"],"picked":"Perfected Strike","floor":3},{"not_picked":["Thunderclap","Wild Strike"],"picked":"Hemokinesis","floor":5},{"not_picked":["Brutality","Combust"],"picked":"Dark Embrace","floor":7},{"not_picked":["Entrench","Evolve","Corruption"],"picked":"Anger","floor":10},{"not_picked":["Wild Strike","Rupture","Combust"],"picked":"Shrug It Off","floor":13},{"not_picked":["Sword Boomerang","Seeing Red","Flex"],"picked":"Clothesline","floor":14},{"not_picked":["Berserk+1","Juggernaut+1","Immolate"],"picked":"Barricade+1","floor":16},{"not_picked":["Heavy Blade+1","Headbutt+1","Anger+1"],"picked":"Perfected Strike","floor":18},{"not_picked":["Battle Trance+1","Thunderclap","True Grit"],"picked":"Burning Pact+1","floor":19},{"not_picked":["Flex","Iron Wave","Sword Boomerang+1"],"picked":"Shrug It Off+1","floor":21}],"player_experience":73195,"relics_obtained":[{"floor":7,"key":"Lantern"},{"floor":9,"key":"Question Card"},{"floor":10,"key":"Magic Flower"},{"floor":13,"key":"Frozen Egg 2"},{"floor":14,"key":"Omamori"}],"event_choices":[{"event_name":"World of Goop","player_choice":"Gather Gold","floor":4,"damage_taken":0},{"event_name":"Shining Light","player_choice":"Entered Light","floor":11,"damage_taken":0},{"event_name":"Dead Adventurer","player_choice":"Searched \u00272\u0027 times","floor":14,"damage_taken":0},{"event_name":"FaceTrader","player_choice":"Trade","floor":22,"damage_taken":0}],"is_beta":false,"boss_relics":[{"not_picked":["Lizard Tail","Black Blood"],"picked":"Velvet Choker"}],"items_purged_floors":[20],"is_endless":false,"potions_floor_spawned":[1,3,7,14,16,21],"killed_by":"Book of Stabbing","ascension_level":2}