{"gold_per_floor":[114,114,37,53,70,129,304,315,315,315,315,331,331,372,372,498,498,523,273,286,309,0,0],"floor_reached":23,"playtime":763,"items_purged":["Doubt"],"score":211,"play_id":"c9bbc6f2-15f7-4689-9ce8-78e8021e572a","local_time":"20181129173205","is_ascension_mode":true,"campfire_choices":[{"floor":11,"key":"REST"},{"floor":13,"key":"REST"},{"data":"Noxious Fumes","floor":15,"key":"SMITH"}],"neow_cost":"NONE","seed_source_timestamp":440549997400491,"circlet_count":0,"master_deck":["Defend_G","Defend_G","Defend_G","Defend_G","Defend_G","Strike_G","Strike_G","Strike_G","Strike_G","Strike_G","Survivor","Neutralize","Quick Slash","Leg Sweep","Sucker Punch","Slice","Slice","Noxious Fumes+1","Envenom","Infinite Blades","Madness","Cloak And Dagger","Backflip"],"relics":["Ring of the Snake","Vajra","Tiny Chest","Question Card","Golden Idol","Ornamental Fan","WristBlade"],"potions_floor_usage":[6,14,23],"damage_taken":[{"damage":1,"enemies":"Cultist","floor":1,"turns":4},{"damage":0,"enemies":"Small Slimes","floor":4,"turns":3},{"damage":0,"enemies":"2 Louse","floor":5,"turns":3},{"damage":33,"enemies":"3 Sentries","floor":6,"turns":10},{"damage":0,"enemies":"Exordium Wildlife","floor":8,"turns":3},{"damage":0,"enemies":"2 Fungi Beasts","floor":12,"turns":5},{"damage":17,"enemies":"Lagavulin","floor":14,"turns":8},{"damage":41,"enemies":"The Guardian","floor":16,"turns":15},{"damage":13,"enemies":"2 Thieves","floor":18,"turns":5},{"damage":0,"enemies":"Shell Parasite","floor":20,"turns":6},{"damage":26,"enemies":"Snecko","floor":21,"turns":6},{"damage":38,"enemies":"Gremlin Leader","floor":23,"turns":6}],"seed_played":"5723254876642970562","potions_obtained":[{"floor":4,"key":"Dexterity Potion"},{"floor":12,"key":"Explosive Potion"},{"floor":16,"key":"Swift Potion"},{"floor":21,"key":"FearPotion"}],"is_trial":false,"path_per_floor":["M","?","$","M","M","E","?","M","T","?","R","M","R","E","R","B",null,"M","$","M","M","?","E"],"character_chosen":"THE_SILENT","items_purchased":["Leg Sweep","Infinite Blades","Madness"],"campfire_rested":2,"item_purchase_floors":[3,19,19],"current_hp_per_floor":[69,74,74,74,74,41,41,41,41,23,45,45,67,50,50,9,75,62,62,62,36,36,0],"gold":0,"neow_bonus":"RANDOM_COMMON_RELIC","is_prod":false,"is_daily":false,"chose_seed":false,"campfire_upgraded":1,"win_rate":0,"timestamp":1543534325,"path_taken":["M","?","$","M","M","E","?","M","T","?","R","M","R","E","R","BOSS","M","$","M","M","?","E"],"build_version":"2018-11-15","purchased_purges":1,"victory":false,"max_hp_per_floor":[70,75,75,75,75,75,75,75,75,75,75,75,75,75,75,75,75,75,75,75,75,75,75],"card_choices":[{"not_picked":["Bane","Calculated Gamble"],"picked":"Quick Slash","floor":1},{"not_picked":["Prepared","Masterful Stab"],"picked":"Sucker Punch","floor":4},{"not_picked":["Cloak And Dagger","Underhanded Strike"],"picked":"Slice","floor":5},{"not_picked":["Underhanded Strike","PiercingWail","Dagger Spray"],"picked":"SKIP","floor":6},{"not_picked":["PiercingWail","Blade Dance","Prepared"],"picked":"SKIP","floor":8},{"not_picked":["Sucker Punch","Blur","Bane"],"picked":"Slice","floor":12},{"not_picked":["After Image","Distraction","Endless Agony"],"picked":"Noxious Fumes","floor":14},{"not_picked":["Storm of Steel","Unload","After Image"],"picked":"Envenom","floor":16},{"not_picked":["Dodge and Roll","Deadly Poison","Predator","Poisoned Stab"],"picked":"SKIP","floor":18},{"not_picked":["Distraction","Poisoned Stab","Quick Slash"],"picked":"Cloak And Dagger","floor":20},{"not_picked":["Cloak And Dagger","Heel Hook","Dodge and Roll"],"picked":"Backflip","floor":21}],"player_experience":47093,"relics_obtained":[{"floor":6,"key":"Tiny Chest"},{"floor":9,"key":"Question Card"},{"floor":14,"key":"Ornamental Fan"}],"event_choices":[{"damage_healed":0,"gold_gain":0,"player_choice":"Donut","damage_taken":0,"max_hp_gain":5,"max_hp_loss":0,"event_name":"Big Fish","floor":2,"gold_loss":0},{"damage_healed":0,"gold_gain":175,"player_choice":"AGREE","damage_taken":0,"max_hp_gain":0,"max_hp_loss":0,"event_name":"Liars Game","floor":7,"gold_loss":0,"cards_obtained":["Doubt"]},{"damage_healed":0,"gold_gain":0,"player_choice":"Take Damage","damage_taken":18,"relics_obtained":["Golden Idol"],"max_hp_gain":0,"max_hp_loss":0,"event_name":"Golden Idol","floor":10,"gold_loss":0},{"damage_healed":0,"gold_gain":0,"player_choice":"Paid Fearfully","damage_taken":0,"max_hp_gain":0,"max_hp_loss":0,"event_name":"Masked Bandits","floor":22,"gold_loss":309}],"is_beta":true,"boss_relics":[{"not_picked":["Fusion Hammer","White Beast Statue"],"picked":"WristBlade"}],"items_purged_floors":[19],"is_endless":false,"potions_floor_spawned":[4,12,16,21],"killed_by":"Gremlin Leader","ascension_level":1}